4162 6424
64 317 139 378 081
175 355 178 360 -
708 314 938 384 EPISTOLAE·
960 321 1039 384 LIB.
1063 323 1104 384 ΙΙ.
1669 325 1729 384 682

16 513 18 554 ;
63 491 168 548 rere,
186 475 475 554 licetrospropria
487 476 536 538 sic
550 479 679 552 agatur.
698 479 780 550 Quia
799 494 881 542 vere
934 495 1017 558 quos
1041 479 1198 558 expedire
1223 481 1331 552 videt,
1358 496 1459 558 super
1486 481 1668 560 praemissis
1696 483 1730 543 et

16 647 17 652 ἵ
66 575 167 636 talia
189 590 256 636 uon
275 575 353 636 sunt
374 573 620 652 quomodolibet
639 575 825 650 toleranda,
838 592 879 638 ne
934 573 1728 656 aliisinquiretdiligenteret'solliciteveritatem,

66 672 257 735 transeant
276 671 591 750 praesumptionibus
614 672 650 732 in
671 673 876 750 exemplum3
933 675 1069 752 etquod'
1081 675 1259 745 inveniret,
1274 675 1370 738 nobis
1386 675 1529 738 fideliter
1546 675 1727 740 intimaret.

16 815 18 852 ἑ
68 771 269 840 noverisis,
284 768 314 829 si
328 784 382 831 res
395 768 442 832 ita
454 785 490 830 se
504 766 614 840 babet,
629 769 757 832 tamdiu
770 769 879 833 cilicio
934 773 1084 846 Quicum
1099 773 1323 850 depositiones
1335 774 1470 835 testium
1486 789 1586 851 super
1603 773 1656 835 bis
1668 790 1727 835 re-

16 911 19 952 ,
68 862 311 943 beneficioque
331 880 546 943 suspensum,
577 867 681 928 donec
709 867 822 930 nostro
846 868 879 928 te
933 868 1214 947 ceptorumnobis
1222 871 1283 932 sub
1296 870 1407 948 sigillo
1417 887 1479 934 suo
1490 871 1729 934 transmisisset

17 1011 18 1016 ,
67 961 275 1040 conspectui
285 963 507 1040 personaliter
527 965 764 1041 repraesentes,
779 965 881 1026 satis-
933 965 1081 1030 inclusas
1096 967 1187 1046 ipsas
1205 983 1264 1046 per
1277 968 1473 1045 magistrum
1489 973 1599 1030 (iram.
1616 969 1731 1045 capel-

16 1110 20 1152 ,
68 1058 262 1122 tectionem
288 1060 452 1138 superbis
463 1075 645 1138 congruam
655 1063 878 1140 impensurus.
933 1064 1047 1126 lanum
1061 1067 1230 1139 nostrum,
1251 1065 1390 1128 fecimus
1406 1066 1527 1145 inspici
1541 1066 1729 1143 diligenter,

16 1211 20 1230 ,
120 1158 242 1220 Datum
256 1157 414 1221 Laterani
429 1159 473 1221 IV
485 1157 784 1238 kalendasaprilis,
796 1174 881 1236 pon-
934 1162 990 1240 qui
1005 1161 1177 1240 reperitea
1186 1161 1390 1226 sufficienter
1396 1161 1544 1241 probata,
1557 1163 1731 1240 quaenobis

16 1243 19 1338 ζ
68 1252 228 1317 tifloatus
242 1254 349 1318 nostri
363 1253 632 1319 annosecundo..
934 1259 1085 1336 exposita
1114 1259 1248 1323 inerant
1279 1277 1380 1338 super
1408 1261 1732 1324 incommoditatibus

597 1415 599 1420 .
933 1356 1120 1420 antedictis.
1131 1359 1304 1436 Comperta
1316 1358 1420 1435 igitur
1430 1375 1491 1437 per
1501 1358 1630 1421 fidelem
1642 1358 1733 1420 rela-

16 1511 17 1520 ,
366 1404 596 1494 CLXXVIII
933 1454 1058 1517 tionem
1074 1455 1180 1534 ipsius
1194 1456 1326 1534 plenius
1340 1455 1491 1530 veritate,
1507 1455 1731 1520 transferendi

16 1545 17 1552 ’
127 1539 184 1599 Ad
198 1540 404 1614 mimium,
419 1542 587 1602 decanum
601 1540 635 1626 et
647 1540 835 1616 waldum
934 1551 1112 1614 ecclesiam
1130 1554 1237 1632 ipsam
1257 1554 1298 1616 ad
1318 1555 1428 1616 locum
1449 1553 1552 1616 alium
1570 1555 1732 1631 opportu-

16 1647 17 1650 ’
312 1633 316 1642 ’
407 1639 547 1700 Sarum·
935 1664 1025 1723 num,
1039 1649 1179 1714 liberam
1195 1650 1291 1715 vobis
1308 1652 1520 1714 concedimus
1535 1651 1733 1716 auctoritate

282 1733 285 1740 “
366 1749 402 1808 29
416 1758 500 1808 mart.
515 1751 594 1810 lile.
935 1747 1151 1824 praesentium
1165 1747 1481 1824 facultatem3salvo
1492 1748 1649 1810 nimirum
1659 1748 1734 1812 oui·
1860 1801 1868 1812 .

16 1911 18 1918 ,
67 1853 338 1918 [wilmneconelm
346 1855 879 1921 memennunnieetlllnomle,l,son]
934 1842 1016 1906 libet
1028 1845 1273 1922 personatam
1289 1845 1733 1924 saeculariquamecclesias

16 1945 18 2016 ζ
83 1951 254 2010 Licentiem
269 1953 401 2011 coneedit
417 1954 576 2014 aedificandi
589 1953 741 2013 ecclesium
759 1955 789 2012 in
804 1955 869 2012 loco
933 1940 1191 2019 ticae,juresuo,
1207 1942 1240 2004 θῒ
1251 1942 1357 2018 ipsius
1372 1943 1522 2005 ecclesiae
1533 1943 1728 2021 privilegiis,

16 2035 22 2052 '
384 2041 588 2100 commodiori..
935 2035 1166 2112 dignitatibus,
1175 2054 1215 2101 ac
1229 2032 1438 2103 libertatibus
1451 2039 1604 2101 omnibus
1618 2041 1654 2100 in
1669 2056 1730 2101 suo

118 2141 290 2206 Honorius
322 2139 514 2219 episcopus,
549 2155 668 2203 servus
706 2155 879 2204 servorum
934 2133 1024 2197 statu
1032 2141 1073 2196 ao
1083 2134 1202 2197 robore
1210 2135 1391 2198 duraturis.
1405 2137 1498 2199 Nulli
1506 2151 1585 2212 ergo
1596 2137 1731 2198 omnino

16 2247 17 2252 ’
70 2235 152 2310 Dei,
182 2251 297 2299 vener.
326 2235 460 2300 tratri...
486 2238 660 2316 episcopo,
690 2237 724 2301 et
748 2237 880 2300 dilectis
934 2230 1106 2294 bominum
1121 2232 1222 2296 liceat
1239 2233 1327 2296 banc
1341 2234 1497 2311 paginam
1511 2237 1636 2296 nostrae
1651 2249 1733 2296 oon-

16 2311 19 2416 ῗ
71 2333 161 2394 liliis
176 2333 316 2406 decano,
333 2336 367 2396 et
380 2335 526 2411 capitulo
544 2338 675 2408 Sarum,
692 2334 881 2398 salutemet
934 2328 1098 2392 cessionis
1116 2329 1312 2406 infringere,
1327 2331 1381 2394 rel
1402 2331 1435 2393 ei
1449 2347 1534 2394 ausu
1552 2331 1731 2394 temerario

16 2421 20 2512 ἦ
71 2430 298 2508 apostolicam
312 2430 587 2494 benedictionem.
934 2425 1113 2494 conbaire.
1126 2427 1163 2488 Si
1176 2428 1251 2503 quis
1263 2429 1375 2490 eutem
1385 2428 1449 2491 hoc
1458 2429 1622 2492 attentare
1644 2444 1733 2505 prae·

16 2527 18 2550 ³
119 2530 172 2588 Ex
188 2530 282 2605 parte
296 2529 418 2600 vestra,
428 2528 620 2601 ulidecane,
638 2528 671 2591 et
685 2528 878 2606 capitulum,
935 2523 1123 2599 sumpserit,
1135 2523 1398 2600 indignationem
1410 2525 1646 2602 omnipotentis
1658 2525 1729 2598 Dei,

74 2625 147 2686 fuit
162 2625 241 2687 olim
255 2625 459 2703 propositum
472 2641 585 2688 coram
602 2627 708 2701 nobis,
725 2625 812 2704 quod
824 2641 881 2688 eo-
934 2622 968 2682 et
981 2619 1153 2682 beatorum
1163 2622 1254 2683 Petri
1264 2624 1297 2683 et
1307 2622 1728 2701 Pauliapostolorumejus,

74 2721 319 2796 olesiauestre,
336 2737 430 2785 exeo
443 2723 529 2800 quod
542 2723 761 2786 iniraSarum
775 2723 881 2784 muni·
917 2727 971 2778 'se
999 2718 1130 2780 noverit
1152 2719 1377 2780 incursurum.
1407 2719 1525 2782 Datum
1553 2721 1729 2793 Laterani,

74 2818 185 2881 tionis
204 2818 364 2881 ambitum
384 2821 437 2882 est
457 2821 647 2883 constructa
666 2821 714 2882 tot
733 2820 881 2898 subjacet
922 2817 953 2876 ‘4
968 2815 1129 2878 kalendas
1145 2816 1274 2895 aprilis,
1293 2817 1504 2896 pontificatus
1518 2819 1625 2881 nostrl
1641 2834 1730 2882 anno

75 2915 408 2978 incommoditatibus
425 2918 458 2979 et
472 2916 650 2995 pressuris,
667 2916 782 2980 utnon
796 2931 878 2995 pos·
935 2912 1089 2975 secundo.

16 3001 19 3040 t
74 3013 155 3076 sitis
171 3013 206 3073 in
220 3027 262 3076 ea
276 3014 350 3074 sine
362 3029 482 3090 magno
497 3013 647 3091 corporis
659 3013 808 3092 periculo
824 3028 880 3074 re·
1241 3038 1430 3125 CLXXIX

73 3111 202 3170 sidere.
222 3114 328 3183 Quum
346 3112 434 3172 enirn
454 3112 490 3173 in
511 3110 584 3172 loco
608 3112 652 3174 sit
668 3111 776 3188 posita
795 3110 880 3173 emi-

71 3207 187 3279 nenti,
212 3208 310 3286 quasi
331 3209 490 3273 conlinua
507 3210 685 3273 uentorum
702 3208 877 3272 collisione
966 3171 1019 3233 ’Μ
1039 3172 1217 3234 mmmm
1236 3172 1416 3235 ⁰a²²²⁰r⁰m
1429 3174 1695 3238 mmmmm·

73 3304 285 3376 concutitur,
295 3305 344 3366 ita
358 3305 444 3381 quod
456 3307 577 3382 praeter
595 3305 643 3378 id,
658 3305 745 3382 quod
766 3305 879 3366 divina
1214 3283 1251 3391 ³.⁰
1269 3292 1353 3342 Μ·
1371 3285 1450 3343 ¹²¹⁸·

75 3400 291 3466 celebrantes
312 3402 422 3463 cilicia
445 3402 504 3462 vix
527 3403 665 3478 potestis
687 3403 800 3466 mutuo
819 3417 879 3463 vos
966 3379 1088 3444 [mima
1096 3379 1141 3431 lli.
1152 3379 1184 3440 11,
1196 3386 1271 3446 ΨΜ·
1286 3380 1341 3430 ⁹⁸⁸·
1353 3380 1410 3432 ²¹⁸⁸·
1422 3383 1459 3434 ¹⁴⁸
1473 3383 1547 3434 Porto
1559 3382 1594 3434 ‘³⁰
1605 3382 1699 3447 Μ]

74 3498 212 3570 audire,
224 3499 307 3562 adeo
320 3499 365 3564 sit
378 3497 635 3562 ruinatuslocus
648 3498 730 3575 ipse,
747 3500 783 3559 ut
795 3513 882 3560 com.
934 3484 1143 3544 Beneficiorum
1162 3487 1353 3560 pluralitatem
1367 3488 1499 3547 coneedit
1519 3489 1581 3547 rim
1596 3490 1727 3548 litterato.

74 3595 250 3658 morantes
271 3595 307 3656 in
321 3610 361 3656 eo
380 3594 586 3672 frequentius
608 3595 782 3657 incurrant
798 3610 879 3673 per·
974 3593 1153 3665 Honorius,
1176 3593 1256 3666 etc,
1269 3593 1390 3657 dilecto
1407 3594 1476 3658 illio
1498 3595 1626 3659 Simoni
1645 3613 1730 3660 can-

74 3693 199 3770 petuas
213 3691 398 3769 passiones,
417 3691 539 3768 vixque
553 3691 724 3754 sufficiant
737 3692 778 3754 ad
792 3692 880 3754 tecta
934 3691 1000 3752 tori
1012 3690 1195 3753 Bituriceu.

75 3789 234 3850 ecclesiae
248 3787 446 3867 reparanda,
463 3804 536 3868 quae
557 3787 750 3866 frequenter
770 3789 879 3851 ventis
976 3789 1068 3850 Sicut
1086 3787 1151 3850 soli
1173 3803 1302 3851 summo
1321 3789 1475 3853 Pontifici
1493 3791 1573 3854 licet
1584 3792 1663 3869 jura
1677 3792 1732 3854 in-

75 3886 364 3948 invalescentibus
376 3885 594 3963 dissipantur.
610 3891 737 3964 Aquam
748 3903 879 3965 quoque
934 3884 1110 3962 terpretari
1125 3887 1159 3947 et
1175 3886 1319 3950 condere
1337 3887 1379 3949 de
1401 3889 1557 3966 suscepta
1581 3889 1729 3967 plenitu-

77 3983 879 4061 saepecogunturtaniapecuniaoomperarequae
934 3979 1011 4040 dine
1035 3980 1219 4058 potestatis,
1229 3981 1279 4042 sic
1292 3997 1356 4044 nec
1373 3984 1445 4060 juri
1464 3982 1546 4046 lacit
1559 3985 1728 4062 injuriam,

75 4081 166 4142 alias
179 4081 287 4157 potest
301 4080 456 4143 euincere
466 4080 508 4142 ad
523 4081 723 4158 emptionem
737 4097 880 4144 commu·
933 4092 995 4139 nec
1009 4076 1051 4139 ab
1064 4077 1133 4142 ulio
1145 4077 1289 4140 faciendi
1302 4079 1426 4141 similia
1442 4081 1567 4156 praebet
1577 4082 1728 4151 formem,

71 4177 133 4242 'nis
159 4177 257 4256 potus
280 4176 428 4254 regionis
445 4177 548 4250 illius,
576 4192 638 4240 nec
665 4178 756 4256 patet
778 4177 878 4240 etiarn
934 4175 964 4234 si
978 4175 1238 4252 dispensationis
1249 4174 1396 4238 habenas
1406 4177 1517 4240 taliter
1527 4178 1727 4252 moderetur,

76 4273 191 4335 aditus
211 4272 253 4334 ad
272 4272 421 4335 eamdem
442 4273 518 4338 sine
536 4273 678 4339 licentia
692 4274 876 4346 castellani,
933 4270 1019 4348 quod
1032 4271 1192 4334 sublimes
1204 4272 1400 4336 etlitteratae
1415 4288 1566 4351 personae
1577 4276 1729 4352 pluribus

78 4372 197 4449 sicque
225 4371 410 4448 contingit,
434 4371 520 4449 quod
548 4371 584 4432 in
613 4370 722 4448 capite
743 4372 876 4449 jejunii,
932 4369 1067 4431 valeant
1104 4368 1276 4432 benefieiis
1318 4369 1489 4433 honorari.
1527 4373 1726 4452 Eepropter‚

77 4484 176 4530 coena
185 4469 329 4541 Domini,
341 4469 477 4546 synodis
485 4468 680 4530 etddelibus
690 4467 877 4531 uolentibus
934 4465 1308 4541 dilecteinDominodli,
1316 4467 1500 4531 nobilitatis
1510 4471 1726 4543 tueetitulum‚

77 4567 188 4643 ipsam
201 4565 376 4628 ecelesiam
390 4566 541 4637 visitare,
556 4563 738 4642 denegatur
752 4565 879 4642 ingres·
932 4563 966 4625 et
978 4563 1147 4640 praecelsae
1160 4562 1330 4642 fastigium
1344 4564 1540 4640 honestatis,
1557 4584 1622 4646 qua
1637 4567 1729 4631 dice-

77 4679 156 4735 sus,
184 4663 446 4742 proponentibus
472 4663 666 4726 custodibus
688 4663 790 4726 castri
818 4680 878 4740 per
931 4661 979 4722 ris
1002 4661 1211 4739 praepollere,
1234 4664 1433 4742 propensius
1462 4665 1670 4728 attendentes
1689 4682 1729 4730 ao

28 4773 29 4778 ’
78 4760 143 4821 hoo
159 4759 334 4822 munitioni
352 4761 536 4835 periculum
557 4760 748 4836 imminere;
763 4759 876 4822 domos
931 4759 1726 4840 tuisetdilaotorumiiliorumcapitulivastinen„

79 4858 255 4934 praeterea,
273 4872 347 4933 quas
362 4856 456 4918 uobis
471 4857 648 4930 sufficiant,
665 4873 736 4922 non
747 4855 877 4921 bebetis
932 4857 1030 4934 quite
1042 4857 1077 4918 in
1101 4873 1197 4920 suum
1214 4859 1339 4934 eligere
1353 4859 1497 4935 priorem
1506 4860 1659 4938 precibus
1673 4862 1729 4922 in-

78 4953 221 5025 ibidem,
249 4952 337 5018 uude
359 4954 547 5030 complures
572 4954 734 5017 laicorum
762 4955 877 5016 domos
932 4953 1059 5026 clinati,
1082 4954 1278 5018 electionem
1307 4956 1402 5017 dete
1425 4956 1547 5018 factam
1570 4956 1726 5019 duximus

78 5050 266 5114 conducere
276 5050 876 5128 compellantur;propterbaecetalia
931 5049 1169 5112 admittendam
1198 5052 1395 5114 auctoritate
1424 5050 1485 5114 tibi
1513 5055 1726 5131 praesentium

78 5145 291 5211 incommoda
309 5147 404 5212 multi
424 5146 465 5208 ab
483 5147 590 5225 ipsius
610 5148 761 5210 ecclesiae
780 5149 878 5211 obse-
932 5148 1163 5221 concedentes,
1181 5150 1217 5210 ut
1228 5165 1303 5210 oum
1316 5148 1393 5211 aliis
1408 5149 1625 5226 dignitatibus
1643 5169 1726 5228 quas
1747 5211 1749 5215 ,

79 5246 157 5322 quio
169 5261 204 5306 se
219 5244 406 5306 absentant.
417 5245 487 5306 Nos
500 5245 602 5321 igitur
612 5244 784 5322 superbos
798 5262 878 5325 pro-
932 5261 1020 5308 nuno
1039 5245 1166 5326 ‘bebere
1183 5246 1390 5322 dignosceris
1409 5247 1593 5324 prioratum
1614 5249 1727 5311 Vasti-

79 5343 193 5404 videre
216 5342 377 5414 volentes,
399 5341 521 5404 dilecto
542 5341 612 5404 lilio
632 5343 747 5408 nostro
767 5345 804 5406 (l,
824 5343 875 5407 tit.
933 5359 1022 5416 nen,
1038 5343 1079 5405 de
1091 5343 1339 5422 dispensatione
1358 5345 1472 5407 nostra
1492 5344 1597 5406 libere
1612 5347 1725 5409 valeas

82 5439 194 5500 Sancti
208 5440 343 5502 Martini
365 5439 558 5518 presbytero
573 5440 753 5510 cardinali,
765 5445 877 5518 Apos—
932 5441 1091 5504 retinere.
1105 5441 1196 5503 Nulli
1219 5456 1301 5518 ergo.
1320 5442 1408 5504 banc
1423 5443 1579 5519 paginam
1602 5448 1725 5506 nostrae

81 5535 189 5598 tolioae
216 5538 310 5600 Sedis
333 5538 458 5614 legato,
486 5553 548 5615 per
570 5538 707 5602 nostras
727 5538 877 5601 dedimus
933 5539 1168 5612 concessionis,
1183 5541 1259 5614 etc.,;
1274 5539 1389 5618 siquis
1404 5541 1725 5613 autem,etc.balum
1770 5568 1772 5572 ¹

82 5630 210 5694 litteras
224 5635 258 5695 in
274 5635 450 5707 mandatis,
467 5637 503 5697 ut
513 5651 573 5714 per
592 5651 628 5698 se
643 5635 695 5699 uel
706 5651 766 5713 per
780 5637 877 5710 alios,
934 5636 1091 5702 Laterani
1103 5637 1203 5700 tertio
1229 5635 1297 5698 kal.
1314 5637 1432 5716 aprilis
1455 5653 1544 5700 anno
1565 5641 1721 5704 secundo.
