4200 6404
329 310 389 372 219
791 303 967 368 HONORII
990 297 1036 367 111
1057 303 1206 368 OPERA.
1223 331 1261 347 -
1278 300 1513 364 SURMONES.
1927 297 2000 359 280

247 533 252 540 ,
331 471 486 534 homines
509 466 658 532 mortem
683 465 717 530 et
736 479 806 528 non
823 465 1015 527 'invenient
1047 478 1126 528 eum
1165 477 1273 525 ‘aram
1288 461 1407 535 crucis,
1424 459 1511 523 sicot
1529 458 1600 537 lpse
1616 457 1663 521 ait
1682 459 1791 526 :Cum
1805 457 2001 520 encttatus

330 569 365 629 et
391 565 528 642 cupient
552 568 663 638 niort,
693 564 727 626 et
752 563 862 639 neptet
884 577 981 626 mors
1006 565 1048 624 nh
1075 563 1126 624 etr
1179 563 1312 636 sncroa
1325 560 1438 631 terne,
1457 558 1784 620 omnictranamnd
1797 559 2001 632 meipsum

333 661 449 744 (Apoc.
477 679 526 735 rx,
551 661 597 740 6).
626 665 672 724 116
698 677 763 738 qua
786 661 892 722 morte
918 660 1040 722 dicitur
1067 673 1127 738 per
1181 655 1291 746 (ioan.
1306 673 1369 726 xri,
1388 655 1454 736 32),
1470 656 1567 727 idest,
1583 671 1658 716 cum
1677 653 1845 716 exaltatus
1868 655 1903 716 et
1917 653 2003 714 ele-

332 761 543 823 Psalrnistam
570 781 577 820 ι
604 761 702 821 Mors
727 760 951 833 peccatorum
971 754 1127 833 pessima
1181 757 1277 818 vatus
1292 754 1385 817 tuero
1406 755 1442 815 in
1455 768 1564 826 cruce,
1579 753 1692 816 omnia
1706 751 1838 814 traham
1860 751 2000 824 adme,

333 860 385 921 est
400 857 469 936 (Ps.
485 860 538 930 33,
549 856 716 938 22).Mors
731 856 819 920 enim
836 857 1046 933 peccatorum
1058 871 1126 916 non
1182 851 1315 930 quiade
1339 850 1454 914 electis
1470 850 1557 928 apud
1579 849 1706 912 interos
1731 849 1861 911 nullum
1879 849 2003 910 relin-

331 955 460 1019 tantum
475 955 563 1018 mala
581 955 638 1016 sed
656 954 799 1032 pessima
812 969 886 1016 esse
901 953 1032 1021 dicitur,
1049 953 1127 1031 quia
1183 966 1292 1028 quarn.
1310 950 1347 1011 In
1363 947 1516 1011 omnihus
1529 946 1685 1011 memhris
1700 948 1771 1008 suis
1787 963 1910 1024 passus
1925 949 2000 1018 est,

334 1055 542 1132 peccatorem
554 1053 642 1131 rapit
656 1051 697 1114 ad
709 1052 908 1128 gehennam,
918 1051 981 1114 etsi
995 1051 1031 1111 in
1046 1049 1129 1113 diri·
1183 1049 1219 1112 ut
1242 1049 1357 1110 nostra
1382 1062 1459 1109 ossa
1480 1046 1667 1124 repararet,
1694 1046 1727 1108 61
1749 1046 1849 1108 iniis
1872 1048 2001 1108 16111611

333 1151 391 1215 tiis
401 1152 434 1214 et
448 1150 604 1214 odoribus
619 1151 652 1213 61
666 1150 821 1213 lamentis
831 1149 1003 1211 hominum
1024 1148 1128 1212 tinia-
1183 1145 1337 1208 omnihus
1352 1146 1488 1224 peccata
1502 1145 1629 1218 nostra,
1647 1141 1743 1217 idest,
1758 1157 1894 1222 poenam
1908 1159 2003 1221 pec-

332 1247 399 1312 tur.
412 1247 458 1310 Ua
470 1264 612 1325 namque
622 1248 727 1310 morte
742 1247 841 1310 simul
854 1247 994 1312 moritur
1008 1261 1129 1324 corpus
1183 1244 1333 1306 catorum
1347 1245 1538 1306 nostrorum
1552 1241 1690 1320 pertulit
1708 1242 1744 1304 in
1756 1255 1898 1320 corpore
1912 1257 1999 1304 suo.

334 1346 367 1409 et
378 1347 502 1416 anima,
518 1361 585 1408 non
601 1345 826 1408 essentialiter
837 1345 992 1408 amittens
1012 1344 1126 1417 vitem,
1183 1343 1269 1406 Nam
1290 1342 1363 1419 ipse
1376 1341 1548 1418 ingressus
1568 1341 1618 1402 est
1639 1339 1796 1402 mundum
1819 1340 1894 1402 sine
1914 1355 2003 1400 ma-

333 1444 392 1506 sed
418 1445 495 1508 vitae
523 1443 773 1506 beatitudinem.
802 1442 900 1508 Unde
923 1443 1127 1518 Gregorius:
1183 1440 1271 1512 cula,
1295 1439 1329 1502 et
1349 1440 1521 1518 peccatum
1542 1453 1611 1500 non
1634 1437 1726 1510 lecit,
1748 1437 2000 1500 necinventus

333 1560 352 1604 e
366 1542 487 1606 Anima
495 1541 567 1602 illic
577 1542 757 1619 positanon
764 1538 872 1617 perdit
883 1555 971 1612 esse,
981 1539 1037 1602 sed
1052 1555 1130 1618 per-
1183 1538 1234 1600 est
1248 1537 1344 1599 dolus
1356 1537 1391 1599 in
1407 1551 1468 1600 ore
1478 1539 1563 1614 ejus.
1579 1535 1673 1600 Unde
1687 1534 1907 1598 benedictum
1925 1535 1998 1606 est,

334 1640 476 1704 ditasse
495 1637 1130 1712 166161111111161616111661111111161
1184 1635 1263 1714 quia
1283 1635 1329 1696 de
1348 1635 1462 1698 electis
1490 1634 1578 1712 apud
1603 1631 1729 1696 interos
1752 1633 1883 1696 nullum
1904 1634 2001 1696 reli-

334 1737 689 1800 contctttoneccntere
704 1749 773 1808 eos,
786 1737 1036 1800 DomineDens
1049 1749 1129 1796 nos·
1184 1734 1266 1811 quit.
1302 1733 1395 1798 Unde
1428 1732 1550 1795 dicitur
1587 1747 1648 1810 per
1679 1731 1956 1794 Ecclesiasticum
1988 1755 1997 1792 ι

335 1832 538 1914 tectiorem.
553 1849 637 1906 xv11‚
651 1831 716 1912 18).
731 1831 826 1896 Unde
840 1831 943 1896 lucile-
958 1831 1132 1910 probatur,
1184 1833 1380 1896 Penetrcho
1400 1834 1438 1892 tn
1460 1833 1648 1905 infertores
1667 1831 1789 1906 partes
1817 1831 1931 1892 terrce
1960 1832 1999 1893 et

248 1993 251 1999 .
335 1931 422 2009 quod
438 1932 626 1998 sinemorte
646 1931 818 2002 morietur,
836 1930 908 1991 sine
924 1929 1129 1994 deiectude-
1184 1932 1368 2004 inspiciam
1387 1943 1506 1990 cncnes
1527 1929 1737 1990 devenientes
1750 1926 1864 2006 (Uccli.
1890 1945 1996 2000 xxxv,

336 2027 438 2101 ficiat,
462 2029 534 2090 sine
560 2029 626 2089 tine
652 2028 799 2100 liniator,
827 2019 991 2104 quatenus
1011 2027 1056 2088 sit
1079 2027 1131 2091 illi
1184 2026 1250 2106 45),
1276 2027 1373 2100 idest,
1400 2041 1514 2088 ornnes
1528 2025 1677 2103 captivos
1692 2025 1748 2103 qui
1768 2025 1930 2088 sedebant
1958 2027 1997 2088 in

336 2141 425 2188 mors
441 2126 652 2199 immortalis,
668 2125 816 2189 deiectus
830 2123 1134 2198 intercursante
1185 2124 1331 2188 tenebris
1345 2126 1379 2187 et
1393 2124 1509 2186 umbra
1524 2125 1651 2196 mortis,
1668 2123 1754 2186 sicut
1765 2124 1846 2187 dicit
1858 2126 1973 2187 isaias
1987 2147 1996 2185 :

335 2222 498 2286 infinitus.
1185 2229 1338 2297 Poeninas
1358 2227 1418 2298 ent
1435 2223 1572 2286 sedebat
1595 2225 1633 2283 tn
1657 2222 1819 2295 teneone,
1840 2225 1930 2286 idest
1955 2226 1997 2284 in

376 2323 497 2384 omnes
521 2322 624 2399 igitur
657 2321 861 2400 generaliter
883 2323 916 2385 61
941 2319 1132 2398 specialiter
1185 2323 1338 2396 intento,
1360 2321 1447 2382 611111
1467 2325 1577 2383 locem
1596 2333 1762 2397 mennam
1785 2321 1842 2399 (ls.
1865 2335 1913 2393 rx,
1941 2320 1998 2400 2),

336 2419 460 2496 singuli
473 2420 530 2497 qui
543 2420 733 2493 Jordanem,
748 2419 844 2492 idest,
858 2419 1016 2481 muudum
1030 2419 1131 2480 istum
1185 2419 1287 2492 idest,
1303 2418 1482 2490 Christum,
1507 2418 1540 2480 et
1553 2417 1758 2480 illuminarit
1770 2433 1889 2482 omnes
1909 2433 1996 2496 spe-

335 2516 511 2582 transituri
530 2519 622 2591 sunt,
641 2517 808 2580 aedittcare
829 2517 935 2579 altare
959 2517 1131 2579 Dominae
1185 2517 1299 2581 rantes
1315 2517 1353 2581 in
1368 2518 1447 2588 lleo,
1464 2516 1559 2588 idest,
1577 2530 1691 2578 omues
1707 2516 1819 2579 fideles
1839 2517 1897 2595 qui
1912 2516 1996 2579 tue-

335 2614 502 2692 Propheta
512 2618 612 2693 jussu
626 2615 758 2678 Domini
773 2614 1003 2679 admonentur.
1021 2613 1130 2686 Quin·
1185 2613 1323 2678 runtah
1331 2614 1429 2676 initio
1440 2613 1555 2675 mundi
1567 2614 1600 2676 et
1614 2629 1718 2692 usque
1733 2613 1774 2674 ad
1788 2613 1995 2676 descensum

334 2714 701 2790 quegeneraaltarium
714 2712 1130 2789 luisseinueterilegimus
1186 2711 1292 2790 ipsius
1317 2709 1358 2774 ad
1387 2711 1529 2784 interos,
1551 2711 1638 2774 sicut
1662 2711 1786 2788 legitur
1809 2712 1846 2774 in
1872 2715 1995 2776 Eran-

333 2811 555 2875 Testamento.
585 2811 736 2874 Primum
761 2827 867 2888 genus
889 2810 953 2871 tuit
970 2811 1133 2882 terreum,
1185 2809 1295 2886 gello:
1311 2811 1421 2872 Mutia
1433 2823 1581 2885 corpora
1593 2809 1801 2875 Sanctorum
1814 2825 1892 2885 once
1905 2814 1997 2872 dor-

301 2961 304 2966 .
335 2907 376 2968 de
386 2908 781 2984 quopraecepitDominus
792 2908 871 2970 filiis
882 2907 1132 2970 lsraelrltltcre
1185 2907 1339 2970 mterent
1375 2907 1630 2975 memmerunt,
1672 2908 1707 2969 et
1746 2909 1920 2970 eenencnt
1954 2913 1995 2970 in

334 3007 377 3067 de
392 3005 639 3080 terrasnctetts
650 3009 735 3068 mint
751 3003 824 3084 (Ex.
840 3020 898 3074 xx,
915 3003 981 3083 21).
1004 3006 1133 3066 Secun—
1184 3006 1344 3070 sanctem
1370 3005 1546 3070 civitatem
1556 3050 1570 3080 ,.
1600 3004 1701 3076 idest,
1727 3006 1925 3078 Jerusalem,
1957 3007 1995 3068 et

334 3099 413 3162 dum
428 3100 588 3178 ligneum,
603 3102 690 3164 sicut
701 3102 825 3178 legitur
838 3101 874 3166 in
890 3100 1003 3166 Exodo
1018 3102 1133 3166 Domi·
1185 3103 1558 3178 apponerentante
1575 3100 1706 3182 (Matth.
1726 3119 1833 3173 xxvii,
1858 3102 1925 3182 52).
1952 3103 1995 3164 Et

335 3214 398 3260 nus
417 3199 618 3276 praecepisse
638 3199 745 3278 Moysi
762 3221 770 3260 :
786 3199 939 3262 «Facies
961 3199 1068 3262 altare
1090 3199 1132 3262 de
1186 3199 1366 3264 zacharias
1401 3203 1479 3263 :ln
1511 3205 1681 3278 senonice
1709 3202 1909 3264 testamenti
1937 3203 1996 3263 tut
2086 3213 2087 3216 ’

335 3295 427 3372 ligno
443 3297 570 3358 Sethim
583 3313 650 3358 non
664 3297 807 3360 solidum
829 3296 887 3360 sed
901 3296 1047 3360 inaneet
1067 3311 1131 3359 va·
1186 3298 1340 3362 educenti
1360 3299 1497 3360 cinctos.
1514 3301 1555 3360 de
1578 3301 1713 3361 16611111
1735 3313 1801 3373 qno
1819 3313 1889 3361 non
1910 3299 1996 3362 erat

335 3409 435 3456 ouum
449 3394 661 3468 intrinsecus,
678 3411 740 3474 per
750 3398 845 3474 cujus
861 3397 1005 3474 quatuor
1020 3411 1132 3471 engu-
1185 3409 1276 3469 6166
1291 3393 1404 3474 (zach.
1420 3411 1468 3468 rx,
1486 3393 1554 3474 11),
1568 3396 1670 3468 Quasi
1684 3396 1773 3459 dicat
1784 3417 1791 3457 2
1804 3399 1830 3459 0
1843 3397 1991 3471 Christe,

334 3491 386 3554 los
408 3494 507 3556 erunt
526 3496 669 3571 quatuor
687 3493 813 3570 anguli,
832 3493 1001 3571 faciesque
1019 3494 1131 3556 vectes
1187 3493 1224 3554 tu
1251 3493 1358 3555 effuso
1389 3494 1559 3570 sanguine
1577 3495 1635 3556 tuo
1663 3493 1698 3555 in
1725 3494 1994 3572 redemptionem

334 3591 369 3653 et
388 3591 489 3654 duces
513 3607 573 3669 per
587 3590 746 3666 circulos,
770 3594 932 3670 eruntque
953 3593 1063 3654 vectes
1089 3607 1132 3654 ea
1186 3591 1407 3667 peccatorum,
1425 3590 1616 3668 quidicitur
1631 3591 1990 3668 congeristestamenti,

264 3759 267 3766 ,
334 3689 474 3767 utroque
487 3689 604 3754 altaris
617 3689 721 3752 latere
732 3690 773 3752 ad
789 3689 1034 3768 portandum.»
1056 3691 1132 3750 Ter·
1186 3703 1246 3766 pro
1269 3703 1310 3750 eo
1334 3687 1471 3765 quodid
1496 3688 1569 3766 ipso
1595 3703 1716 3752 novum
1739 3691 1992 3753 Testamentum

334 3784 418 3848 tium
433 3785 577 3863 lapidem
592 3786 633 3847 de
647 3803 712 3864 quo
732 3788 890 3865 pracepit
911 3789 1013 3850 donne
1030 3809 1037 3848 ε
1069 3791 1132 3849 Vos
1186 3786 1400 3858 consecrasti,
1418 3786 1564 3848 eduxisti
1579 3787 1708 3850 vinctos
1721 3787 1762 3848 de
1784 3788 1870 3861 lacu,
1887 3788 1990 3862 idest,

334 3886 393 3957 qni
420 3883 609 3945 transituri
629 3885 714 3945 estis
738 3886 941 3956 Jordenem,
964 3884 1131 3956 aedificate
1186 3883 1320 3960 eosqui
1344 3884 1441 3946 erant
1464 3883 1499 3945 in
1518 3883 1677 3954 tenebris,
1702 3883 1738 3946 in
1762 3885 1904 3959 interno,
1929 3887 1993 3948 ob-

334 3979 446 4040 6111116
467 3982 614 4041 Domino
635 3983 975 4054 determinandum
995 3983 1132 4054 ferrum
1186 3980 1280 4043 noxii
1303 3981 1442 4058 peccato
1463 3981 1630 4058 originali.
1657 3984 1708 4044 De
1726 3981 1814 4053 lacu,
1839 3983 1927 4046 idest
1947 3985 1996 4046 de

335 4091 404 4138 non
432 4076 545 4154 tettptt
568 4074 676 4155 (Deut.
710 4092 816 4146 xxvn,
838 4080 869 4148 4,
899 4075 943 4155 5).
973 4079 1131 4148 Quartum
1186 4076 1330 4149 interno,
1347 4077 1381 4138 in
1397 4093 1462 4154 quo
1477 4094 1544 4140 non
1561 4079 1635 4142 erat
1655 4095 1752 4157 aqua,
1769 4080 1865 4154 idest,
1883 4081 1990 4142 resri-

335 4189 465 4236 aeueum
480 4173 521 4236 de
540 4189 605 4252 quo
633 4173 757 4252 legitur
775 4174 811 4236 in
825 4174 1132 4251 Paralipomenon:
1186 4175 1317 4252 gerium
1335 4179 1404 4238 :Tu
1415 4177 1533 4239 antem
1547 4180 1585 4240 tn
1598 4181 1769 4253 concinne
1787 4178 1992 4242 testamenti

332 4272 453 4336 Attene
466 4287 603 4334 cenenm
615 4275 704 4347 qnod
726 4273 858 4345 feceret
874 4273 1046 4344 Salomon,
1062 4287 1131 4334 non
1187 4274 1277 4336 tut...
1293 4270 1407 4352 (zach.
1424 4289 1471 4347 rx,
1488 4273 1552 4354 11).

331 4371 470 4444 poteret
490 4371 665 4433 scrsttnere
685 4371 881 4433 holocausta
902 4370 936 4432 et
958 4369 1132 4442 sacrificia
1227 4373 1312 4432 Sunt
1336 4371 1425 4433 enim
1449 4372 1562 4450 plures
1589 4373 1763 4449 sanguinis
1790 4371 1986 4446 effusiones,

334 4465 381 4546 (ll
407 4470 483 4530 Par.
510 4482 569 4540 ιιι,
586 4466 633 4547 7).
654 4468 810 4538 Quintum
825 4483 976 4540 aureum,
1002 4467 1132 4544 dequo
1187 4469 1440 4547 quarumprima
1449 4468 1510 4531 tuit
1519 4470 1553 4532 in
1563 4470 1829 4541 circumcisione,
1840 4471 1989 4533 secunda

334 4564 457 4640 legitur
481 4565 515 4626 in
544 4564 629 4626 libro
659 4567 785 4642 Regum
812 4587 819 4626 ε
843 4566 940 4627 Fecit
971 4567 1132 4628 Salomon
1187 4565 1221 4626 in
1237 4567 1484 4640 sudore,tertia
1503 4567 1539 4628 in
1559 4567 1795 4644 flagellatione,
1811 4570 1930 4646 quarta
1952 4569 1990 4630 in

334 4665 451 4724 omenta
465 4677 550 4724 cesa
565 4665 602 4722 tn
622 4665 722 4723 domo
735 4665 875 4724 Domini
888 4663 922 4724 et
935 4663 1048 4724 attere
1067 4679 1133 4724 au·
1187 4663 1417 4737 crucifixione,
1446 4664 1562 4741 quinta
1581 4667 1614 4728 et
1637 4665 1753 4728 ultima
1773 4666 1811 4729 in
1833 4667 1991 4729 16111616·-

334 4774 472 4821 renen...
496 4755 819 4837 (hiltegarda).
845 4761 924 4820 Cum
948 4759 1062 4836 itaque
1081 4760 1133 4821 el·
1186 4761 1289 4823 tione.
1313 4763 1360 4823 Ue
1382 4762 1491 4840 prima
1515 4761 1551 4824 in
1575 4763 1757 4840 Evangelio
1774 4765 1991 4838 :Postquam

333 4858 407 4921 tare
419 4856 455 4918 iu
478 4857 580 4918 Sacra
597 4855 768 4934 Scriptura
790 4856 968 4934 tripliciter
983 4872 1134 4934 expoua-
1187 4860 1417 4922 cmtsnmmntt
1430 4861 1511 4922 sunt
1529 4863 1603 4923 dier
1621 4861 1696 4924 octo
1708 4863 1747 4924 nt
1763 4865 1991 4926 cirennrctdc-

332 4957 412 5030 tur,
447 4970 509 5017 nos
544 4954 750 5031 excipientes
790 4971 897 5032 pauca
928 4954 968 5018 de
1000 4955 1130 5029 multis,
1187 4957 1289 5019 retur
1316 4971 1444 5033 puer...
1476 4959 1523 5019 De
1550 4958 1698 5022 secrrnda
1727 4959 1764 5021 in
1794 4959 1987 5038 passione:

333 5053 469 5131 propter
478 5050 704 5130 prolixitatem
717 5050 820 5113 oflicii
830 5051 994 5128 duplicem
1003 5052 1131 5114 tantum
1187 5055 1315 5117 Factus
1328 5055 1381 5118 cat
1396 5057 1503 5118 sudor
1516 5058 1592 5129 ejus
1615 5058 1704 5118 stcnt
1717 5058 1825 5134 cnttoe
1844 5063 1993 5136 serigni-

334 5149 614 5228 signiflcationem
635 5148 754 5211 altaris
768 5149 892 5227 lapidei
911 5149 1057 5214 breviter
1072 5165 1133 5212 ex·
1187 5155 1243 5214 nis
1266 5153 1484 5214 decurrentis
1509 5157 1547 5215 tn
1577 5155 1723 5216 terrem.
1753 5158 1800 5217 De
1827 5155 1927 5219 tertia
1954 5157 1989 5219 in

333 5262 505 5326 ponemus.
1188 5249 1368 5325 Evangelio
1389 5269 1398 5310 ε
1415 5254 1536 5314 lesum
1549 5265 1633 5314 cero
1648 5253 1857 5330 decennium
1872 5255 1987 5317 tradi-

371 5345 485 5408 Altare
499 5345 622 5408 dicitur
640 5345 736 5424 quasi
749 5345 816 5408 alta
836 5361 907 5419 ara,
924 5344 1010 5423 quod
1023 5358 1131 5420 graece
1186 5349 1236 5412 dlt
1248 5349 1379 5410 recen
1393 5349 1431 5412 nt
1445 5351 1914 5429 6161116616111Ι16616116
1929 5353 1990 5414 ihi-

333 5443 455 5504 dicitur
472 5443 630 5520 precatio,
648 5444 681 5507 et
695 5442 862 5519 significat
882 5443 1060 5515 Christum,
1075 5442 1132 5518 qui
1187 5444 1261 5506 dem
1283 5465 1291 5505 =
1307 5445 1497 5520 Postquam
1515 5447 1770 5520 crnctttcernnt
1788 5463 1881 5522 enm,
1899 5454 1990 5512 dioi-

334 5541 427 5604 solus
449 5542 500 5603 est
518 5540 701 5604 altissimus
725 5557 825 5618 super
846 5555 976 5602 omnem
995 5541 1129 5614 terram,
1186 5543 1308 5606 sentent
1341 5545 1406 5606 6111
1440 5545 1649 5608 vestimenta
1681 5560 1759 5608 stra.
1792 5549 1839 5608 116
1871 5548 1989 5625 quinta

330 5638 412 5720 cuia
437 5638 507 5718 ipse
530 5637 593 5702 luit
613 5640 779 5711 exaltatus
801 5640 835 5702 et
860 5637 1008 5702 elevatus
1032 5653 1132 5719 super
1187 5641 1310 5705 ibidem
1335 5643 1636 5708 :virescentem
1660 5648 1779 5709 lancee
1799 5647 1891 5710 letus
1913 5651 1989 5722 ejus
