<?xml version="1.0" encoding="UTF-8"?>
<!DOCTYPE html PUBLIC "-//W3C//DTD XHTML 1.0 Transitional//EN"
    "http://www.w3.org/TR/xhtml1/DTD/xhtml1-transitional.dtd">
<html xmlns="http://www.w3.org/1999/xhtml" xml:lang="en" lang="en">
 <head>
  <title>
</title>
<meta http-equiv="Content-Type" content="text/html;charset=utf-8" />
  <meta name='ocr-system' content='tesseract 3.04.00' />
  <meta name='ocr-capabilities' content='ocr_page ocr_carea ocr_par ocr_line ocrx_word'/>
</head>
<body>
  <div class='ocr_page' id='page_1' title='image "./mediiaevibiblio02unkngoog_0377.png"; bbox 0 0 4234 6408; ppageno 0'>
   <div class='ocr_carea' id='block_1_1' title="bbox 242 285 300 345">
    <p class='ocr_par' dir='ltr' id='par_1_1' title="bbox 242 285 300 345">
     <span class='ocr_line' id='line_1_1' title="bbox 242 285 300 345; baseline 0 0"><span class='ocrx_word' id='word_1_1' title='bbox 242 285 300 345; x_wconf 76' lang='grc'>211</span> 
     </span>
    </p>
   </div>
   <div class='ocr_carea' id='block_1_2' title="bbox 245 437 1096 5700">
    <p class='ocr_par' dir='ltr' id='par_1_2' title="bbox 245 437 1096 5700">
     <span class='ocr_line' id='line_1_2' title="bbox 245 437 1039 518; baseline -0.008 -12"><span class='ocrx_word' id='word_1_2' title='bbox 245 459 302 506; x_wconf 89' lang='grc'>333</span> <span class='ocrx_word' id='word_1_3' title='bbox 330 443 373 508; x_wconf 90' lang='grc'>31</span> <span class='ocrx_word' id='word_1_4' title='bbox 394 443 564 506; x_wconf 80' lang='lat' dir='ltr'>extraneis</span> <span class='ocrx_word' id='word_1_5' title='bbox 584 439 689 504; x_wconf 85' lang='lat' dir='ltr'>factas</span> <span class='ocrx_word' id='word_1_6' title='bbox 706 437 818 518; x_wconf 90' lang='lat' dir='ltr'>aliquo</span> <span class='ocrx_word' id='word_1_7' title='bbox 836 439 1039 502; x_wconf 84' lang='grc'><strong>133131331-</strong></span> 
     </span>
     <span class='ocr_line' id='line_1_3' title="bbox 245 538 1042 621; baseline -0.006 -16"><span class='ocrx_word' id='word_1_8' title='bbox 245 559 336 621; x_wconf 89' lang='lat' dir='ltr'>pere,</span> <span class='ocrx_word' id='word_1_9' title='bbox 364 542 427 614; x_wconf 93' lang='lat' dir='ltr'>vel,</span> <span class='ocrx_word' id='word_1_10' title='bbox 445 557 504 619; x_wconf 93' lang='lat' dir='ltr'>pro</span> <span class='ocrx_word' id='word_1_11' title='bbox 519 538 750 602; x_wconf 79' lang='lat' dir='ltr'>emendatione</span> <span class='ocrx_word' id='word_1_12' title='bbox 774 538 962 611; x_wconf 89' lang='lat' dir='ltr'>criminum,</span> <span class='ocrx_word' id='word_1_13' title='bbox 983 554 1042 600; x_wconf 90' lang='lat' dir='ltr'>ac-</span> 
     </span>
     <span class='ocr_line' id='line_1_4' title="bbox 245 637 1043 718; baseline -0.006 -15"><span class='ocrx_word' id='word_1_14' title='bbox 245 642 353 704; x_wconf 89' lang='lat' dir='ltr'>tiones</span> <span class='ocrx_word' id='word_1_15' title='bbox 366 655 517 718; x_wconf 78' lang='lat' dir='ltr'>quaerere</span> <span class='ocrx_word' id='word_1_16' title='bbox 532 637 755 715; x_wconf 85' lang='lat' dir='ltr'>praemiorum,</span> <span class='ocrx_word' id='word_1_17' title='bbox 771 653 877 716; x_wconf 92' lang='lat' dir='ltr'>neque</span> <span class='ocrx_word' id='word_1_18' title='bbox 895 638 1043 715; x_wconf 88' lang='lat' dir='ltr'>potesta-</span> 
     </span>
     <span class='ocr_line' id='line_1_5' title="bbox 245 733 1041 816; baseline -0.01 -14"><span class='ocrx_word' id='word_1_19' title='bbox 245 741 311 802; x_wconf 89' lang='lat' dir='ltr'>tem</span> <span class='ocrx_word' id='word_1_20' title='bbox 337 738 484 816; x_wconf 90' lang='lat' dir='ltr'>aliquam</span> <span class='ocrx_word' id='word_1_21' title='bbox 512 737 548 797; x_wconf 93' lang='lat' dir='ltr'>in</span> <span class='ocrx_word' id='word_1_22' title='bbox 572 733 839 813; x_wconf 85' lang='lat' dir='ltr'>possessionibus</span> <span class='ocrx_word' id='word_1_23' title='bbox 865 734 907 796; x_wconf 89' lang='lat' dir='ltr'>ad</span> <span class='ocrx_word' id='word_1_24' title='bbox 932 735 1041 812; x_wconf 89' lang='lat' dir='ltr'>ipsum</span> 
     </span>
     <span class='ocr_line' id='line_1_6' title="bbox 246 830 1040 910; baseline -0.006 -13"><span class='ocrx_word' id='word_1_25' title='bbox 246 835 484 897; x_wconf 89' lang='lat' dir='ltr'>monasterium</span> <span class='ocrx_word' id='word_1_26' title='bbox 505 833 768 910; x_wconf 76' lang='grc'><strong>1313311333133</strong></span> <span class='ocrx_word' id='word_1_27' title='bbox 788 830 1040 909; x_wconf 87' lang='lat' dir='ltr'>pertinentibus,</span> 
     </span>
     <span class='ocr_line' id='line_1_7' title="bbox 245 929 1045 1012; baseline -0.005 -17"><span class='ocrx_word' id='word_1_28' title='bbox 245 933 299 996; x_wconf 88' lang='lat' dir='ltr'>vel</span> <span class='ocrx_word' id='word_1_29' title='bbox 323 935 358 996; x_wconf 94' lang='grc'>13</span> <span class='ocrx_word' id='word_1_30' title='bbox 380 935 548 1012; x_wconf 89' lang='lat' dir='ltr'>posterum</span> <span class='ocrx_word' id='word_1_31' title='bbox 568 933 657 1010; x_wconf 87' lang='lat' dir='ltr'>juste</span> <span class='ocrx_word' id='word_1_32' title='bbox 677 933 710 994; x_wconf 90' lang='grc'>31</span> <span class='ocrx_word' id='word_1_33' title='bbox 727 929 972 993; x_wconf 80' lang='lat' dir='ltr'>rationabiliter</span> <span class='ocrx_word' id='word_1_34' title='bbox 986 946 1045 992; x_wconf 90' lang='grc'>33-</span> 
     </span>
     <span class='ocr_line' id='line_1_8' title="bbox 249 1028 1046 1112; baseline -0.008 -18"><span class='ocrx_word' id='word_1_35' title='bbox 249 1033 420 1112; x_wconf 89' lang='lat' dir='ltr'>quirendis</span> <span class='ocrx_word' id='word_1_36' title='bbox 440 1031 503 1092; x_wconf 89' lang='lat' dir='ltr'>sibi</span> <span class='ocrx_word' id='word_1_37' title='bbox 517 1031 662 1093; x_wconf 89' lang='lat' dir='ltr'>audeant</span> <span class='ocrx_word' id='word_1_38' title='bbox 681 1029 863 1090; x_wconf 87' lang='lat' dir='ltr'>vindicare.</span> <span class='ocrx_word' id='word_1_39' title='bbox 882 1028 1046 1090; x_wconf 91' lang='lat' dir='ltr'>Prohibe-</span> 
     </span>
     <span class='ocr_line' id='line_1_9' title="bbox 249 1126 1045 1207; baseline -0.005 -15"><span class='ocrx_word' id='word_1_40' title='bbox 249 1148 324 1192; x_wconf 90' lang='lat' dir='ltr'>mus</span> <span class='ocrx_word' id='word_1_41' title='bbox 346 1145 476 1207; x_wconf 85' lang='lat' dir='ltr'>quoque</span> <span class='ocrx_word' id='word_1_42' title='bbox 502 1143 545 1189; x_wconf 92' lang='lat' dir='ltr'>ne</span> <span class='ocrx_word' id='word_1_43' title='bbox 568 1127 705 1190; x_wconf 82' lang='lat' dir='ltr'>Reman.</span> <span class='ocrx_word' id='word_1_44' title='bbox 726 1126 985 1204; x_wconf 89' lang='lat' dir='ltr'>archiepiscopi,</span> <span class='ocrx_word' id='word_1_45' title='bbox 1003 1143 1045 1188; x_wconf 92' lang='grc'>33</span> 
     </span>
     <span class='ocr_line' id='line_1_10' title="bbox 248 1224 1046 1303; baseline -0.006 -14"><span class='ocrx_word' id='word_1_46' title='bbox 248 1226 444 1290; x_wconf 86' lang='lat' dir='ltr'>Ambianen.</span> <span class='ocrx_word' id='word_1_47' title='bbox 477 1225 625 1303; x_wconf 86' lang='lat' dir='ltr'>episcopi</span> <span class='ocrx_word' id='word_1_48' title='bbox 657 1225 716 1288; x_wconf 92' lang='lat' dir='ltr'>aut</span> <span class='ocrx_word' id='word_1_49' title='bbox 744 1224 818 1297; x_wconf 92' lang='lat' dir='ltr'>alii,</span> <span class='ocrx_word' id='word_1_50' title='bbox 849 1224 902 1286; x_wconf 91' lang='grc'>131</span> <span class='ocrx_word' id='word_1_51' title='bbox 930 1239 1046 1286; x_wconf 88' lang='grc'><strong>331313</strong></span> 
     </span>
     <span class='ocr_line' id='line_1_11' title="bbox 250 1323 1048 1387; baseline -0.006 0"><span class='ocrx_word' id='word_1_52' title='bbox 250 1324 466 1387; x_wconf 90' lang='lat' dir='ltr'>economivel</span> <span class='ocrx_word' id='word_1_53' title='bbox 482 1323 710 1386; x_wconf 90' lang='lat' dir='ltr'>archidiaconi</span> <span class='ocrx_word' id='word_1_54' title='bbox 737 1339 796 1384; x_wconf 93' lang='lat' dir='ltr'>seu</span> <span class='ocrx_word' id='word_1_55' title='bbox 823 1337 1048 1383; x_wconf 86' lang='grc'><strong>331313333-</strong></span> 
     </span>
     <span class='ocr_line' id='line_1_12' title="bbox 250 1419 1047 1500; baseline -0.008 -14"><span class='ocrx_word' id='word_1_56' title='bbox 250 1423 305 1495; x_wconf 91' lang='lat' dir='ltr'>tii,</span> <span class='ocrx_word' id='word_1_57' title='bbox 334 1422 458 1500; x_wconf 84' lang='lat' dir='ltr'>absque</span> <span class='ocrx_word' id='word_1_58' title='bbox 481 1421 874 1484; x_wconf 84' lang='grc'><strong>1331131311331131331</strong></span> <span class='ocrx_word' id='word_1_59' title='bbox 907 1419 1047 1482; x_wconf 78' lang='lat' dir='ltr'>fratrum</span> 
     </span>
     <span class='ocr_line' id='line_1_13' title="bbox 252 1518 1048 1598; baseline -0.006 -15"><span class='ocrx_word' id='word_1_60' title='bbox 252 1521 397 1598; x_wconf 75' lang='lat' dir='ltr'>gratuita</span> <span class='ocrx_word' id='word_1_61' title='bbox 410 1520 586 1583; x_wconf 91' lang='lat' dir='ltr'>vocatione</span> <span class='ocrx_word' id='word_1_62' title='bbox 597 1518 638 1580; x_wconf 92' lang='lat' dir='ltr'>ad</span> <span class='ocrx_word' id='word_1_63' title='bbox 650 1519 887 1580; x_wconf 90' lang='lat' dir='ltr'>monasterium</span> <span class='ocrx_word' id='word_1_64' title='bbox 902 1521 1048 1580; x_wconf 84' lang='lat' dir='ltr'>vestrum</span> 
     </span>
     <span class='ocr_line' id='line_1_14' title="bbox 252 1616 1049 1696; baseline -0.006 -15"><span class='ocrx_word' id='word_1_65' title='bbox 252 1620 306 1681; x_wconf 89' lang='grc'>131</span> <span class='ocrx_word' id='word_1_66' title='bbox 328 1620 401 1681; x_wconf 88' lang='grc'><strong>1333</strong></span> <span class='ocrx_word' id='word_1_67' title='bbox 423 1618 582 1696; x_wconf 72' lang='lat' dir='ltr'>praedicta</span> <span class='ocrx_word' id='word_1_68' title='bbox 603 1617 775 1688; x_wconf 83' lang='lat' dir='ltr'>accedant,</span> <span class='ocrx_word' id='word_1_69' title='bbox 791 1616 849 1678; x_wconf 91' lang='lat' dir='ltr'>aut</span> <span class='ocrx_word' id='word_1_70' title='bbox 863 1616 1049 1678; x_wconf 84' lang='lat' dir='ltr'>molestiam</span> 
     </span>
     <span class='ocr_line' id='line_1_15' title="bbox 253 1713 1051 1795; baseline -0.005 -16"><span class='ocrx_word' id='word_1_71' title='bbox 253 1717 400 1795; x_wconf 89' lang='lat' dir='ltr'>aliquam</span> <span class='ocrx_word' id='word_1_72' title='bbox 425 1732 484 1778; x_wconf 91' lang='lat' dir='ltr'>seu</span> <span class='ocrx_word' id='word_1_73' title='bbox 508 1714 792 1794; x_wconf 85' lang='lat' dir='ltr'>perturbationem</span> <span class='ocrx_word' id='word_1_74' title='bbox 815 1713 971 1787; x_wconf 89' lang='lat' dir='ltr'>inferant,</span> <span class='ocrx_word' id='word_1_75' title='bbox 993 1715 1051 1776; x_wconf 92' lang='lat' dir='ltr'>aut</span> 
     </span>
     <span class='ocr_line' id='line_1_16' title="bbox 253 1811 1049 1891; baseline -0.008 -14"><span class='ocrx_word' id='word_1_76' title='bbox 253 1813 509 1878; x_wconf 89' lang='lat' dir='ltr'>consuetudines</span> <span class='ocrx_word' id='word_1_77' title='bbox 528 1829 648 1891; x_wconf 90' lang='lat' dir='ltr'>pravas</span> <span class='ocrx_word' id='word_1_78' title='bbox 665 1829 726 1874; x_wconf 90' lang='lat' dir='ltr'>seu</span> <span class='ocrx_word' id='word_1_79' title='bbox 747 1829 851 1875; x_wconf 90' lang='lat' dir='ltr'>novas</span> <span class='ocrx_word' id='word_1_80' title='bbox 866 1811 1049 1890; x_wconf 87' lang='lat' dir='ltr'>imponant.</span> 
     </span>
     <span class='ocr_line' id='line_1_17' title="bbox 256 1911 1054 1983; baseline -0.003 -9"><span class='ocrx_word' id='word_1_81' title='bbox 256 1913 408 1974; x_wconf 81' lang='lat' dir='ltr'>chrisma</span> <span class='ocrx_word' id='word_1_82' title='bbox 439 1928 531 1983; x_wconf 90' lang='lat' dir='ltr'>vero,</span> <span class='ocrx_word' id='word_1_83' title='bbox 555 1911 664 1972; x_wconf 89' lang='lat' dir='ltr'>oleum</span> <span class='ocrx_word' id='word_1_84' title='bbox 688 1912 851 1982; x_wconf 88' lang='lat' dir='ltr'>sanctum,</span> <span class='ocrx_word' id='word_1_85' title='bbox 875 1925 1054 1972; x_wconf 88' lang='lat' dir='ltr'>consecra-</span> 
     </span>
     <span class='ocr_line' id='line_1_18' title="bbox 255 2006 1054 2080; baseline -0.004 -9"><span class='ocrx_word' id='word_1_86' title='bbox 255 2011 363 2072; x_wconf 83' lang='lat' dir='ltr'>tiones</span> <span class='ocrx_word' id='word_1_87' title='bbox 391 2009 548 2070; x_wconf 91' lang='lat' dir='ltr'>altarium</span> <span class='ocrx_word' id='word_1_88' title='bbox 576 2025 635 2070; x_wconf 91' lang='lat' dir='ltr'>seu</span> <span class='ocrx_word' id='word_1_89' title='bbox 662 2006 889 2080; x_wconf 85' lang='lat' dir='ltr'>basilicarum,</span> <span class='ocrx_word' id='word_1_90' title='bbox 916 2006 1054 2069; x_wconf 91' lang='lat' dir='ltr'>ordina-</span> 
     </span>
     <span class='ocr_line' id='line_1_19' title="bbox 257 2103 1052 2182; baseline -0.004 -14"><span class='ocrx_word' id='word_1_91' title='bbox 257 2108 365 2169; x_wconf 79' lang='lat' dir='ltr'>tiones</span> <span class='ocrx_word' id='word_1_92' title='bbox 381 2106 619 2168; x_wconf 88' lang='lat' dir='ltr'>monachorum</span> <span class='ocrx_word' id='word_1_93' title='bbox 640 2105 693 2167; x_wconf 89' lang='lat' dir='ltr'>vel</span> <span class='ocrx_word' id='word_1_94' title='bbox 715 2105 913 2167; x_wconf 90' lang='lat' dir='ltr'>clericorum</span> <span class='ocrx_word' id='word_1_95' title='bbox 933 2104 989 2182; x_wconf 92' lang='lat' dir='ltr'>qui</span> <span class='ocrx_word' id='word_1_96' title='bbox 1011 2103 1052 2166; x_wconf 91' lang='lat' dir='ltr'>ad</span> 
     </span>
     <span class='ocr_line' id='line_1_20' title="bbox 259 2201 1054 2281; baseline -0.004 -15"><span class='ocrx_word' id='word_1_97' title='bbox 259 2220 373 2266; x_wconf 89' lang='lat' dir='ltr'>sacros</span> <span class='ocrx_word' id='word_1_98' title='bbox 394 2203 530 2266; x_wconf 89' lang='lat' dir='ltr'>ordines</span> <span class='ocrx_word' id='word_1_99' title='bbox 550 2202 674 2265; x_wconf 91' lang='lat' dir='ltr'>fuerint</span> <span class='ocrx_word' id='word_1_100' title='bbox 696 2202 922 2281; x_wconf 87' lang='lat' dir='ltr'>promovendi,</span> <span class='ocrx_word' id='word_1_101' title='bbox 940 2201 1054 2264; x_wconf 87' lang='grc'><strong>313113</strong></span> 
     </span>
     <span class='ocr_line' id='line_1_21' title="bbox 259 2302 1054 2379; baseline -0.005 -13"><span class='ocrx_word' id='word_1_102' title='bbox 259 2302 486 2366; x_wconf 83' lang='lat' dir='ltr'>ecclesiastica</span> <span class='ocrx_word' id='word_1_103' title='bbox 502 2303 708 2363; x_wconf 88' lang='lat' dir='ltr'>sacramenta</span> <span class='ocrx_word' id='word_1_104' title='bbox 727 2317 746 2363; x_wconf 90' lang='grc'>3</span> <span class='ocrx_word' id='word_1_105' title='bbox 761 2316 967 2379; x_wconf 90' lang='lat' dir='ltr'>quocumque</span> <span class='ocrx_word' id='word_1_106' title='bbox 979 2316 1054 2362; x_wconf 90' lang='grc'><strong>313-</strong></span> 
     </span>
     <span class='ocr_line' id='line_1_22' title="bbox 259 2398 1056 2476; baseline -0.003 -14"><span class='ocrx_word' id='word_1_107' title='bbox 259 2400 391 2462; x_wconf 87' lang='grc'><strong>13311113</strong></span> <span class='ocrx_word' id='word_1_108' title='bbox 410 2399 599 2476; x_wconf 89' lang='lat' dir='ltr'>suscipietis</span> <span class='ocrx_word' id='word_1_109' title='bbox 623 2399 788 2476; x_wconf 86' lang='lat' dir='ltr'>episcope,</span> <span class='ocrx_word' id='word_1_110' title='bbox 813 2398 975 2476; x_wconf 88' lang='lat' dir='ltr'>siquidem</span> <span class='ocrx_word' id='word_1_111' title='bbox 998 2413 1056 2460; x_wconf 87' lang='grc'>33-</span> 
     </span>
     <span class='ocr_line' id='line_1_23' title="bbox 259 2495 1056 2573; baseline -0.004 -14"><span class='ocrx_word' id='word_1_112' title='bbox 259 2497 404 2560; x_wconf 88' lang='grc'><strong>11311333</strong></span> <span class='ocrx_word' id='word_1_113' title='bbox 429 2495 541 2569; x_wconf 79' lang='lat' dir='ltr'>fuerit,</span> <span class='ocrx_word' id='word_1_114' title='bbox 563 2499 596 2558; x_wconf 92' lang='lat' dir='ltr'>et</span> <span class='ocrx_word' id='word_1_115' title='bbox 616 2497 759 2573; x_wconf 85' lang='lat' dir='ltr'>gratiam</span> <span class='ocrx_word' id='word_1_116' title='bbox 783 2496 884 2573; x_wconf 89' lang='lat' dir='ltr'>atque</span> <span class='ocrx_word' id='word_1_117' title='bbox 907 2511 1056 2557; x_wconf 90' lang='lat' dir='ltr'>commu-</span> 
     </span>
     <span class='ocr_line' id='line_1_24' title="bbox 260 2593 1056 2671; baseline -0.001 -15"><span class='ocrx_word' id='word_1_118' title='bbox 260 2597 394 2657; x_wconf 90' lang='lat' dir='ltr'>nionem</span> <span class='ocrx_word' id='word_1_119' title='bbox 419 2593 617 2671; x_wconf 77' lang='lat' dir='ltr'>Apostolioae</span> <span class='ocrx_word' id='word_1_120' title='bbox 645 2594 740 2656; x_wconf 86' lang='lat' dir='ltr'>Sedis</span> <span class='ocrx_word' id='word_1_121' title='bbox 765 2593 934 2666; x_wconf 89' lang='lat' dir='ltr'>hahuerit,</span> <span class='ocrx_word' id='word_1_122' title='bbox 958 2595 991 2656; x_wconf 83' lang='lat' dir='ltr'>et</span> <span class='ocrx_word' id='word_1_123' title='bbox 1015 2609 1056 2655; x_wconf 89' lang='lat' dir='ltr'>ea</span> 
     </span>
     <span class='ocr_line' id='line_1_25' title="bbox 259 2690 1056 2770; baseline -0.006 -14"><span class='ocrx_word' id='word_1_124' title='bbox 259 2693 354 2756; x_wconf 90' lang='lat' dir='ltr'>vohis</span> <span class='ocrx_word' id='word_1_125' title='bbox 386 2693 490 2769; x_wconf 85' lang='lat' dir='ltr'>gratis</span> <span class='ocrx_word' id='word_1_126' title='bbox 521 2693 554 2754; x_wconf 87' lang='lat' dir='ltr'>et</span> <span class='ocrx_word' id='word_1_127' title='bbox 582 2690 708 2770; x_wconf 89' lang='lat' dir='ltr'>absque</span> <span class='ocrx_word' id='word_1_128' title='bbox 742 2692 906 2768; x_wconf 82' lang='lat' dir='ltr'>pravitate</span> <span class='ocrx_word' id='word_1_129' title='bbox 943 2691 1056 2769; x_wconf 90' lang='lat' dir='ltr'>aliqua</span> 
     </span>
     <span class='ocr_line' id='line_1_26' title="bbox 260 2789 1056 2866; baseline -0.004 -12"><span class='ocrx_word' id='word_1_130' title='bbox 260 2791 405 2854; x_wconf 89' lang='lat' dir='ltr'>voluerit</span> <span class='ocrx_word' id='word_1_131' title='bbox 436 2789 619 2864; x_wconf 85' lang='lat' dir='ltr'>exhihere;</span> <span class='ocrx_word' id='word_1_132' title='bbox 657 2789 714 2866; x_wconf 90' lang='lat' dir='ltr'>qui</span> <span class='ocrx_word' id='word_1_133' title='bbox 748 2789 906 2851; x_wconf 90' lang='lat' dir='ltr'>nimirum</span> <span class='ocrx_word' id='word_1_134' title='bbox 942 2791 1056 2851; x_wconf 91' lang='lat' dir='ltr'>nostra</span> 
     </span>
     <span class='ocr_line' id='line_1_27' title="bbox 262 2887 1055 2965; baseline -0.004 -15"><span class='ocrx_word' id='word_1_135' title='bbox 262 2889 363 2952; x_wconf 90' lang='lat' dir='ltr'>fultus</span> <span class='ocrx_word' id='word_1_136' title='bbox 374 2887 572 2950; x_wconf 87' lang='lat' dir='ltr'>auctoritate</span> <span class='ocrx_word' id='word_1_137' title='bbox 581 2887 666 2965; x_wconf 90' lang='lat' dir='ltr'>quod</span> <span class='ocrx_word' id='word_1_138' title='bbox 678 2887 864 2963; x_wconf 91' lang='lat' dir='ltr'>postulatur</span> <span class='ocrx_word' id='word_1_139' title='bbox 873 2887 1055 2964; x_wconf 79' lang='lat' dir='ltr'>indulgeat.</span> 
     </span>
     <span class='ocr_line' id='line_1_28' title="bbox 263 2983 1058 3061; baseline -0.003 -13"><span class='ocrx_word' id='word_1_140' title='bbox 263 2986 410 3048; x_wconf 89' lang='lat' dir='ltr'>Obeunte</span> <span class='ocrx_word' id='word_1_141' title='bbox 430 3001 509 3047; x_wconf 88' lang='lat' dir='ltr'>vero</span> <span class='ocrx_word' id='word_1_142' title='bbox 530 2986 564 3045; x_wconf 91' lang='lat' dir='ltr'>te</span> <span class='ocrx_word' id='word_1_143' title='bbox 587 2999 674 3045; x_wconf 92' lang='lat' dir='ltr'>nunc</span> <span class='ocrx_word' id='word_1_144' title='bbox 689 2983 836 3061; x_wconf 88' lang='lat' dir='ltr'>ejusdem</span> <span class='ocrx_word' id='word_1_145' title='bbox 856 2984 920 3046; x_wconf 94' lang='lat' dir='ltr'>loci</span> <span class='ocrx_word' id='word_1_146' title='bbox 940 2984 1058 3046; x_wconf 89' lang='lat' dir='ltr'>abbate</span> 
     </span>
     <span class='ocr_line' id='line_1_29' title="bbox 262 3080 1058 3159; baseline -0.004 -13"><span class='ocrx_word' id='word_1_147' title='bbox 262 3083 460 3146; x_wconf 88' lang='lat' dir='ltr'>veltuorum</span> <span class='ocrx_word' id='word_1_148' title='bbox 476 3080 623 3159; x_wconf 88' lang='lat' dir='ltr'>quolibet</span> <span class='ocrx_word' id='word_1_149' title='bbox 636 3096 875 3154; x_wconf 89' lang='lat' dir='ltr'>successorum,</span> <span class='ocrx_word' id='word_1_150' title='bbox 888 3082 1000 3143; x_wconf 90' lang='lat' dir='ltr'>nullus</span> <span class='ocrx_word' id='word_1_151' title='bbox 1012 3082 1058 3143; x_wconf 91' lang='lat' dir='ltr'>ibi</span> 
     </span>
     <span class='ocr_line' id='line_1_30' title="bbox 264 3179 1058 3259; baseline -0.003 -17"><span class='ocrx_word' id='word_1_152' title='bbox 264 3179 413 3259; x_wconf 90' lang='lat' dir='ltr'>qualibet</span> <span class='ocrx_word' id='word_1_153' title='bbox 435 3179 657 3257; x_wconf 88' lang='lat' dir='ltr'>subreptionis</span> <span class='ocrx_word' id='word_1_154' title='bbox 680 3179 801 3241; x_wconf 87' lang='lat' dir='ltr'>astutia</span> <span class='ocrx_word' id='word_1_155' title='bbox 821 3195 880 3242; x_wconf 90' lang='lat' dir='ltr'>seu</span> <span class='ocrx_word' id='word_1_156' title='bbox 899 3179 1058 3242; x_wconf 90' lang='lat' dir='ltr'>violentia</span> 
     </span>
     <span class='ocr_line' id='line_1_31' title="bbox 263 3276 1058 3358; baseline 0 -20"><span class='ocrx_word' id='word_1_157' title='bbox 263 3276 487 3358; x_wconf 88' lang='lat' dir='ltr'>praeponatur,</span> <span class='ocrx_word' id='word_1_158' title='bbox 504 3276 571 3338; x_wconf 89' lang='lat' dir='ltr'>nisi</span> <span class='ocrx_word' id='word_1_159' title='bbox 586 3293 684 3356; x_wconf 87' lang='lat' dir='ltr'>quam</span> <span class='ocrx_word' id='word_1_160' title='bbox 699 3277 810 3340; x_wconf 90' lang='grc'><strong>133133</strong></span> <span class='ocrx_word' id='word_1_161' title='bbox 824 3276 945 3342; x_wconf 91' lang='lat' dir='ltr'>fratres</span> <span class='ocrx_word' id='word_1_162' title='bbox 965 3293 1058 3340; x_wconf 89' lang='lat' dir='ltr'>com-</span> 
     </span>
     <span class='ocr_line' id='line_1_32' title="bbox 263 3373 1058 3452; baseline -0.003 -14"><span class='ocrx_word' id='word_1_163' title='bbox 263 3376 355 3438; x_wconf 93' lang='lat' dir='ltr'>muni</span> <span class='ocrx_word' id='word_1_164' title='bbox 379 3392 555 3449; x_wconf 89' lang='lat' dir='ltr'>consensu,</span> <span class='ocrx_word' id='word_1_165' title='bbox 578 3375 631 3436; x_wconf 91' lang='lat' dir='ltr'>vel</span> <span class='ocrx_word' id='word_1_166' title='bbox 653 3376 794 3438; x_wconf 89' lang='lat' dir='ltr'>fratrum</span> <span class='ocrx_word' id='word_1_167' title='bbox 822 3392 899 3452; x_wconf 92' lang='lat' dir='ltr'>pars</span> <span class='ocrx_word' id='word_1_168' title='bbox 925 3373 1058 3438; x_wconf 90' lang='lat' dir='ltr'>consilii</span> 
     </span>
     <span class='ocr_line' id='line_1_33' title="bbox 263 3473 1061 3548; baseline -0.003 -12"><span class='ocrx_word' id='word_1_169' title='bbox 263 3473 422 3548; x_wconf 89' lang='lat' dir='ltr'>sanioris,</span> <span class='ocrx_word' id='word_1_170' title='bbox 443 3473 624 3536; x_wconf 89' lang='lat' dir='ltr'>secundum</span> <span class='ocrx_word' id='word_1_171' title='bbox 646 3473 778 3536; x_wconf 87' lang='lat' dir='ltr'>Domini</span> <span class='ocrx_word' id='word_1_172' title='bbox 796 3475 829 3535; x_wconf 90' lang='lat' dir='ltr'>et</span> <span class='ocrx_word' id='word_1_173' title='bbox 845 3473 934 3536; x_wconf 91' lang='lat' dir='ltr'>beati</span> <span class='ocrx_word' id='word_1_174' title='bbox 953 3477 1061 3535; x_wconf 89' lang='lat' dir='ltr'>Bene-</span> 
     </span>
     <span class='ocr_line' id='line_1_34' title="bbox 263 3571 1059 3648; baseline -0.003 -13"><span class='ocrx_word' id='word_1_175' title='bbox 263 3571 343 3635; x_wconf 88' lang='lat' dir='ltr'>dicti</span> <span class='ocrx_word' id='word_1_176' title='bbox 364 3571 514 3648; x_wconf 82' lang='lat' dir='ltr'>regulam</span> <span class='ocrx_word' id='word_1_177' title='bbox 533 3571 709 3634; x_wconf 89' lang='grc'><strong>13331313</strong></span> <span class='ocrx_word' id='word_1_178' title='bbox 733 3571 884 3648; x_wconf 72' lang='lat' dir='ltr'>collegio</span> <span class='ocrx_word' id='word_1_179' title='bbox 904 3571 1059 3634; x_wconf 90' lang='grc'><strong>1313113-</strong></span> 
     </span>
     <span class='ocr_line' id='line_1_35' title="bbox 262 3669 1060 3747; baseline 0 -15"><span class='ocrx_word' id='word_1_180' title='bbox 262 3669 333 3732; x_wconf 90' lang='lat' dir='ltr'>rius</span> <span class='ocrx_word' id='word_1_181' title='bbox 350 3669 493 3732; x_wconf 86' lang='lat' dir='ltr'>coeaohii</span> <span class='ocrx_word' id='word_1_182' title='bbox 513 3669 542 3730; x_wconf 91' lang='lat' dir='ltr'>si</span> <span class='ocrx_word' id='word_1_183' title='bbox 565 3669 611 3730; x_wconf 94' lang='lat' dir='ltr'>ibi</span> <span class='ocrx_word' id='word_1_184' title='bbox 632 3670 755 3747; x_wconf 90' lang='lat' dir='ltr'>aliquis</span> <span class='ocrx_word' id='word_1_185' title='bbox 770 3670 810 3732; x_wconf 90' lang='grc'>31</span> <span class='ocrx_word' id='word_1_186' title='bbox 827 3671 889 3732; x_wconf 93' lang='grc'>133</span> <span class='ocrx_word' id='word_1_187' title='bbox 910 3670 1060 3746; x_wconf 78' lang='lat' dir='ltr'>regimen</span> 
     </span>
     <span class='ocr_line' id='line_1_36' title="bbox 263 3767 1061 3844; baseline 0 -16"><span class='ocrx_word' id='word_1_188' title='bbox 263 3768 381 3844; x_wconf 80' lang='lat' dir='ltr'>dignus</span> <span class='ocrx_word' id='word_1_189' title='bbox 397 3767 547 3844; x_wconf 88' lang='lat' dir='ltr'>repertus</span> <span class='ocrx_word' id='word_1_190' title='bbox 564 3782 631 3828; x_wconf 91' lang='lat' dir='ltr'>nou</span> <span class='ocrx_word' id='word_1_191' title='bbox 645 3767 756 3839; x_wconf 89' lang='lat' dir='ltr'>fuerit,</span> <span class='ocrx_word' id='word_1_192' title='bbox 773 3769 979 3844; x_wconf 89' lang='lat' dir='ltr'>providerint</span> <span class='ocrx_word' id='word_1_193' title='bbox 998 3768 1061 3828; x_wconf 92' lang='lat' dir='ltr'>eli-</span> 
     </span>
     <span class='ocr_line' id='line_1_37' title="bbox 263 3863 1060 3942; baseline 0.001 -17"><span class='ocrx_word' id='word_1_194' title='bbox 263 3863 1060 3942; x_wconf 73' lang='lat' dir='ltr'>gendumquijuxtaantiquamecclesiaevestrae</span> 
     </span>
     <span class='ocr_line' id='line_1_38' title="bbox 264 3960 1060 4038; baseline -0.001 -15"><span class='ocrx_word' id='word_1_195' title='bbox 264 3960 538 4024; x_wconf 87' lang='lat' dir='ltr'>consuetudinem</span> <span class='ocrx_word' id='word_1_196' title='bbox 573 3975 593 4022; x_wconf 89' lang='lat' dir='ltr'>a</span> <span class='ocrx_word' id='word_1_197' title='bbox 632 3977 839 4038; x_wconf 89' lang='lat' dir='ltr'>quocumque</span> <span class='ocrx_word' id='word_1_198' title='bbox 875 3961 1060 4022; x_wconf 89' lang='lat' dir='ltr'>malueritis</span> 
     </span>
     <span class='ocr_line' id='line_1_39' title="bbox 265 4057 1062 4137; baseline 0 -17"><span class='ocrx_word' id='word_1_199' title='bbox 265 4059 420 4137; x_wconf 86' lang='lat' dir='ltr'>episcopo</span> <span class='ocrx_word' id='word_1_200' title='bbox 449 4059 672 4120; x_wconf 90' lang='lat' dir='ltr'>consecretur.</span> <span class='ocrx_word' id='word_1_201' title='bbox 701 4057 891 4136; x_wconf 77' lang='grc'><strong>3333131133</strong></span> <span class='ocrx_word' id='word_1_202' title='bbox 924 4059 1062 4136; x_wconf 90' lang='grc'><strong>1333331</strong></span> 
     </span>
     <span class='ocr_line' id='line_1_40' title="bbox 265 4155 1063 4228; baseline -0.004 -7"><span class='ocrx_word' id='word_1_203' title='bbox 265 4158 463 4221; x_wconf 89' lang='lat' dir='ltr'>auctoritate</span> <span class='ocrx_word' id='word_1_204' title='bbox 493 4157 687 4228; x_wconf 85' lang='lat' dir='ltr'>statuimus,</span> <span class='ocrx_word' id='word_1_205' title='bbox 715 4155 834 4219; x_wconf 89' lang='grc'><strong>31331</strong></span> <span class='ocrx_word' id='word_1_206' title='bbox 862 4156 1063 4218; x_wconf 89' lang='lat' dir='ltr'>intermina-</span> 
     </span>
     <span class='ocr_line' id='line_1_41' title="bbox 263 4253 1061 4333; baseline -0.003 -13"><span class='ocrx_word' id='word_1_207' title='bbox 263 4257 355 4320; x_wconf 91' lang='lat' dir='ltr'>tione</span> <span class='ocrx_word' id='word_1_208' title='bbox 378 4255 602 4318; x_wconf 88' lang='lat' dir='ltr'>anathematis</span> <span class='ocrx_word' id='word_1_209' title='bbox 630 4253 844 4333; x_wconf 91' lang='lat' dir='ltr'>prohibemus</span> <span class='ocrx_word' id='word_1_210' title='bbox 864 4271 909 4317; x_wconf 92' lang='lat' dir='ltr'>ne</span> <span class='ocrx_word' id='word_1_211' title='bbox 926 4253 1061 4318; x_wconf 88' lang='lat' dir='ltr'>abbates</span> 
     </span>
     <span class='ocr_line' id='line_1_42' title="bbox 263 4351 1059 4431; baseline -0.003 -15"><span class='ocrx_word' id='word_1_212' title='bbox 263 4353 367 4416; x_wconf 88' lang='grc'><strong>133111</strong></span> <span class='ocrx_word' id='word_1_213' title='bbox 395 4354 452 4431; x_wconf 93' lang='lat' dir='ltr'>qui</span> <span class='ocrx_word' id='word_1_214' title='bbox 484 4370 545 4430; x_wconf 92' lang='lat' dir='ltr'>pro</span> <span class='ocrx_word' id='word_1_215' title='bbox 574 4355 723 4431; x_wconf 90' lang='lat' dir='ltr'>tempore</span> <span class='ocrx_word' id='word_1_216' title='bbox 754 4353 893 4426; x_wconf 90' lang='lat' dir='ltr'>fuerint,</span> <span class='ocrx_word' id='word_1_217' title='bbox 926 4351 1059 4425; x_wconf 85' lang='lat' dir='ltr'>altaria,</span> 
     </span>
     <span class='ocr_line' id='line_1_43' title="bbox 265 4449 1064 4528; baseline -0.003 -16"><span class='ocrx_word' id='word_1_218' title='bbox 265 4450 424 4522; x_wconf 90' lang='lat' dir='ltr'>decimas,</span> <span class='ocrx_word' id='word_1_219' title='bbox 445 4449 639 4528; x_wconf 88' lang='lat' dir='ltr'>praebendas</span> <span class='ocrx_word' id='word_1_220' title='bbox 658 4449 872 4512; x_wconf 87' lang='lat' dir='ltr'>monachales</span> <span class='ocrx_word' id='word_1_221' title='bbox 893 4449 1064 4528; x_wconf 90' lang='lat' dir='ltr'>aliquoti-</span> 
     </span>
     <span class='ocr_line' id='line_1_44' title="bbox 266 4547 1062 4624; baseline -0.003 -14"><span class='ocrx_word' id='word_1_222' title='bbox 266 4548 336 4612; x_wconf 96' lang='lat' dir='ltr'>tulo</span> <span class='ocrx_word' id='word_1_223' title='bbox 353 4547 502 4608; x_wconf 90' lang='lat' dir='ltr'>alienare</span> <span class='ocrx_word' id='word_1_224' title='bbox 517 4548 730 4623; x_wconf 87' lang='lat' dir='ltr'>praesumant,</span> <span class='ocrx_word' id='word_1_225' title='bbox 748 4563 809 4608; x_wconf 91' lang='lat' dir='ltr'>nec</span> <span class='ocrx_word' id='word_1_226' title='bbox 824 4547 909 4608; x_wconf 90' lang='lat' dir='ltr'>alias</span> <span class='ocrx_word' id='word_1_227' title='bbox 924 4562 1062 4624; x_wconf 91' lang='lat' dir='ltr'>posses-</span> 
     </span>
     <span class='ocr_line' id='line_1_45' title="bbox 268 4643 1060 4717; baseline -0.001 -11"><span class='ocrx_word' id='word_1_228' title='bbox 268 4645 380 4706; x_wconf 90' lang='lat' dir='ltr'>siones</span> <span class='ocrx_word' id='word_1_229' title='bbox 408 4643 603 4706; x_wconf 84' lang='lat' dir='ltr'>monasterii</span> <span class='ocrx_word' id='word_1_230' title='bbox 629 4659 688 4705; x_wconf 90' lang='grc'>333</span> <span class='ocrx_word' id='word_1_231' title='bbox 710 4644 886 4706; x_wconf 89' lang='lat' dir='ltr'>thesauros</span> <span class='ocrx_word' id='word_1_232' title='bbox 905 4644 1060 4717; x_wconf 89' lang='lat' dir='ltr'>vendere,</span> 
     </span>
     <span class='ocr_line' id='line_1_46' title="bbox 267 4741 1064 4820; baseline -0.005 -12"><span class='ocrx_word' id='word_1_233' title='bbox 267 4741 426 4820; x_wconf 81' lang='lat' dir='ltr'>obligare,</span> <span class='ocrx_word' id='word_1_234' title='bbox 450 4743 509 4804; x_wconf 90' lang='lat' dir='ltr'>aut</span> <span class='ocrx_word' id='word_1_235' title='bbox 529 4741 703 4803; x_wconf 77' lang='lat' dir='ltr'>infeudare</span> <span class='ocrx_word' id='word_1_236' title='bbox 724 4742 798 4804; x_wconf 90' lang='lat' dir='ltr'>sine</span> <span class='ocrx_word' id='word_1_237' title='bbox 818 4743 985 4804; x_wconf 89' lang='lat' dir='ltr'>communi</span> <span class='ocrx_word' id='word_1_238' title='bbox 1006 4757 1064 4804; x_wconf 90' lang='lat' dir='ltr'>as-</span> 
     </span>
     <span class='ocr_line' id='line_1_47' title="bbox 267 4839 1062 4918; baseline -0.005 -14"><span class='ocrx_word' id='word_1_239' title='bbox 267 4857 368 4904; x_wconf 88' lang='lat' dir='ltr'>sensu</span> <span class='ocrx_word' id='word_1_240' title='bbox 401 4839 539 4917; x_wconf 88' lang='lat' dir='ltr'>capituli</span> <span class='ocrx_word' id='word_1_241' title='bbox 567 4840 619 4902; x_wconf 87' lang='lat' dir='ltr'>vel</span> <span class='ocrx_word' id='word_1_242' title='bbox 651 4840 787 4918; x_wconf 89' lang='lat' dir='ltr'>majoris</span> <span class='ocrx_word' id='word_1_243' title='bbox 826 4844 885 4903; x_wconf 90' lang='grc'>331</span> <span class='ocrx_word' id='word_1_244' title='bbox 919 4839 1062 4902; x_wconf 90' lang='grc'><strong>33313113</strong></span> 
     </span>
     <span class='ocr_line' id='line_1_48' title="bbox 266 4938 1063 5017; baseline -0.001 -16"><span class='ocrx_word' id='word_1_245' title='bbox 266 4939 371 5017; x_wconf 90' lang='lat' dir='ltr'>partis</span> <span class='ocrx_word' id='word_1_246' title='bbox 385 4938 596 5016; x_wconf 89' lang='lat' dir='ltr'>aliquatenus</span> <span class='ocrx_word' id='word_1_247' title='bbox 610 4938 766 5002; x_wconf 90' lang='lat' dir='ltr'>audeant.</span> <span class='ocrx_word' id='word_1_248' title='bbox 786 4939 834 5001; x_wconf 84' lang='lat' dir='ltr'>hd</span> <span class='ocrx_word' id='word_1_249' title='bbox 856 4939 928 5001; x_wconf 85' lang='lat' dir='ltr'>haec</span> <span class='ocrx_word' id='word_1_250' title='bbox 951 4939 1063 5000; x_wconf 90' lang='grc'><strong>331331</strong></span> 
     </span>
     <span class='ocr_line' id='line_1_49' title="bbox 265 5035 1064 5116; baseline -0.004 -17"><span class='ocrx_word' id='word_1_251' title='bbox 265 5037 440 5116; x_wconf 90' lang='lat' dir='ltr'>adjicimus</span> <span class='ocrx_word' id='word_1_252' title='bbox 462 5051 505 5098; x_wconf 91' lang='lat' dir='ltr'>ne</span> <span class='ocrx_word' id='word_1_253' title='bbox 523 5036 628 5115; x_wconf 86' lang='lat' dir='ltr'>aliqui</span> <span class='ocrx_word' id='word_1_254' title='bbox 647 5035 802 5098; x_wconf 91' lang='lat' dir='ltr'>monachi</span> <span class='ocrx_word' id='word_1_255' title='bbox 826 5053 885 5098; x_wconf 89' lang='lat' dir='ltr'>seu</span> <span class='ocrx_word' id='word_1_256' title='bbox 909 5035 1064 5099; x_wconf 89' lang='lat' dir='ltr'>conversi</span> 
     </span>
     <span class='ocr_line' id='line_1_50' title="bbox 266 5133 1063 5215; baseline -0.004 -19"><span class='ocrx_word' id='word_1_257' title='bbox 266 5135 326 5196; x_wconf 94' lang='grc'>331</span> <span class='ocrx_word' id='word_1_258' title='bbox 342 5134 549 5215; x_wconf 81' lang='lat' dir='ltr'>professione</span> <span class='ocrx_word' id='word_1_259' title='bbox 563 5135 680 5198; x_wconf 90' lang='lat' dir='ltr'>domus</span> <span class='ocrx_word' id='word_1_260' title='bbox 695 5135 815 5198; x_wconf 75' lang='lat' dir='ltr'>vestra</span> <span class='ocrx_word' id='word_1_261' title='bbox 833 5134 973 5206; x_wconf 85' lang='lat' dir='ltr'>astricti,</span> <span class='ocrx_word' id='word_1_262' title='bbox 991 5133 1063 5194; x_wconf 92' lang='lat' dir='ltr'>sine</span> 
     </span>
     <span class='ocr_line' id='line_1_51' title="bbox 265 5230 1063 5312; baseline -0.006 -16"><span class='ocrx_word' id='word_1_263' title='bbox 265 5249 431 5296; x_wconf 88' lang='lat' dir='ltr'>consensu</span> <span class='ocrx_word' id='word_1_264' title='bbox 462 5233 592 5296; x_wconf 89' lang='grc'><strong>3113113</strong></span> <span class='ocrx_word' id='word_1_265' title='bbox 620 5233 654 5296; x_wconf 92' lang='grc'>31</span> <span class='ocrx_word' id='word_1_266' title='bbox 683 5233 821 5312; x_wconf 82' lang='lat' dir='ltr'>majoris</span> <span class='ocrx_word' id='word_1_267' title='bbox 854 5247 893 5294; x_wconf 89' lang='grc'>33</span> <span class='ocrx_word' id='word_1_268' title='bbox 919 5230 1063 5293; x_wconf 90' lang='grc'><strong>33313113</strong></span> 
     </span>
     <span class='ocr_line' id='line_1_52' title="bbox 263 5329 1060 5412; baseline -0.008 -18"><span class='ocrx_word' id='word_1_269' title='bbox 263 5334 369 5412; x_wconf 90' lang='lat' dir='ltr'>partis</span> <span class='ocrx_word' id='word_1_270' title='bbox 381 5331 519 5410; x_wconf 91' lang='lat' dir='ltr'>capituli</span> <span class='ocrx_word' id='word_1_271' title='bbox 533 5332 636 5394; x_wconf 88' lang='lat' dir='ltr'>vestri</span> <span class='ocrx_word' id='word_1_272' title='bbox 649 5347 709 5410; x_wconf 91' lang='lat' dir='ltr'>pro</span> <span class='ocrx_word' id='word_1_273' title='bbox 722 5331 833 5408; x_wconf 90' lang='lat' dir='ltr'>aliquo</span> <span class='ocrx_word' id='word_1_274' title='bbox 848 5329 1060 5408; x_wconf 81' lang='lat' dir='ltr'>fidejubeant,</span> 
     </span>
     <span class='ocr_line' id='line_1_53' title="bbox 265 5425 1064 5508; baseline -0.005 -16"><span class='ocrx_word' id='word_1_275' title='bbox 265 5430 319 5492; x_wconf 89' lang='lat' dir='ltr'>vol</span> <span class='ocrx_word' id='word_1_276' title='bbox 344 5429 386 5491; x_wconf 93' lang='grc'>31</span> <span class='ocrx_word' id='word_1_277' title='bbox 413 5429 526 5508; x_wconf 88' lang='lat' dir='ltr'>aliquo</span> <span class='ocrx_word' id='word_1_278' title='bbox 555 5430 729 5507; x_wconf 90' lang='lat' dir='ltr'>pecuniam</span> <span class='ocrx_word' id='word_1_279' title='bbox 756 5429 870 5491; x_wconf 89' lang='lat' dir='ltr'>mutuo</span> <span class='ocrx_word' id='word_1_280' title='bbox 897 5425 1064 5504; x_wconf 88' lang='lat' dir='ltr'>accipiant</span> 
     </span>
     <span class='ocr_line' id='line_1_54' title="bbox 265 5523 1065 5605; baseline -0.006 -16"><span class='ocrx_word' id='word_1_281' title='bbox 265 5529 354 5590; x_wconf 89' lang='lat' dir='ltr'>ultra</span> <span class='ocrx_word' id='word_1_282' title='bbox 365 5527 510 5605; x_wconf 89' lang='lat' dir='ltr'>pretium</span> <span class='ocrx_word' id='word_1_283' title='bbox 523 5525 659 5605; x_wconf 90' lang='lat' dir='ltr'>capituli</span> <span class='ocrx_word' id='word_1_284' title='bbox 669 5526 772 5588; x_wconf 90' lang='lat' dir='ltr'>vestri</span> <span class='ocrx_word' id='word_1_285' title='bbox 785 5523 976 5588; x_wconf 88' lang='lat' dir='ltr'>rationabili</span> <span class='ocrx_word' id='word_1_286' title='bbox 992 5539 1065 5600; x_wconf 89' lang='lat' dir='ltr'>pro-</span> 
     </span>
     <span class='ocr_line' id='line_1_55' title="bbox 266 5622 1096 5700; baseline -0.006 -11"><span class='ocrx_word' id='word_1_287' title='bbox 266 5625 413 5689; x_wconf 88' lang='lat' dir='ltr'>videntia</span> <span class='ocrx_word' id='word_1_288' title='bbox 441 5625 626 5688; x_wconf 85' lang='lat' dir='ltr'>definitum.</span> <span class='ocrx_word' id='word_1_289' title='bbox 657 5623 749 5696; x_wconf 89' lang='lat' dir='ltr'>Quod</span> <span class='ocrx_word' id='word_1_290' title='bbox 779 5623 808 5684; x_wconf 91' lang='lat' dir='ltr'>si</span> <span class='ocrx_word' id='word_1_291' title='bbox 838 5622 948 5685; x_wconf 87' lang='lat' dir='ltr'>facere</span> <span class='ocrx_word' id='word_1_292' title='bbox 976 5637 1096 5700; x_wconf 75' lang='lat' dir='ltr'>pras-¹</span> 
     </span>
    </p>
   </div>
   <div class='ocr_carea' id='block_1_3' title="bbox 866 277 1280 342">
    <p class='ocr_par' dir='ltr' id='par_1_3' title="bbox 866 277 1280 342">
     <span class='ocr_line' id='line_1_56' title="bbox 866 277 1280 342; baseline 0.005 -2"><span class='ocrx_word' id='word_1_293' title='bbox 866 277 1042 340; x_wconf 86' lang='lat' dir='ltr'>HONORlI</span> <span class='ocrx_word' id='word_1_294' title='bbox 1065 278 1110 340; x_wconf 90' lang='lat'>111</span> <span class='ocrx_word' id='word_1_295' title='bbox 1131 280 1280 342; x_wconf 81' lang='lat' dir='ltr'>OPERA.</span> 
     </span>
    </p>
   </div>
   <div class='ocr_carea' id='block_1_4' title="bbox 1836 284 1899 346">
    <p class='ocr_par' dir='ltr' id='par_1_4' title="bbox 1836 284 1899 346">
     <span class='ocr_line' id='line_1_57' title="bbox 1836 284 1899 346; baseline 0 0"><span class='ocrx_word' id='word_1_296' title='bbox 1836 284 1899 346; x_wconf 77' lang='lat'>272</span> 
     </span>
    </p>
   </div>
   <div class='ocr_carea' id='block_1_5' title="bbox 1096 439 1912 4046">
    <p class='ocr_par' dir='ltr' id='par_1_5' title="bbox 1096 439 1911 3344">
     <span class='ocr_line' id='line_1_58' title="bbox 1096 439 1897 521; baseline 0.002 -17"><span class='ocrx_word' id='word_1_297' title='bbox 1096 441 1314 520; x_wconf 87' lang='lat' dir='ltr'>sumpserint,</span> <span class='ocrx_word' id='word_1_298' title='bbox 1345 455 1411 502; x_wconf 92' lang='lat' dir='ltr'>non</span> <span class='ocrx_word' id='word_1_299' title='bbox 1438 439 1592 503; x_wconf 89' lang='lat' dir='ltr'>teneatur</span> <span class='ocrx_word' id='word_1_300' title='bbox 1624 442 1807 506; x_wconf 85' lang='lat' dir='ltr'>conventus</span> <span class='ocrx_word' id='word_1_301' title='bbox 1836 461 1897 521; x_wconf 90' lang='lat' dir='ltr'>pro</span> 
     </span>
     <span class='ocr_line' id='line_1_59' title="bbox 1096 539 1897 618; baseline -0.001 -14"><span class='ocrx_word' id='word_1_302' title='bbox 1096 543 1150 604; x_wconf 92' lang='lat' dir='ltr'>his</span> <span class='ocrx_word' id='word_1_303' title='bbox 1166 541 1375 618; x_wconf 89' lang='lat' dir='ltr'>aliquatenus</span> <span class='ocrx_word' id='word_1_304' title='bbox 1385 539 1598 617; x_wconf 91' lang='lat' dir='ltr'>respondere.</span> <span class='ocrx_word' id='word_1_305' title='bbox 1612 539 1774 602; x_wconf 87' lang='lat' dir='ltr'>indictum</span> <span class='ocrx_word' id='word_1_306' title='bbox 1785 543 1897 603; x_wconf 90' lang='grc'><strong>331313</strong></span> 
     </span>
     <span class='ocr_line' id='line_1_60' title="bbox 1097 637 1899 702; baseline -0.001 0"><span class='ocrx_word' id='word_1_307' title='bbox 1097 641 1184 702; x_wconf 88' lang='grc'><strong>31331</strong></span> <span class='ocrx_word' id='word_1_308' title='bbox 1196 639 1357 700; x_wconf 90' lang='grc'><strong>113313333</strong></span> <span class='ocrx_word' id='word_1_309' title='bbox 1370 637 1544 698; x_wconf 78' lang='lat' dir='ltr'>corbeien.</span> <span class='ocrx_word' id='word_1_310' title='bbox 1560 638 1799 700; x_wconf 88' lang='lat' dir='ltr'>monasterium</span> <span class='ocrx_word' id='word_1_311' title='bbox 1814 639 1899 701; x_wconf 88' lang='lat' dir='ltr'>cele·</span> 
     </span>
     <span class='ocr_line' id='line_1_61' title="bbox 1096 733 1899 810; baseline 0.002 -12"><span class='ocrx_word' id='word_1_312' title='bbox 1096 737 1195 798; x_wconf 89' lang='lat' dir='ltr'>hrare</span> <span class='ocrx_word' id='word_1_313' title='bbox 1217 733 1389 797; x_wconf 86' lang='lat' dir='ltr'>consuevit</span> <span class='ocrx_word' id='word_1_314' title='bbox 1410 733 1507 796; x_wconf 90' lang='lat' dir='ltr'>vobis</span> <span class='ocrx_word' id='word_1_315' title='bbox 1530 735 1780 810; x_wconf 88' lang='lat' dir='ltr'>confirmamus,</span> <span class='ocrx_word' id='word_1_316' title='bbox 1802 738 1899 800; x_wconf 90' lang='grc'><strong>3133</strong></span> 
     </span>
     <span class='ocr_line' id='line_1_62' title="bbox 1098 832 1899 912; baseline 0.004 -18"><span class='ocrx_word' id='word_1_317' title='bbox 1098 835 1173 912; x_wconf 91' lang='lat' dir='ltr'>quis</span> <span class='ocrx_word' id='word_1_318' title='bbox 1186 850 1243 896; x_wconf 91' lang='lat' dir='ltr'>eos</span> <span class='ocrx_word' id='word_1_319' title='bbox 1259 833 1315 912; x_wconf 93' lang='lat' dir='ltr'>qui</span> <span class='ocrx_word' id='word_1_320' title='bbox 1330 832 1371 894; x_wconf 90' lang='lat' dir='ltr'>ad</span> <span class='ocrx_word' id='word_1_321' title='bbox 1386 833 1495 910; x_wconf 89' lang='lat' dir='ltr'>ipsum</span> <span class='ocrx_word' id='word_1_322' title='bbox 1520 834 1753 907; x_wconf 88' lang='lat' dir='ltr'>convenerint,</span> <span class='ocrx_word' id='word_1_323' title='bbox 1778 835 1814 896; x_wconf 91' lang='lat' dir='ltr'>in</span> <span class='ocrx_word' id='word_1_324' title='bbox 1838 851 1899 898; x_wconf 90' lang='grc'>33-</span> 
     </span>
     <span class='ocr_line' id='line_1_63' title="bbox 1098 931 1899 1009; baseline -0.001 -14"><span class='ocrx_word' id='word_1_325' title='bbox 1098 949 1172 995; x_wconf 87' lang='grc'><strong>11113</strong></span> <span class='ocrx_word' id='word_1_326' title='bbox 1200 931 1296 994; x_wconf 90' lang='grc'><strong>13313</strong></span> <span class='ocrx_word' id='word_1_327' title='bbox 1319 931 1372 992; x_wconf 89' lang='grc'>131</span> <span class='ocrx_word' id='word_1_328' title='bbox 1396 931 1431 992; x_wconf 91' lang='grc'>13</span> <span class='ocrx_word' id='word_1_329' title='bbox 1457 931 1609 1009; x_wconf 87' lang='grc'><strong>33133313</strong></span> <span class='ocrx_word' id='word_1_330' title='bbox 1643 931 1814 995; x_wconf 86' lang='lat' dir='ltr'>offeadere</span> <span class='ocrx_word' id='word_1_331' title='bbox 1846 933 1899 996; x_wconf 86' lang='lat' dir='ltr'>vel</span> 
     </span>
     <span class='ocr_line' id='line_1_64' title="bbox 1099 1029 1900 1108; baseline 0.001 -16"><span class='ocrx_word' id='word_1_332' title='bbox 1099 1030 1277 1092; x_wconf 89' lang='lat' dir='ltr'>molestare</span> <span class='ocrx_word' id='word_1_333' title='bbox 1293 1029 1484 1106; x_wconf 82' lang='lat' dir='ltr'>praesumat,</span> <span class='ocrx_word' id='word_1_334' title='bbox 1499 1029 1699 1092; x_wconf 86' lang='lat' dir='ltr'>auctoritate</span> <span class='ocrx_word' id='word_1_335' title='bbox 1711 1031 1900 1108; x_wconf 79' lang='grc'><strong>1333131133</strong></span> 
     </span>
     <span class='ocr_line' id='line_1_65' title="bbox 1100 1126 1901 1206; baseline 0.001 -17"><span class='ocrx_word' id='word_1_336' title='bbox 1100 1126 1326 1206; x_wconf 89' lang='lat' dir='ltr'>prohibemus.</span> <span class='ocrx_word' id='word_1_337' title='bbox 1344 1126 1402 1188; x_wconf 88' lang='lat' dir='ltr'>llis</span> <span class='ocrx_word' id='word_1_338' title='bbox 1421 1127 1532 1188; x_wconf 86' lang='lat' dir='ltr'>autem</span> <span class='ocrx_word' id='word_1_339' title='bbox 1547 1128 1604 1205; x_wconf 91' lang='lat' dir='ltr'>qui</span> <span class='ocrx_word' id='word_1_340' title='bbox 1618 1127 1728 1189; x_wconf 90' lang='lat' dir='ltr'>locum</span> <span class='ocrx_word' id='word_1_341' title='bbox 1744 1127 1852 1206; x_wconf 91' lang='lat' dir='ltr'>ipsum</span> <span class='ocrx_word' id='word_1_342' title='bbox 1865 1130 1901 1190; x_wconf 92' lang='grc'>13</span> 
     </span>
     <span class='ocr_line' id='line_1_66' title="bbox 1101 1223 1903 1299; baseline 0.002 -12"><span class='ocrx_word' id='word_1_343' title='bbox 1101 1227 1164 1288; x_wconf 88' lang='grc'>133</span> <span class='ocrx_word' id='word_1_344' title='bbox 1187 1225 1240 1286; x_wconf 89' lang='grc'>113</span> <span class='ocrx_word' id='word_1_345' title='bbox 1264 1223 1450 1286; x_wconf 88' lang='grc'><strong>1313113313</strong></span> <span class='ocrx_word' id='word_1_346' title='bbox 1478 1224 1600 1287; x_wconf 90' lang='grc'><strong>1313113</strong></span> <span class='ocrx_word' id='word_1_347' title='bbox 1623 1225 1848 1299; x_wconf 88' lang='lat' dir='ltr'>visitaverint,</span> <span class='ocrx_word' id='word_1_348' title='bbox 1869 1228 1903 1290; x_wconf 88' lang='lat' dir='ltr'>et</span> 
     </span>
     <span class='ocr_line' id='line_1_67' title="bbox 1101 1323 1902 1402; baseline 0.001 -16"><span class='ocrx_word' id='word_1_349' title='bbox 1101 1323 1264 1386; x_wconf 85' lang='lat' dir='ltr'>beneficia</span> <span class='ocrx_word' id='word_1_350' title='bbox 1278 1337 1338 1384; x_wconf 87' lang='lat' dir='ltr'>sua</span> <span class='ocrx_word' id='word_1_351' title='bbox 1354 1323 1386 1383; x_wconf 91' lang='lat' dir='ltr'>ei</span> <span class='ocrx_word' id='word_1_352' title='bbox 1407 1323 1619 1395; x_wconf 90' lang='lat' dir='ltr'>contulerint,</span> <span class='ocrx_word' id='word_1_353' title='bbox 1632 1323 1672 1384; x_wconf 90' lang='lat' dir='ltr'>de</span> <span class='ocrx_word' id='word_1_354' title='bbox 1688 1324 1838 1402; x_wconf 90' lang='lat' dir='ltr'>injuncta</span> <span class='ocrx_word' id='word_1_355' title='bbox 1853 1325 1902 1388; x_wconf 92' lang='grc'>313</span> 
     </span>
     <span class='ocr_line' id='line_1_68' title="bbox 1103 1420 1903 1500; baseline 0.001 -17"><span class='ocrx_word' id='word_1_356' title='bbox 1103 1421 1298 1500; x_wconf 83' lang='lat' dir='ltr'>poenitentia</span> <span class='ocrx_word' id='word_1_357' title='bbox 1338 1420 1558 1498; x_wconf 84' lang='lat' dir='ltr'>quadraginta</span> <span class='ocrx_word' id='word_1_358' title='bbox 1592 1420 1664 1482; x_wconf 91' lang='lat' dir='ltr'>dies</span> <span class='ocrx_word' id='word_1_359' title='bbox 1703 1423 1903 1486; x_wconf 87' lang='lat' dir='ltr'>auctoritate</span> 
     </span>
     <span class='ocr_line' id='line_1_69' title="bbox 1103 1518 1901 1598; baseline -0.001 -15"><span class='ocrx_word' id='word_1_360' title='bbox 1103 1519 1292 1598; x_wconf 84' lang='lat' dir='ltr'>Apostolica</span> <span class='ocrx_word' id='word_1_361' title='bbox 1308 1518 1510 1580; x_wconf 82' lang='lat' dir='ltr'>relaxamus.</span> <span class='ocrx_word' id='word_1_362' title='bbox 1527 1519 1693 1596; x_wconf 87' lang='lat' dir='ltr'>Hospitali</span> <span class='ocrx_word' id='word_1_363' title='bbox 1706 1522 1817 1584; x_wconf 90' lang='lat' dir='ltr'>autem</span> <span class='ocrx_word' id='word_1_364' title='bbox 1830 1535 1901 1584; x_wconf 89' lang='lat' dir='ltr'>ves·</span> 
     </span>
     <span class='ocr_line' id='line_1_70' title="bbox 1104 1615 1902 1694; baseline -0.001 -13"><span class='ocrx_word' id='word_1_365' title='bbox 1104 1619 1167 1686; x_wconf 90' lang='lat' dir='ltr'>tro,</span> <span class='ocrx_word' id='word_1_366' title='bbox 1184 1617 1271 1694; x_wconf 92' lang='lat' dir='ltr'>quod</span> <span class='ocrx_word' id='word_1_367' title='bbox 1295 1617 1448 1678; x_wconf 89' lang='lat' dir='ltr'>Portaria</span> <span class='ocrx_word' id='word_1_368' title='bbox 1472 1615 1605 1689; x_wconf 90' lang='lat' dir='ltr'>dicitur,</span> <span class='ocrx_word' id='word_1_369' title='bbox 1631 1617 1777 1679; x_wconf 90' lang='lat' dir='ltr'>decimas</span> <span class='ocrx_word' id='word_1_370' title='bbox 1799 1635 1820 1680; x_wconf 90' lang='lat' dir='ltr'>a</span> <span class='ocrx_word' id='word_1_371' title='bbox 1843 1635 1902 1680; x_wconf 90' lang='lat' dir='ltr'>oa-</span> 
     </span>
     <span class='ocr_line' id='line_1_71' title="bbox 1104 1713 1902 1792; baseline -0.001 -15"><span class='ocrx_word' id='word_1_372' title='bbox 1104 1715 1238 1778; x_wconf 89' lang='lat' dir='ltr'>tholicis</span> <span class='ocrx_word' id='word_1_373' title='bbox 1260 1714 1366 1792; x_wconf 90' lang='grc'><strong>133133</strong></span> <span class='ocrx_word' id='word_1_374' title='bbox 1387 1713 1463 1787; x_wconf 90' lang='grc'><strong>1331,</strong></span> <span class='ocrx_word' id='word_1_375' title='bbox 1490 1713 1820 1788; x_wconf 87' lang='grc'><strong>311311133,3131113</strong></span> <span class='ocrx_word' id='word_1_376' title='bbox 1841 1716 1902 1778; x_wconf 90' lang='lat' dir='ltr'>Dei</span> 
     </span>
     <span class='ocr_line' id='line_1_72' title="bbox 1106 1810 1903 1875; baseline -0.001 0"><span class='ocrx_word' id='word_1_377' title='bbox 1106 1812 1258 1875; x_wconf 88' lang='lat' dir='ltr'>fidelibus</span> <span class='ocrx_word' id='word_1_378' title='bbox 1282 1810 1525 1874; x_wconf 88' lang='lat' dir='ltr'>rationabiliter</span> <span class='ocrx_word' id='word_1_379' title='bbox 1550 1828 1725 1874; x_wconf 89' lang='lat' dir='ltr'>concessas</span> <span class='ocrx_word' id='word_1_380' title='bbox 1754 1813 1903 1875; x_wconf 89' lang='lat' dir='ltr'>auctori-</span> 
     </span>
     <span class='ocr_line' id='line_1_73' title="bbox 1106 1909 1900 1988; baseline -0.001 -15"><span class='ocrx_word' id='word_1_381' title='bbox 1106 1912 1174 1974; x_wconf 91' lang='lat' dir='ltr'>tate</span> <span class='ocrx_word' id='word_1_382' title='bbox 1197 1909 1385 1988; x_wconf 87' lang='lat' dir='ltr'>hpostclica</span> <span class='ocrx_word' id='word_1_383' title='bbox 1413 1910 1658 1972; x_wconf 86' lang='lat' dir='ltr'>confirmamus.</span> <span class='ocrx_word' id='word_1_384' title='bbox 1685 1911 1900 1972; x_wconf 89' lang='lat' dir='ltr'>Deceruimus</span> 
     </span>
     <span class='ocr_line' id='line_1_74' title="bbox 1107 2007 1904 2086; baseline -0.001 -15"><span class='ocrx_word' id='word_1_385' title='bbox 1107 2025 1186 2086; x_wconf 78' lang='lat' dir='ltr'>ergo</span> <span class='ocrx_word' id='word_1_386' title='bbox 1206 2011 1243 2071; x_wconf 91' lang='lat' dir='ltr'>ut</span> <span class='ocrx_word' id='word_1_387' title='bbox 1263 2007 1347 2068; x_wconf 93' lang='grc'><strong>33111</strong></span> <span class='ocrx_word' id='word_1_388' title='bbox 1369 2008 1503 2070; x_wconf 89' lang='grc'><strong>3133133</strong></span> <span class='ocrx_word' id='word_1_389' title='bbox 1519 2007 1689 2070; x_wconf 89' lang='lat' dir='ltr'>hominum</span> <span class='ocrx_word' id='word_1_390' title='bbox 1710 2009 1811 2072; x_wconf 86' lang='grc'><strong>113331</strong></span> <span class='ocrx_word' id='word_1_391' title='bbox 1830 2025 1904 2070; x_wconf 92' lang='grc'><strong>133-</strong></span> 
     </span>
     <span class='ocr_line' id='line_1_75' title="bbox 1108 2106 1903 2184; baseline -0.001 -15"><span class='ocrx_word' id='word_1_392' title='bbox 1108 2107 1291 2170; x_wconf 87' lang='grc'><strong>3331311313</strong></span> <span class='ocrx_word' id='word_1_393' title='bbox 1299 2107 1446 2168; x_wconf 88' lang='lat' dir='ltr'>vestrum</span> <span class='ocrx_word' id='word_1_394' title='bbox 1455 2123 1529 2168; x_wconf 92' lang='lat' dir='ltr'>cum</span> <span class='ocrx_word' id='word_1_395' title='bbox 1538 2107 1724 2184; x_wconf 88' lang='lat' dir='ltr'>saepedictis</span> <span class='ocrx_word' id='word_1_396' title='bbox 1734 2106 1903 2184; x_wconf 87' lang='lat' dir='ltr'>parochiis</span> 
     </span>
     <span class='ocr_line' id='line_1_76' title="bbox 1108 2203 1905 2282; baseline -0.001 -14"><span class='ocrx_word' id='word_1_397' title='bbox 1108 2206 1234 2268; x_wconf 91' lang='lat' dir='ltr'>temere</span> <span class='ocrx_word' id='word_1_398' title='bbox 1245 2203 1452 2282; x_wconf 88' lang='lat' dir='ltr'>perturbare,</span> <span class='ocrx_word' id='word_1_399' title='bbox 1466 2204 1519 2265; x_wconf 89' lang='lat' dir='ltr'>vel</span> <span class='ocrx_word' id='word_1_400' title='bbox 1534 2207 1665 2266; x_wconf 88' lang='lat' dir='ltr'>vestras</span> <span class='ocrx_word' id='word_1_401' title='bbox 1677 2205 1905 2282; x_wconf 85' lang='lat' dir='ltr'>possessiones</span> 
     </span>
     <span class='ocr_line' id='line_1_77' title="bbox 1108 2301 1904 2375; baseline 0 -11"><span class='ocrx_word' id='word_1_402' title='bbox 1108 2303 1252 2374; x_wconf 88' lang='lat' dir='ltr'>auferre,</span> <span class='ocrx_word' id='word_1_403' title='bbox 1277 2301 1329 2362; x_wconf 90' lang='lat' dir='ltr'>vel</span> <span class='ocrx_word' id='word_1_404' title='bbox 1351 2301 1480 2362; x_wconf 90' lang='lat' dir='ltr'>ablatas</span> <span class='ocrx_word' id='word_1_405' title='bbox 1499 2302 1654 2374; x_wconf 84' lang='lat' dir='ltr'>retinere,</span> <span class='ocrx_word' id='word_1_406' title='bbox 1673 2302 1835 2375; x_wconf 89' lang='lat' dir='ltr'>minuere,</span> <span class='ocrx_word' id='word_1_407' title='bbox 1851 2303 1904 2364; x_wconf 93' lang='lat' dir='ltr'>vel</span> 
     </span>
     <span class='ocr_line' id='line_1_78' title="bbox 1110 2398 1905 2478; baseline 0 -16"><span class='ocrx_word' id='word_1_408' title='bbox 1110 2398 1905 2478; x_wconf 78' lang='lat' dir='ltr'>quibuslibetvexationihusfatigare,etc.,usquc</span> 
     </span>
     <span class='ocr_line' id='line_1_79' title="bbox 1110 2495 1904 2576; baseline 0.003 -18"><span class='ocrx_word' id='word_1_409' title='bbox 1110 2497 1293 2576; x_wconf 88' lang='lat' dir='ltr'>profutura,</span> <span class='ocrx_word' id='word_1_410' title='bbox 1320 2497 1413 2558; x_wconf 90' lang='lat' dir='ltr'>salva</span> <span class='ocrx_word' id='word_1_411' title='bbox 1438 2498 1532 2560; x_wconf 87' lang='lat' dir='ltr'>Sedis</span> <span class='ocrx_word' id='word_1_412' title='bbox 1561 2495 1759 2574; x_wconf 86' lang='lat' dir='ltr'>Apostolioac</span> <span class='ocrx_word' id='word_1_413' title='bbox 1785 2499 1904 2560; x_wconf 90' lang='lat' dir='ltr'>aucto·</span> 
     </span>
     <span class='ocr_line' id='line_1_80' title="bbox 1109 2595 1907 2674; baseline 0 -16"><span class='ocrx_word' id='word_1_414' title='bbox 1109 2597 1220 2659; x_wconf 90' lang='lat' dir='ltr'>ritate.</span> <span class='ocrx_word' id='word_1_415' title='bbox 1236 2595 1284 2657; x_wconf 81' lang='lat' dir='ltr'>hd</span> <span class='ocrx_word' id='word_1_416' title='bbox 1307 2595 1466 2656; x_wconf 90' lang='lat' dir='ltr'>indicium</span> <span class='ocrx_word' id='word_1_417' title='bbox 1487 2597 1608 2668; x_wconf 90' lang='lat' dir='ltr'>autem,</span> <span class='ocrx_word' id='word_1_418' title='bbox 1629 2597 1716 2674; x_wconf 94' lang='lat' dir='ltr'>quod</span> <span class='ocrx_word' id='word_1_419' title='bbox 1738 2597 1907 2658; x_wconf 90' lang='lat' dir='ltr'>monaste-</span> 
     </span>
     <span class='ocr_line' id='line_1_81' title="bbox 1111 2693 1906 2773; baseline -0.001 -16"><span class='ocrx_word' id='word_1_420' title='bbox 1111 2696 1197 2758; x_wconf 92' lang='lat' dir='ltr'>rium</span> <span class='ocrx_word' id='word_1_421' title='bbox 1211 2695 1356 2756; x_wconf 90' lang='lat' dir='ltr'>vestrum</span> <span class='ocrx_word' id='word_1_422' title='bbox 1374 2693 1564 2770; x_wconf 87' lang='lat' dir='ltr'>specialiter</span> <span class='ocrx_word' id='word_1_423' title='bbox 1577 2694 1619 2756; x_wconf 93' lang='lat' dir='ltr'>ad</span> <span class='ocrx_word' id='word_1_424' title='bbox 1630 2696 1688 2771; x_wconf 89' lang='lat' dir='ltr'>jus</span> <span class='ocrx_word' id='word_1_425' title='bbox 1702 2695 1735 2756; x_wconf 92' lang='grc'>31</span> <span class='ocrx_word' id='word_1_426' title='bbox 1749 2694 1906 2773; x_wconf 89' lang='lat' dir='ltr'>proprie-</span> 
     </span>
     <span class='ocr_line' id='line_1_82' title="bbox 1110 2791 1907 2870; baseline -0.001 -15"><span class='ocrx_word' id='word_1_427' title='bbox 1110 2791 1432 2855; x_wconf 87' lang='grc' dir='ltr'><strong>13133113311Ρ3111</strong></span> <span class='ocrx_word' id='word_1_428' title='bbox 1454 2792 1619 2869; x_wconf 88' lang='lat' dir='ltr'>pertineat</span> <span class='ocrx_word' id='word_1_429' title='bbox 1642 2793 1675 2854; x_wconf 90' lang='grc'>31</span> <span class='ocrx_word' id='word_1_430' title='bbox 1700 2793 1907 2870; x_wconf 80' lang='grc'><strong>3313331133</strong></span> 
     </span>
     <span class='ocr_line' id='line_1_83' title="bbox 1112 2888 1906 2963; baseline -0.004 -10"><span class='ocrx_word' id='word_1_431' title='bbox 1112 2893 1261 2953; x_wconf 83' lang='lat' dir='ltr'>Romana</span> <span class='ocrx_word' id='word_1_432' title='bbox 1287 2888 1434 2952; x_wconf 80' lang='lat' dir='ltr'>Ecclesia</span> <span class='ocrx_word' id='word_1_433' title='bbox 1466 2889 1645 2963; x_wconf 89' lang='lat' dir='ltr'>libertatis,</span> <span class='ocrx_word' id='word_1_434' title='bbox 1673 2890 1806 2952; x_wconf 90' lang='lat' dir='ltr'>unciam</span> <span class='ocrx_word' id='word_1_435' title='bbox 1832 2890 1906 2952; x_wconf 92' lang='grc'><strong>3311</strong></span> 
     </span>
     <span class='ocr_line' id='line_1_84' title="bbox 1112 2985 1908 3064; baseline -0.001 -15"><span class='ocrx_word' id='word_1_436' title='bbox 1112 2987 1207 3050; x_wconf 88' lang='grc'><strong>33113</strong></span> <span class='ocrx_word' id='word_1_437' title='bbox 1231 2988 1400 3064; x_wconf 89' lang='lat' dir='ltr'>notrisque</span> <span class='ocrx_word' id='word_1_438' title='bbox 1429 2985 1679 3050; x_wconf 89' lang='lat' dir='ltr'>successoribus</span> <span class='ocrx_word' id='word_1_439' title='bbox 1710 2988 1808 3048; x_wconf 90' lang='lat' dir='ltr'>annis</span> <span class='ocrx_word' id='word_1_440' title='bbox 1837 2987 1908 3048; x_wconf 90' lang='grc'><strong>313-</strong></span> 
     </span>
     <span class='ocr_line' id='line_1_85' title="bbox 1112 3083 1907 3162; baseline 0.001 -18"><span class='ocrx_word' id='word_1_441' title='bbox 1112 3085 1200 3162; x_wconf 80' lang='lat' dir='ltr'>gulis</span> <span class='ocrx_word' id='word_1_442' title='bbox 1215 3083 1423 3161; x_wconf 88' lang='lat' dir='ltr'>persolvetis.</span> <span class='ocrx_word' id='word_1_443' title='bbox 1441 3084 1477 3145; x_wconf 89' lang='lat' dir='ltr'>Si</span> <span class='ocrx_word' id='word_1_444' title='bbox 1492 3101 1556 3162; x_wconf 93' lang='lat' dir='ltr'>qua</span> <span class='ocrx_word' id='word_1_445' title='bbox 1579 3084 1690 3161; x_wconf 86' lang='lat' dir='ltr'>igitur,</span> <span class='ocrx_word' id='word_1_446' title='bbox 1708 3086 1784 3154; x_wconf 85' lang='grc'><strong>313..</strong></span> <span class='ocrx_word' id='word_1_447' title='bbox 1801 3099 1907 3159; x_wconf 82' lang='lat' dir='ltr'>usquc</span> 
     </span>
     <span class='ocr_line' id='line_1_86' title="bbox 1113 3183 1911 3258; baseline -0.001 -13"><span class='ocrx_word' id='word_1_448' title='bbox 1113 3184 1242 3245; x_wconf 90' lang='lat' dir='ltr'>ultioni.</span> <span class='ocrx_word' id='word_1_449' title='bbox 1266 3183 1399 3244; x_wconf 78' lang='lat' dir='ltr'>Cunctis</span> <span class='ocrx_word' id='word_1_450' title='bbox 1427 3183 1549 3254; x_wconf 85' lang='lat' dir='ltr'>autem,</span> <span class='ocrx_word' id='word_1_451' title='bbox 1575 3184 1651 3256; x_wconf 74' lang='lat' dir='ltr'>etc„</span> <span class='ocrx_word' id='word_1_452' title='bbox 1681 3183 1911 3258; x_wconf 81' lang='grc'><strong>3331131313-</strong></span> 
     </span>
     <span class='ocr_line' id='line_1_87' title="bbox 1113 3282 1218 3344; baseline -0.01 -2"><span class='ocrx_word' id='word_1_453' title='bbox 1113 3282 1218 3344; x_wconf 89' lang='grc'><strong>31331.</strong></span> 
     </span>
    </p>

    <p class='ocr_par' dir='ltr' id='par_1_6' title="bbox 1114 3379 1912 4046">
     <span class='ocr_line' id='line_1_88' title="bbox 1155 3379 1907 3458; baseline -0.007 -14"><span class='ocrx_word' id='word_1_454' title='bbox 1155 3380 1274 3444; x_wconf 88' lang='lat' dir='ltr'>Datum</span> <span class='ocrx_word' id='word_1_455' title='bbox 1310 3379 1477 3452; x_wconf 90' lang='lat' dir='ltr'>Laterani,</span> <span class='ocrx_word' id='word_1_456' title='bbox 1504 3394 1564 3458; x_wconf 91' lang='lat' dir='ltr'>per</span> <span class='ocrx_word' id='word_1_457' title='bbox 1595 3394 1730 3440; x_wconf 93' lang='lat' dir='ltr'>manum</span> <span class='ocrx_word' id='word_1_458' title='bbox 1757 3379 1907 3452; x_wconf 88' lang='lat' dir='ltr'>ltanarii,</span> 
     </span>
     <span class='ocr_line' id='line_1_89' title="bbox 1114 3476 1910 3556; baseline -0.001 -17"><span class='ocrx_word' id='word_1_459' title='bbox 1114 3477 1235 3556; x_wconf 91' lang='lat' dir='ltr'>prioris</span> <span class='ocrx_word' id='word_1_460' title='bbox 1248 3476 1354 3539; x_wconf 89' lang='lat' dir='ltr'>sancti</span> <span class='ocrx_word' id='word_1_461' title='bbox 1374 3477 1675 3550; x_wconf 67' lang='lat' dir='ltr'>aridissimam,</span> <span class='ocrx_word' id='word_1_462' title='bbox 1697 3478 1819 3538; x_wconf 85' lang='lat' dir='ltr'>sauctae</span> <span class='ocrx_word' id='word_1_463' title='bbox 1841 3479 1910 3538; x_wconf 85' lang='lat' dir='ltr'>Rc-</span> 
     </span>
     <span class='ocr_line' id='line_1_90' title="bbox 1115 3573 1911 3646; baseline -0.003 -10"><span class='ocrx_word' id='word_1_464' title='bbox 1115 3592 1221 3638; x_wconf 87' lang='lat' dir='ltr'>manae</span> <span class='ocrx_word' id='word_1_465' title='bbox 1245 3575 1401 3637; x_wconf 80' lang='lat' dir='ltr'>Ecclesiae</span> <span class='ocrx_word' id='word_1_466' title='bbox 1426 3574 1703 3646; x_wconf 89' lang='lat' dir='ltr'>vicecancellarii,</span> <span class='ocrx_word' id='word_1_467' title='bbox 1728 3573 1837 3636; x_wconf 89' lang='lat' dir='ltr'>idibus</span> <span class='ocrx_word' id='word_1_468' title='bbox 1858 3573 1911 3634; x_wconf 85' lang='lat' dir='ltr'>fe-</span> 
     </span>
     <span class='ocr_line' id='line_1_91' title="bbox 1114 3672 1912 3745; baseline -0.006 -9"><span class='ocrx_word' id='word_1_469' title='bbox 1114 3673 1253 3742; x_wconf 90' lang='lat' dir='ltr'>bruarii,</span> <span class='ocrx_word' id='word_1_470' title='bbox 1269 3672 1449 3734; x_wconf 90' lang='lat' dir='ltr'>indictione</span> <span class='ocrx_word' id='word_1_471' title='bbox 1468 3675 1507 3745; x_wconf 91' lang='lat' dir='ltr'>V,</span> <span class='ocrx_word' id='word_1_472' title='bbox 1532 3672 1774 3734; x_wconf 83' lang='lat' dir='ltr'>incarnationis</span> <span class='ocrx_word' id='word_1_473' title='bbox 1796 3672 1912 3732; x_wconf 84' lang='lat' dir='ltr'>Domi-</span> 
     </span>
     <span class='ocr_line' id='line_1_92' title="bbox 1116 3769 1908 3834; baseline -0.005 -2"><span class='ocrx_word' id='word_1_474' title='bbox 1116 3771 1200 3834; x_wconf 87' lang='lat' dir='ltr'>nicaa</span> <span class='ocrx_word' id='word_1_475' title='bbox 1222 3788 1310 3833; x_wconf 90' lang='lat' dir='ltr'>anno</span> <span class='ocrx_word' id='word_1_476' title='bbox 1331 3769 1509 3832; x_wconf 88' lang='lat' dir='ltr'>millesimo</span> <span class='ocrx_word' id='word_1_477' title='bbox 1533 3770 1757 3834; x_wconf 89' lang='lat' dir='ltr'>ducentesimo</span> <span class='ocrx_word' id='word_1_478' title='bbox 1780 3769 1908 3830; x_wconf 90' lang='lat' dir='ltr'>decimo</span> 
     </span>
     <span class='ocr_line' id='line_1_93' title="bbox 1116 3866 1909 3947; baseline -0.006 -17"><span class='ocrx_word' id='word_1_479' title='bbox 1116 3871 1265 3947; x_wconf 90' lang='lat' dir='ltr'>septimo,</span> <span class='ocrx_word' id='word_1_480' title='bbox 1283 3868 1492 3947; x_wconf 88' lang='lat' dir='ltr'>pontificatus</span> <span class='ocrx_word' id='word_1_481' title='bbox 1511 3869 1621 3930; x_wconf 87' lang='lat' dir='ltr'>autem</span> <span class='ocrx_word' id='word_1_482' title='bbox 1636 3867 1760 3932; x_wconf 89' lang='lat' dir='ltr'>domiui</span> <span class='ocrx_word' id='word_1_483' title='bbox 1771 3866 1909 3932; x_wconf 86' lang='lat' dir='ltr'>Honorii</span> 
     </span>
     <span class='ocr_line' id='line_1_94' title="bbox 1116 3967 1501 4046; baseline -0.005 -16"><span class='ocrx_word' id='word_1_484' title='bbox 1116 3984 1210 4046; x_wconf 85' lang='lat' dir='ltr'>papae</span> <span class='ocrx_word' id='word_1_485' title='bbox 1222 3970 1268 4028; x_wconf 94' lang='grc'>111</span> <span class='ocrx_word' id='word_1_486' title='bbox 1282 3983 1370 4029; x_wconf 87' lang='grc'><strong>3333</strong></span> <span class='ocrx_word' id='word_1_487' title='bbox 1383 3967 1501 4045; x_wconf 88' lang='grc'><strong>311133.</strong></span> 
     </span>
    </p>
   </div>
   <div class='ocr_carea' id='block_1_6' title="bbox 1451 4197 1581 4290">
    <p class='ocr_par' dir='ltr' id='par_1_7' title="bbox 1451 4197 1581 4290">
     <span class='ocr_line' id='line_1_95' title="bbox 1451 4197 1581 4290; baseline 0.031 -5"><span class='ocrx_word' id='word_1_488' title='bbox 1451 4197 1581 4290; x_wconf 78' lang='lat' dir='ltr'>hullt</span> 
     </span>
    </p>
   </div>
   <div class='ocr_carea' id='block_1_7' title="bbox 1216 4405 1810 4564">
    <p class='ocr_par' dir='ltr' id='par_1_8' title="bbox 1216 4405 1810 4564">
     <span class='ocr_line' id='line_1_96' title="bbox 1216 4405 1810 4480; baseline -0.005 -13"><span class='ocrx_word' id='word_1_489' title='bbox 1216 4407 1269 4468; x_wconf 73' lang='lat' dir='ltr'>Ad</span> <span class='ocrx_word' id='word_1_490' title='bbox 1298 4405 1491 4466; x_wconf 73' lang='grc'><strong>1133113133</strong></span> <span class='ocrx_word' id='word_1_491' title='bbox 1518 4405 1810 4480; x_wconf 82' lang='grc'><strong>313113313333331</strong></span> 
     </span>
     <span class='ocr_line' id='line_1_97' title="bbox 1395 4505 1642 4564; baseline -0.008 -1"><span class='ocrx_word' id='word_1_492' title='bbox 1395 4505 1642 4564; x_wconf 76' lang='lat' dir='ltr'>Gttcznensem.</span> 
     </span>
    </p>
   </div>
   <div class='ocr_carea' id='block_1_8' title="bbox 1415 4667 1614 4726">
    <p class='ocr_par' dir='ltr' id='par_1_9' title="bbox 1415 4667 1614 4726">
     <span class='ocr_line' id='line_1_98' title="bbox 1415 4667 1614 4726; baseline 0 0"><span class='ocrx_word' id='word_1_493' title='bbox 1415 4669 1448 4726; x_wconf 82' lang='lat' dir='ltr'>ll</span> <span class='ocrx_word' id='word_1_494' title='bbox 1463 4667 1518 4726; x_wconf 84' lang='lat' dir='ltr'>leh.</span> <span class='ocrx_word' id='word_1_495' title='bbox 1534 4668 1614 4726; x_wconf 73' lang='lat' dir='ltr'>lali.</span> 
     </span>
    </p>
   </div>
   <div class='ocr_carea' id='block_1_9' title="bbox 1180 4807 1849 4878">
    <p class='ocr_par' dir='ltr' id='par_1_10' title="bbox 1180 4807 1849 4878">
     <span class='ocr_line' id='line_1_99' title="bbox 1180 4807 1849 4878; baseline -0.006 -16"><span class='ocrx_word' id='word_1_496' title='bbox 1180 4811 1310 4878; x_wconf 77' lang='lat' dir='ltr'>[l&#39;heiner¹</span> <span class='ocrx_word' id='word_1_497' title='bbox 1322 4814 1489 4864; x_wconf 79' lang='lat' dir='ltr'>hortamenta</span> <span class='ocrx_word' id='word_1_498' title='bbox 1501 4808 1624 4868; x_wconf 78' lang='lat' dir='ltr'>Paionia,</span> <span class='ocrx_word' id='word_1_499' title='bbox 1635 4816 1654 4860; x_wconf 87' lang='lat' dir='ltr'>t.</span> <span class='ocrx_word' id='word_1_500' title='bbox 1665 4810 1684 4870; x_wconf 91' lang='lat' dir='ltr'>l,</span> <span class='ocrx_word' id='word_1_501' title='bbox 1698 4824 1724 4875; x_wconf 89' lang='lat' dir='ltr'>p.</span> <span class='ocrx_word' id='word_1_502' title='bbox 1736 4809 1760 4868; x_wconf 74' lang='lat'>2,</span> <span class='ocrx_word' id='word_1_503' title='bbox 1774 4824 1799 4860; x_wconf 92' lang='lat' dir='ltr'>n.</span> <span class='ocrx_word' id='word_1_504' title='bbox 1811 4807 1849 4876; x_wconf 81' lang='grc'>1.]</span> 
     </span>
    </p>
   </div>
   <div class='ocr_carea' id='block_1_10' title="bbox 1118 4977 1914 5144">
    <p class='ocr_par' dir='ltr' id='par_1_11' title="bbox 1118 4977 1914 5144">
     <span class='ocr_line' id='line_1_100' title="bbox 1118 4977 1914 5054; baseline -0.008 -12"><span class='ocrx_word' id='word_1_505' title='bbox 1118 4979 1588 5054; x_wconf 79' lang='grc'><strong>113113313333311113311333311</strong></span> <span class='ocrx_word' id='word_1_506' title='bbox 1610 4994 1625 5036; x_wconf 90' lang='grc'>3</span> <span class='ocrx_word' id='word_1_507' title='bbox 1657 4985 1724 5036; x_wconf 93' lang='lat' dir='ltr'>voto</span> <span class='ocrx_word' id='word_1_508' title='bbox 1751 4977 1914 5052; x_wconf 79' lang='lat' dir='ltr'>peregriua·</span> 
     </span>
     <span class='ocr_line' id='line_1_101' title="bbox 1247 5067 1766 5144; baseline -0.006 -17"><span class='ocrx_word' id='word_1_509' title='bbox 1247 5071 1332 5127; x_wconf 88' lang='lat' dir='ltr'>tionis</span> <span class='ocrx_word' id='word_1_510' title='bbox 1352 5069 1616 5144; x_wconf 79' lang='lat' dir='ltr'>hierosolymitanas</span> <span class='ocrx_word' id='word_1_511' title='bbox 1636 5067 1766 5126; x_wconf 87' lang='lat' dir='ltr'>absolvit.</span> 
     </span>
    </p>
   </div>
   <div class='ocr_carea' id='block_1_11' title="bbox 1117 5211 1918 5687">
    <p class='ocr_par' dir='ltr' id='par_1_12' title="bbox 1117 5211 1914 5488">
     <span class='ocr_line' id='line_1_102' title="bbox 1157 5211 1914 5292; baseline -0.007 -14"><span class='ocrx_word' id='word_1_512' title='bbox 1157 5214 1325 5278; x_wconf 86' lang='lat' dir='ltr'>Honorius</span> <span class='ocrx_word' id='word_1_513' title='bbox 1338 5213 1523 5292; x_wconf 90' lang='lat' dir='ltr'>episcopus,</span> <span class='ocrx_word' id='word_1_514' title='bbox 1531 5229 1648 5276; x_wconf 91' lang='lat' dir='ltr'>servus</span> <span class='ocrx_word' id='word_1_515' title='bbox 1657 5229 1831 5275; x_wconf 89' lang='lat' dir='ltr'>servorum</span> <span class='ocrx_word' id='word_1_516' title='bbox 1842 5211 1914 5284; x_wconf 87' lang='lat' dir='ltr'>Dei,</span> 
     </span>
     <span class='ocr_line' id='line_1_103' title="bbox 1117 5309 1909 5389; baseline -0.009 -12"><span class='ocrx_word' id='word_1_517' title='bbox 1117 5313 1302 5377; x_wconf 90' lang='lat' dir='ltr'>venerabili</span> <span class='ocrx_word' id='word_1_518' title='bbox 1330 5312 1425 5374; x_wconf 90' lang='lat' dir='ltr'>fratri</span> <span class='ocrx_word' id='word_1_519' title='bbox 1444 5311 1696 5389; x_wconf 89' lang='lat' dir='ltr'>archiepiscopo</span> <span class='ocrx_word' id='word_1_520' title='bbox 1712 5309 1909 5382; x_wconf 85' lang='lat' dir='ltr'>Gneznensi,</span> 
     </span>
     <span class='ocr_line' id='line_1_104' title="bbox 1118 5407 1831 5488; baseline -0.001 -17"><span class='ocrx_word' id='word_1_521' title='bbox 1118 5409 1260 5475; x_wconf 89' lang='lat' dir='ltr'>salutem</span> <span class='ocrx_word' id='word_1_522' title='bbox 1275 5413 1308 5474; x_wconf 92' lang='grc'>31</span> <span class='ocrx_word' id='word_1_523' title='bbox 1319 5407 1539 5488; x_wconf 86' lang='lat' dir='ltr'>apostolicam</span> <span class='ocrx_word' id='word_1_524' title='bbox 1554 5407 1831 5471; x_wconf 88' lang='lat' dir='ltr'>benedictionem.</span> 
     </span>
    </p>

    <p class='ocr_par' dir='ltr' id='par_1_13' title="bbox 1119 5505 1918 5687">
     <span class='ocr_line' id='line_1_105' title="bbox 1158 5505 1911 5584; baseline -0.005 -14"><span class='ocrx_word' id='word_1_525' title='bbox 1158 5508 1300 5570; x_wconf 88' lang='lat' dir='ltr'>Litteras</span> <span class='ocrx_word' id='word_1_526' title='bbox 1313 5509 1381 5568; x_wconf 85' lang='lat' dir='ltr'>tam</span> <span class='ocrx_word' id='word_1_527' title='bbox 1400 5505 1643 5583; x_wconf 88' lang='lat' dir='ltr'>episcoporum,</span> <span class='ocrx_word' id='word_1_528' title='bbox 1666 5522 1765 5584; x_wconf 89' lang='lat' dir='ltr'>quam</span> <span class='ocrx_word' id='word_1_529' title='bbox 1780 5505 1911 5584; x_wconf 90' lang='lat' dir='ltr'>princi-</span> 
     </span>
     <span class='ocr_line' id='line_1_106' title="bbox 1119 5602 1918 5687; baseline -0.008 -17"><span class='ocrx_word' id='word_1_530' title='bbox 1119 5622 1196 5687; x_wconf 89' lang='lat' dir='ltr'>pum</span> <span class='ocrx_word' id='word_1_531' title='bbox 1211 5603 1413 5667; x_wconf 84' lang='lat' dir='ltr'>Gneznensis</span> <span class='ocrx_word' id='word_1_532' title='bbox 1424 5602 1604 5682; x_wconf 72' lang='lat' dir='ltr'>provinciae</span> <span class='ocrx_word' id='word_1_533' title='bbox 1618 5603 1715 5668; x_wconf 89' lang='lat' dir='ltr'>uobis</span> <span class='ocrx_word' id='word_1_534' title='bbox 1723 5603 1918 5682; x_wconf 89' lang='lat' dir='ltr'>accepimus</span> 
     </span>
    </p>
   </div>
   <div class='ocr_carea' id='block_1_12' title="bbox 0 0 2153 6404">
    <p class='ocr_par' dir='ltr' id='par_1_14' title="bbox 0 0 2153 6404">
     <span class='ocr_line' id='line_1_107' title="bbox 0 0 2153 6404; baseline 0 0"><span class='ocrx_word' id='word_1_535' title='bbox 0 0 2153 6404; x_wconf 95' lang='lat' dir='ltr'> </span> 
     </span>
    </p>
   </div>
  </div>
 </body>
</html>
