4200 6394
165 391 203 453 11
535 363 1433 478 11,-ι’11111111111111111θ111111111111111111.
1776 387 1815 446 42

174 550 299 613 tiarum
311 547 434 611 foedere
456 547 638 625 copulatur.
658 546 816 608 »Missus
834 547 886 607 est
899 547 968 606 Ga·
1023 559 1112 616 num,
1129 542 1232 604 bonis·
1246 543 1373 620 angelis
1389 560 1448 621 pro
1472 544 1583 606 salute
1602 545 1715 607 nostra
1737 561 1819 606 con-

169 647 255 724 briel
281 646 419 723 angelus
439 645 481 707 ad
504 645 693 722 Virginem,
716 644 752 705 ut
774 642 970 720 impleretur
1022 641 1243 714 tendentibus,
1265 641 1362 702 malis
1385 657 1445 719 pro
1463 642 1647 720 perditione
1662 643 1819 705 instanti-
1920 704 1922 712 ,

171 745 258 822 quod
287 746 364 806 ante
394 744 572 806 Psalmista
601 743 733 805 dixerat
755 764 762 802 ε
782 745 865 802 Dies
899 743 969 802 dict
1022 739 1247 812 bus..Quoties
1261 740 1450 801 reststtmus
1465 741 1556 802 vitiis
1567 743 1600 802 et
1613 740 1818 802 daemonibus

169 843 600 914 11111111111111111111,1111011
614 841 705 902 cocti
717 839 846 900 1111111111
856 840 970 900 scica-
1023 854 1083 898 nos
1095 836 1312 909 tentantibus,
1338 837 1481 900 mittitur
1499 838 1643 900 bilchael
1660 839 1692 900 et
1703 837 1818 914 'angeli

172 941 258 1002 tium
273 939 376 1019 (Psal.
390 940 440 1012 18,
456 937 502 1018 3).
519 939 595 1000 Dies
612 938 663 998 est
675 937 821 1012 Angelus
834 937 968 1013 propter
1022 937 1105 1012 ejus,
1123 934 1178 1013 qui
1194 935 1227 996 et
1246 934 1413 997 daemones
1433 935 1550 1011 sugant
1562 937 1594 998 et
1608 935 1705 997 nobis
1719 935 1818 998 auxi-

172 1037 301 1099 naturae
314 1036 535 1114 splendorem.
553 1035 631 1096 Dies
651 1037 701 1096 est
714 1035 816 1109 virgo
835 1033 969 1110 propter
1022 1033 1103 1093 lium
1129 1032 1390 1095 subministrant.
1408 1035 1500 1095 Tunc
1522 1034 1559 1095 tlt
1581 1049 1693 1111 pugna
1720 1050 1818 1112 quam

171 1134 400 1206 sanctitatem,
429 1133 462 1195 et
489 1133 539 1194 est
568 1149 685 1194 sensus
705 1132 807 1193 :Dies
839 1130 969 1192 eructat
1022 1130 1248 1207 prediximus.

170 1232 310 1295 verbum
344 1229 431 1303 diei,
461 1230 548 1292 idest
578 1230 725 1307 Angelus
753 1228 883 1304 Virgini
910 1227 966 1289 di·-
1064 1228 1196 1289 Gabriel
1219 1228 1360 1289 mittitur
1387 1229 1422 1288 in
1448 1228 1697 1290 revelationem.
1725 1229 1818 1290 Unde

170 1344 250 1392 cens
276 1350 284 1390 t
313 1332 407 1402 Aue,
443 1329 561 1406 grotta
585 1333 700 1404 plecta.
736 1327 812 1390 Nox
842 1326 968 1388 indicat
1022 1325 1161 1388 audistis
1176 1325 1288 1387 inhoc
1304 1325 1496 1400 Evangelio,
1520 1326 1605 1402 quod
1631 1325 1752 1388 missus
1767 1327 1818 1388 est

170 1425 346 1486 scientiam
368 1424 470 1496 nocti,
493 1422 578 1485 idest
606 1422 756 1484 diabolus
782 1423 897 1494 Hevae,
915 1421 968 1482 di·
1021 1423 1063 1485 ad
1087 1424 1228 1485 Mariam
1258 1423 1440 1499 Virginem.
1471 1423 1530 1483 His
1553 1439 1727 1499 possumus
1752 1425 1815 1484 ad-

171 1535 251 1584 cens
271 1543 278 1582 :
299 1522 411 1583 Eritis
429 1521 518 1582 sicut
539 1521 590 1582 dit
614 1521 762 1582 scicrttes
784 1523 909 1582 bouum
932 1521 967 1581 ct
1021 1522 1150 1584 vertere
1174 1537 1277 1599 quare
1303 1521 1424 1581 missus
1453 1519 1585 1582 Gabriel
1613 1520 1664 1581 est
1690 1521 1723 1582 et
1749 1537 1815 1581 non

169 1623 311 1681 matum
331 1617 411 1679 Item
431 1617 553 1679 missus
572 1616 625 1678 est
638 1617 784 1693 Angelus
797 1618 838 1678 ad
853 1617 967 1692 Virgi—
1020 1619 1106 1680 alius
1120 1620 1268 1695 angelus.
1292 1620 1367 1680 Non
1386 1618 1475 1679 enim
1493 1617 1630 1680 decebat
1650 1618 1686 1679 ut
1700 1619 1814 1680 mitte-

169 1730 256 1788 nem,
274 1713 311 1776 ut
324 1729 364 1775 eo
379 1713 495 1776 ordine
519 1715 627 1776 exiret
646 1714 742 1792 culpa
766 1729 831 1792 quo
858 1715 967 1775 intra·
1020 1716 1112 1778 retur
1128 1717 1282 1789 Michael,
1306 1717 1384 1793 quia
1399 1715 1545 1777 officium
1567 1715 1741 1777 Michaelis
1765 1717 1816 1778 est

167 1813 273 1874 verat.
289 1813 377 1872 Nam
388 1813 474 1889 quod
487 1811 639 1873 diabolus
649 1813 851 1889 apparuerat
864 1814 965 1873 Herae
1020 1814 1196 1876 subvenire
1230 1815 1266 1876 in
1294 1815 1486 1886 certamine,
1517 1828 1578 1875 nec
1610 1813 1748 1874 decebat
1779 1815 1816 1876 ut

168 1911 203 1972 in
233 1909 344 1986 specie
379 1910 544 1986 serpentis
567 1909 713 1970 invitans
737 1910 778 1970 ad
808 1909 962 1986 culpam,
1019 1913 1206 1974 mitteretur
1218 1913 1378 1988 Rapbael,
1396 1911 1482 1988 quod
1502 1910 1649 1972 osticium
1673 1913 1745 1988 ejus
1766 1911 1816 1972 est

167 2008 290 2068 missus
319 2005 370 2068 est
404 2006 545 2082 angelus
566 2006 700 2068 Gabriel
725 2007 761 2067 ut
787 2007 964 2084 appareret
1019 2010 1196 2072 subvenire
1212 2011 1248 2071 in
1268 2010 1450 2071 curatione.
1477 2009 1591 2070 Noluit
1614 2009 1703 2069 enim
1727 2011 1814 2069 Deus

168 2103 298 2180 Virgini
319 2103 355 2164 in
373 2105 482 2181 specie
504 2103 649 2165 hominis
669 2105 819 2165 salutans
835 2104 875 2166 ad
890 2121 965 2180 gra·
1019 2108 1170 2184 angelica
1186 2108 1294 2169 officia
1315 2107 1517 2168 contundere
1537 2105 1591 2168 vel
1613 2106 1756 2177 mutare,
1783 2107 1816 2167 et

168 2202 260 2264 tiam.
287 2201 380 2262 Sicut
403 2217 463 2278 per
488 2201 661 2262 mulierem
688 2201 826 2263 intravit
852 2202 962 2278 culpa,
1020 2205 1092 2266 ideo
1108 2204 1199 2267 misit
1222 2205 1421 2278 Gabrielem,
1446 2205 1503 2282 qui
1527 2205 1579 2265 est
1599 2204 1754 2280 princeps
1778 2204 1813 2264 iu

167 2299 214 2360 ita
237 2313 298 2376 per
325 2299 498 2360 multerem
517 2299 655 2360 intravit
672 2298 791 2374 gratia.
817 2300 963 2375 Angelus
1018 2303 1236 2366 revelatione.
1269 2304 1350 2365 Item
1376 2319 1442 2363 non
1469 2302 1579 2364 decuit
1602 2301 1704 2362 alium
1729 2301 1815 2362 mitti

167 2397 275 2457 malus
297 2395 360 2458 tuit
372 2411 491 2458 suasor
504 2396 545 2458 ad
567 2396 796 2474 perditionem,
817 2397 962 2473 Angelus
1017 2401 1084 2462 nisi
1109 2401 1204 2462 illum
1229 2401 1285 2478 qui
1309 2402 1381 2462 erat
1405 2401 1558 2477 princeps
1584 2400 1812 2472 revelationis,

167 2492 273 2556 bonus
288 2493 330 2554 ad
349 2492 578 2555 salvationem.
1017 2499 1103 2575 quod
1119 2501 1288 2559 Summum
1315 2497 1503 2574 Pnincipem
1530 2500 1633 2557 Deum
1656 2497 1814 2558 nuntiare

209 2592 290 2653 Item
304 2591 428 2652 missus
447 2591 497 2652 est
517 2591 656 2666 angelus
672 2591 805 2652 Gabriel
820 2607 840 2652 a
855 2593 960 2652 Deo...
1017 2595 1190 2668 veniebat,
1220 2596 1253 2656 et
1276 2609 1413 2655 summae
1448 2593 1591 2671 principi
1623 2594 1815 2655 sanctarum

171 2689 397 2750 Trianomina
417 2689 612 2764 angelorum
632 2689 772 2764 legimus
794 2690 828 2749 in
845 2689 961 2765 sorip-
1015 2692 1183 2769 virginum
1211 2692 1317 2754 beatae
1341 2691 1468 2766 Mariae.
1492 2693 1541 2752 Ita
1568 2691 1721 2767 princeps
1742 2691 1816 2753 erat

176 2783 272 2856 turis,
288 2787 342 2862 qui
356 2786 531 2848 mittuntur
550 2785 584 2846 in
604 2786 824 2847 ministerium
839 2787 962 2848 nostrae
1017 2790 1106 2848 Deus
1128 2788 1185 2864 qui
1205 2788 1369 2864 Angelum
1392 2785 1555 2860 mittebat,
1581 2785 1736 2862 princeps
1756 2785 1813 2846 ille

172 2881 303 2955 salutis,
332 2883 507 2956 videlicet,
534 2883 693 2956 Michael,
723 2883 874 2956 Gabriel,
892 2887 961 2946 Ra·
1017 2886 1074 2963 qui
1098 2885 1300 2956 mittebatur,
1325 2884 1479 2961 princeps
1500 2884 1560 2945 illa
1581 2884 1636 2944 cui
1655 2883 1814 2945 mitteba-

169 2979 281 3056 pbael.
294 2980 357 3042 Sed
372 2981 552 3043 notandum
568 2982 653 3059 quod
666 2981 755 3042 beati
772 2982 882 3057 angeli
896 2997 962 3043 non
1015 2985 1082 3046 tur.
1108 2986 1195 3045 Deus
1220 2983 1374 3061 princeps
1401 2981 1569 3056 omnium:
1593 2981 1814 3056 archangelus

167 3075 289 3140 habent
304 3079 438 3140 nomina
462 3080 498 3140 in
519 3079 578 3140 illa
603 3079 736 3142 civitate
749 3080 886 3152 coelesti,
904 3079 962 3140 sed
1016 3083 1169 3159 princeps
1191 3081 1410 3157 angelorum3
1433 3080 1540 3141 Maria
1564 3079 1718 3156 princeps
1738 3095 1814 3140 om-

166 3173 291 3237 idcirco
326 3176 523 3253 quibusdam
553 3176 742 3238 nominibus
770 3179 958 3250 censentur,
1016 3181 1108 3240 nium
1123 3181 1323 3240 sanctarum.

167 3273 202 3334 ut
217 3291 276 3350 per
289 3273 349 3335 illu
373 3275 506 3336 nomina
526 3274 718 3351 designetur
733 3276 890 3352 quidnam
904 3291 963 3336 eo-
1057 3277 1205 3354 Rapbaei
1219 3276 1359 3338 mittitur
1373 3277 1414 3337 ad
1428 3275 1643 3337 curationem.
1659 3275 1754 3336 Unde
1767 3275 1813 3336 Ie·

164 3387 239 3432 rum
266 3371 460 3433 ministeriis
485 3373 615 3448 agatur.
639 3373 733 3434 Unde
755 3373 959 3449 Gregorius:
1016 3377 1123 3452 gimus
1141 3375 1226 3453 quod
1242 3374 1381 3451 angelus
1397 3372 1546 3452 Raphael
1562 3374 1683 3434 missus
1708 3373 1813 3434 estad

163 3471 238 3531 «In
265 3469 325 3531 illa
352 3471 467 3531 sancta
491 3469 625 3532 civitate
650 3487 748 3548 quam
773 3471 813 3532 de
832 3471 961 3532 visione
1017 3474 1222 3535 curationem
1241 3475 1345 3534 Annae
1362 3471 1439 3532 filiae
1462 3470 1620 3546 Raguelis
1640 3471 1673 3530 et
1686 3469 1810 3542 Tobiae,

162 3567 401 3645 omnipotentIs
430 3569 490 3630 Dei
523 3568 621 3646 plena
647 3569 788 3630 scientia
817 3569 959 3646 perlicit,
1017 3570 1103 3648 quod
1119 3571 1204 3631 sicut
1219 3569 1342 3631 dicitur
1356 3571 1390 3629 in
1405 3568 1491 3629 libro
1506 3567 1628 3639 Tobiae,
1645 3582 1711 3627 uno
1726 3566 1815 3627 tem-

161 3680 233 3726 non
259 3664 292 3726 id
311 3665 401 3727 circo
419 3666 555 3745 propria
570 3667 704 3727 nomina
720 3667 906 3727 sortiuntur
920 3681 963 3727 ne
1017 3684 1097 3745 pore
1116 3667 1250 3728 fuerunt
1269 3665 1436 3728 orationes
1456 3665 1629 3726 amborum
1652 3665 1687 3726 in
1712 3681 1815 3726 cons-

158 3777 282 3825 eorum
305 3779 457 3841 personae
481 3765 555 3824 sine
579 3763 769 3825 nominibus
793 3763 874 3824 sciri
895 3779 962 3824 non
1017 3764 1115 3840 pactu
1138 3763 1270 3824 Domini
1294 3762 1453 3824 recitatae.
1470 3761 1657 3824 EtTobiam
1682 3761 1818 3840 quidem

155 3860 304 3938 possint,
327 3862 384 3922 sed
400 3877 500 3939 quum
516 3861 557 3921 ad
574 3877 635 3923 nos
652 3860 778 3937 aliquid
792 3846 964 3922 ministra·
1018 3861 1147 3922 curavit
1162 3877 1181 3922 a
1197 3861 1357 3935 caecitate,
1376 3865 1506 3922 Annam
1523 3876 1634 3922 veroa
1650 3860 1814 3922 daemone.

156 3957 233 4020 turi
248 3958 398 4030 veniunt,
413 3957 513 4018 etiam
528 3957 615 4033 apud
638 3972 698 4017 nos
714 3956 848 4018 nomina
863 3973 883 4019 a
897 3957 962 4019 mi·
1018 3959 1230 4022 infirmitates
1250 3975 1424 4036 corporum
1440 3958 1616 4034 designant
1629 3959 1712 4021 vitia
1735 3959 1813 4019 ani-

151 4054 503 4117 nisteriistrahunt.›
682 4065 685 4072 ’
1017 4072 1157 4119 morum.
1167 4058 1305 4120 Caecitas
1315 4057 1623 4134 corporisdesig‘nat
1632 4058 1822 4118 caecitatem*

197 4151 346 4214 Michael
365 4151 605 4229 interpretatur
631 4155 709 4226 quis
724 4153 825 4214 'sicut
851 4156 961 4228 Deum
1016 4155 1148 4217 mentIs.
1165 4158 1300 4216 Daemon
1315 4155 1469 4216 ardorem
1480 4155 1636 4226 luxuriae,
1653 4155 1707 4214 vel
1722 4153 1816 4214 Iuro-

151 4249 328 4327 Rapbael,
344 4253 515 4312 medicina
524 4253 609 4324 Dci;
628 4250 772 4323 Gabriel,
795 4251 962 4325 fortitudo
1016 4270 1087 4314 rem
1098 4253 1291 4314 iracundiae.
1311 4253 1416 4328 Igitur
1429 4251 1527 4313 toties
1544 4251 1678 4311 caecitas
1695 4252 1816 4312 mentis

150 4350 242 4413 Det.
263 4347 406 4409 Michael
425 4349 476 4410 est
490 4349 643 4426 princeps
658 4349 865 4426 certaminis3
891 4353 961 4411 Ga·
1017 4351 1167 4412 aufertur
1179 4349 1309 4427 quotIes
1321 4365 1398 4410 caro
1412 4349 1585 4410 luxuriosa
1598 4363 1658 4426 per
1672 4348 1813 4411 castita-

146 4445 261 4518 briel,
277 4445 431 4523 princeps
443 4446 671 4519 revelationis;
689 4446 849 4523 Raphael,
863 4447 960 4524 prin·
1016 4448 1082 4510 tem
1093 4447 1321 4524 refrigeratur,
1338 4447 1391 4508 vel
1407 4446 1581 4508 iracundia
1598 4445 1632 4507 in
1655 4463 1816 4508 mansue-

151 4559 246 4622 ceps
275 4543 469 4605 curationis.
502 4543 688 4621 Aliquando
724 4544 865 4605 mittitur
894 4545 961 4606 Mi·
1017 4547 1165 4608 tudinem
1188 4546 1418 4607 commutatur.
1451 4545 1562 4606 Toties
1592 4545 1742 4623 Rapbael
1772 4547 1815 4607 ad

144 4639 960 4719 chae13aliquandotlabrie13aliquandoRaphael.
1017 4645 1223 4706 curationem
1238 4644 1389 4716 mittitur,
1407 4643 1464 4704 sed
1480 4644 1551 4705 baec
1571 4644 1687 4706 missio
1703 4643 1736 4705 et
1750 4661 1816 4706 cu-

147 4738 313 4805 Michael
343 4739 484 4801 mittitur
506 4738 544 4801 ut
568 4739 653 4802 ierat
678 4740 773 4801 nobis
797 4740 962 4802 auxilium
1016 4743 1102 4804 ratio
1118 4742 1252 4804 nonnisi
1267 4758 1287 4803 a
1302 4741 1454 4804 fidelibus
1470 4741 1672 4817 agnoscitur.
1758 4753 1760 4758 ’

141 4841 190 4902 111
234 4835 431 4908 certamIne,
462 4837 593 4913 quando
626 4851 813 4914 pugnamus
846 4838 962 4899 contra
1056 4843 1185 4902 Missus
1200 4841 1252 4902 cst
1274 4843 1613 4916 demetamus...
1628 4839 1815 4916 Aliquando

137 4932 245 5001 vitia
260 4932 292 4993 et
306 4934 452 5009 peccata.
469 4935 561 4995 Tunc
579 4933 668 4994 enim
682 4949 868 5011 pugnamus
881 4950 963 4996 oon·
1017 4935 1160 4998 mittitur
1173 4935 1319 5011 Angelus
1335 4935 1376 4996 ab
1396 4935 1610 5011 archangelo,
1635 4934 1815 5011 aliquando

134 5037 205 5098 tra
223 5029 410 5105 daemones3
428 5031 559 5108 quando
575 5032 657 5093 vitia
672 5047 914 5110 expugnamus,
929 5033 963 5095 et
1017 5050 1038 5095 a
1052 5036 1130 5095 Deo.
1144 5032 1193 5094 Ab
1208 5033 1410 5109 archangelo
1431 5033 1572 5095 mittitur
1586 5033 1672 5094 sicut
1686 5031 1815 5092 Zacha-

132 5127 303 5197 Michael
318 5127 414 5190 nobis
429 5127 603 5200 succurrit
622 5130 753 5206 quando
767 5130 839 5207 ipse
852 5132 885 5192 et
900 5146 963 5192 an-
1017 5132 1086 5193 rias
1101 5131 1243 5193 testatur
1261 5131 1396 5191 dicens:
1412 5133 1634 5207 Acamasque·
1657 5131 1816 5203 loqueba-

131 5229 223 5310 geli
251 5228 324 5304 ejus
359 5241 420 5303 pro
450 5224 546 5287 nobis
572 5225 718 5288 militant
742 5228 776 5289 in
805 5229 959 5290 excelsis.
1018 5232 1135 5292 1111111
1157 5244 1225 5314 mc,
1248 5229 1490 5304 egredicbatur
1509 5229 1545 5290 ct
1564 5230 1654 5288 1111111
1673 5231 1815 5304 carpetas

132 5325 255 5392 Unde
269 5326 417 5386 Joannes
442 5325 477 5385 in
499 5323 725 5401 Apocalypsi:
746 5327 896 5388 Factum
910 5327 963 5390 est
1017 5327 1259 5405 egredicbatur
1271 5329 1312 5388 111
1320 5341 1502 5388 occursum
1514 5327 1600 5396 ejus,
1615 5326 1649 5386 et
1661 5327 1751 5386 1111111
1770 5329 1816 5388 ad

126 5424 320 5504 praeltum
336 5435 501 5498 maguum
521 5424 559 5484 111
575 5427 669 5492 coet0,
691 5424 837 5486 1111111111
849 5424 883 5485 ct
897 5439 963 5484 1111-
1017 5441 1115 5488 cacto:
1140 5428 1251 5488 Curre
1268 5425 1301 5485 et
1322 5429 1459 5497 toquere
1480 5425 1688 5496 odeberum
1708 5425 1815 5485 istum

126 5525 219 5604 pecc·
259 5521 335 5592 ejus
368 5520 622 5594 preliabantur
659 5535 738 5582 curt
773 5523 958 5583 dracoue...
1017 5527 1152 5586 dicens:
1169 5525 1301 5596 Absque
1315 5534 1417 5582 rouro
1441 5521 1650 5583 habitabitur
1669 5525 1817 5583 Jerusa-

129 5614 416 5702 (Apoc.111,7).
438 5619 475 5676 In
501 5617 595 5691 coelo,
623 5617 721 5690 idest,
745 5617 780 5678 in
796 5633 873 5680 aere
898 5619 961 5682 isto
1016 5625 1120 5682 terit...
1159 5619 1271 5698 (Zacb.
1303 5635 1340 5691 11,
1367 5621 1397 5690 3,
1422 5617 1464 5691 4).
1494 5621 1577 5680 Ecce
1597 5619 1736 5696 angelus
1758 5619 1815 5695 qui

128 5721 178 5784 fit
197 5713 363 5795 praelium
390 5730 544 5792 magnum
568 5717 763 5792 angelorum
782 5717 815 5779 ot
834 5717 962 5780 daemo-
1020 5719 1216 5796 loquebatur
1230 5718 1265 5779 in
1280 5717 1442 5795 propbeta
1460 5717 1542 5779 idest
1557 5717 1647 5780 intus
1663 5718 1817 5778 inmeute
