4234 6442
348 185 430 261 ns
968 182 1144 248 nononn
1158 133 1213 243 '111
1234 179 1388 244 orsas,
1960 181 2021 244 aas

346 343 453 408 travia
483 365 491 404 ε
518 344 602 404 duas
631 343 742 422 partes
768 341 971 404 deeimarum
1000 341 1148 405 domenii
1199 341 1340 419 justitia,
1352 342 1386 402 et
1400 357 1500 419 sriper
1513 339 1682 418 praedictis
1697 338 1836 404 decimis
1857 341 2022 405 modera-

349 441 479 508 abbatis
500 441 785 514 Destmonasterii,
803 441 838 502 in
854 439 1024 512 Burtonia,
1040 440 1149 504 Tode-
1202 440 1293 502 tione
1310 439 1449 501 Concilii
1473 439 1650 516 generalis.
1680 440 1716 501 Si
1744 449 1809 518 qua
1835 441 1955 520 igitur
1983 443 2017 502 in

349 539 442 612 bani,
466 541 498 602 01
522 539 683 610 Suitonia,
709 539 859 600 maneria
884 539 924 600 de
938 539 1085 616 HugheS,
1107 539 1147 599 de
1202 536 1349 598 futurum
1363 537 1590 598 ecclesiastica
1608 538 1823 599 saecularisve
1847 555 2016 616 persona,

351 637 549 703 Chintonia.
575 636 789 710 Vuldstonia,
819 636 859 698 de
892 637 1078 706 Prestona,
1107 636 1148 698 de
1203 634 1289 696 hanc
1307 635 1430 696 nostrae
1446 634 1692 696 constitutionis
1713 635 1872 712 paginam
1897 637 2018 697 sciens

349 749 453 813 parva
467 733 643 806 Tuntonia,
671 734 711 794 de
725 735 920 812 Teyntonia,
937 734 979 796 de
993 737 1098 806 Mora,
1115 733 1149 795 et
1203 733 1318 793 contra
1346 748 1420 794 eam
1441 733 1566 795 temere
1589 733 1706 794 venire
1730 735 1932 806 tentaverit,
1965 751 2020 795 se-

348 831 391 894 de
404 830 507 892 Culna
522 832 634 894 Sancti
647 831 809 910 Dionysii,
822 849 895 892 cum
907 831 1145 910 pratisvineis,
1203 827 1311 890 cundo
1346 828 1486 891 tertiove
1521 830 1738 902 commonita,
1770 832 1836 892 nisi
1873 833 2016 892 reatum

349 928 672 1001 terrisnemoribus,
683 929 809 1006 usagiis
821 930 854 990 et
863 929 995 1006 pascuis
1006 929 1147 990 inbosco
1203 942 1299 988 suurn
1314 941 1460 1002 congrua
1476 926 1703 990 satisfactione
1720 929 1924 1000 correxerit,
1951 946 2016 1006 po-

350 1027 391 1088 et.
405 1028 517 1105 plano,
534 1026 569 1088 in
586 1027 681 1105 aquis
701 1031 734 1088 et
754 1027 789 1087 in
807 1026 1017 1097 molendinis,
1033 1027 1148 1087 inviis
1202 1024 1331 1086 testatis
1363 1023 1567 1101 honorisque
1600 1025 1653 1084 sui
1681 1029 1793 1088 careat
1825 1026 2013 1102 dignitate,

351 1127 385 1188 et
398 1123 525 1187 semitis
540 1125 616 1186 etin
632 1124 784 1186 omnibus
799 1124 875 1185 aliis
890 1124 1100 1186 libertatibus
1115 1125 1149 1185 01
1202 1126 1359 1199 reamque
1379 1137 1415 1182 se
1430 1121 1543 1183 divino
1554 1122 1681 1200 judicio
1696 1123 1841 1186 existere
1865 1125 1908 1186 de
1935 1141 2017 1201 per-

351 1221 615 1284 immunitatibus
637 1222 717 1284 suis.
735 1224 823 1284 Sane
837 1222 1006 1283 novalium
1019 1223 1149 1283 vestro-
1203 1221 1331 1297 patrata
1350 1219 1526 1297 iniquitate
1545 1222 1782 1296 cognoscebat
1800 1237 1819 1282 a
1842 1225 2015 1284 sacratis-

350 1335 425 1381 rum
448 1336 520 1397 quae
538 1319 683 1397 propriis
706 1320 859 1381 manibus
885 1320 944 1381 aut
962 1319 1147 1396 sumptibus
1204 1317 1287 1378 simo
1312 1332 1450 1394 corpore
1478 1333 1518 1379 ac
1541 1318 1704 1394 sanguine
1730 1319 1789 1380 Dei
1809 1320 1842 1382 01
1871 1321 2012 1382 Domini

350 1417 470 1490 colitis,
488 1418 559 1478 sive
574 1417 614 1478 de
625 1417 810 1478 vestrorum
825 1417 1022 1479 animalium
1037 1416 1148 1478 nutri-
1204 1415 1433 1492 Redemptoris
1447 1417 1526 1478 Jcsu
1541 1415 1664 1477 Christi
1679 1416 1789 1478 aliena
1815 1416 1886 1489 ilat,
1905 1420 2012 1494 atque

349 1516 481 1588 mentia,
498 1515 610 1576 nullus
626 1514 752 1576 anobis
776 1514 921 1576 decimas
943 1515 1079 1590 exigere
1094 1514 1149 1575 rel
1203 1513 1238 1574 in
1254 1514 1402 1574 extremo
1415 1513 1570 1574 examine
1585 1513 1734 1575 districte
1756 1513 1936 1592 subjaceat
1959 1517 2013 1575 ul-

351 1612 550 1690 extorquere
562 1614 753 1689 praesumat.
1202 1610 1296 1672 tioni.
1325 1611 1459 1672 Cunctis
1484 1612 1596 1672 autem
1618 1611 1725 1672 eidem
1748 1611 1821 1673 loco
1844 1629 1908 1672 sna
1927 1616 2011 1690 jura

359 1753 361 1758 ,
389 1711 502 1772 Liceat
521 1726 650 1787 quoque
673 1709 768 1772 robis
788 1709 932 1772 clericos
951 1710 1004 1771 vel
1029 1709 1146 1781 laicos,
1204 1708 1412 1770 servantibus
1445 1709 1488 1769 sit
1523 1724 1589 1784 pax
1622 1709 1753 1770 Domini
1781 1710 1890 1771 nostri
1926 1713 2010 1772 Jesu

349 1807 474 1870 liberos
498 1811 531 1869 et
550 1808 719 1870 absolutos
736 1824 756 1870 a
776 1808 900 1869 saeculo
921 1807 1084 1884 fugientes
1106 1808 1145 1868 ad
1204 1805 1327 1867 Christi
1340 1805 1495 1882 quatinus
1510 1807 1542 1867 et
1556 1805 1611 1866 hic
1628 1804 1770 1869 fructum
1783 1806 1881 1868 bonae
1897 1809 2010 1869 actio-

349 1906 603 1968 conversionem
640 1905 807 1982 recipere,
845 1906 878 1967 et
915 1921 983 1978 eos,
1023 1903 1149 1982 absque
1203 1903 1256 1964 nis
1271 1903 1468 1982 percipiant,
1489 1907 1523 1964 et
1541 1903 1629 1980 apud
1644 1903 1829 1966 districtum
1849 1906 2009 1968 Judicem

349 2004 611 2064 contradictione
637 2003 762 2080 aliqua,
792 2003 950 2064 retinere.
987 2002 1150 2064 Prohibe·
1205 2001 1341 2078 praemia
1370 2001 1504 2062 aeternae
1539 2000 1631 2076 pacis
1667 2001 1853 2062 inveniant.
1884 2005 2007 2064 Amen.

349 2117 423 2161 mus
437 2100 571 2176 insuper
585 2100 622 2160 ut
642 2099 729 2161 infra
749 2099 832 2160 lines
845 2099 1013 2176 parochiae
1027 2100 1148 2161 vestrae
1205 2101 1271 2174 Ego
1285 2098 1452 2159 Honorius
1463 2097 1642 2160 Catholicae
1655 2097 1812 2160 Ecclesiae
1825 2099 2009 2176 episcopus

349 2198 472 2269 nullus,
489 2198 561 2258 sine
582 2211 723 2258 assensu
746 2197 927 2258 dioecesani
950 2197 1097 2274 episcopi
1117 2197 1150 2258 et
1204 2195 1375 2272 suscripsi,
1393 2210 1455 2271 ego
1467 2195 1573 2256 Cnido
1586 2195 1813 2256 Praenestinus
1824 2196 2008 2274 episcopus

348 2296 476 2368 vestm,
504 2294 666 2372 capellam
699 2309 757 2355 seu
788 2295 969 2356 oratorium
999 2294 1039 2356 de
1062 2310 1148 2356 novo
1204 2293 1376 2370 suscripsi,
1389 2307 1449 2368 ago
1458 2293 2009 2371 Pelagiusarbanensisepiscopus

348 2393 543 2454 construere
559 2392 691 2465 audeat,
710 2391 812 2454 salvis
827 2391 1012 2470 privilegiis
1031 2394 1149 2454 Roma·
1204 2391 1375 2467 suscripsi,
1391 2405 1451 2466 ego
1462 2389 1613 2452 Cinthius
1624 2390 1859 2452 Portuensiset
1871 2393 2008 2454 Sanctae

349 2506 468 2552 norum
485 2490 693 2551 Pontificum.
1204 2487 1331 2549 Rullnae
1352 2488 1528 2566 episcopus
1546 2488 1719 2563 suscripsi,
1741 2503 1802 2564 ego
1822 2489 1892 2550 Leo
1915 2490 2008 2551 tituli

390 2587 602 2666 sepulturam
627 2602 757 2665 quoque
777 2587 890 2664 ipsius
910 2587 975 2648 loci
1008 2586 1147 2648 liberam
1205 2587 1334 2648 Sanctae
1347 2585 1462 2646 Crucis
1477 2586 1511 2646 in
1523 2585 1731 2647 Hierusalem
1746 2585 1926 2662 presbyter
1937 2603 2008 2648 car·

350 2699 424 2745 esse
436 2683 656 2754 decernimus,
674 2684 836 2744 uteorum
852 2681 1020 2744 devotioni
1035 2683 1068 2744 ct
1087 2697 1149 2743 ex·
1203 2681 1325 2744 dinalis
1338 2682 1508 2759 suscripsi,
1531 2696 1592 2758 ego
1608 2682 1770 2744 Rohertus
1784 2683 1875 2746 tituli
1891 2685 2008 2746 Sancti

351 2783 466 2842 tremae
484 2781 650 2842 voluntati
670 2780 778 2858 quise
799 2780 850 2841 illi
866 2780 1002 2857 sepeliri
1021 2779 1149 2841 delibe-
1204 2780 1363 2858 Stephani
1379 2781 1414 2840 in
1426 2781 1537 2840 monte
1552 2781 1655 2842 Coelio
1667 2779 1839 2858 presbyter
1849 2781 2009 2843 cardina·

348 2877 511 2950 raserint,
534 2876 601 2937 nisi
618 2875 703 2938 sorte
717 2876 994 2938 excommunicati
1013 2876 1067 2938 vel
1088 2875 1147 2936 in·
1202 2877 1244 2938 lis
1270 2877 1441 2954 suscripsi,
1470 2893 1531 2954 ego
1560 2877 1740 2954 Gregorius
1757 2878 1844 2939 tituli
1871 2881 2008 2942 Sanctae

346 2975 481 3037 terdicti
496 2972 915 3045 fuerintnullusobsistat,
930 2973 1147 3050 salvatamen
1202 2976 1387 3038 anastasiae
1414 2975 1587 3052 presbyter
1612 2975 1791 3036 cardinalis
1823 2977 2001 3054 suscripsi,

347 3071 478 3150 justitia
494 3070 627 3132 illarum
648 3068 866 3132 ecclesiarum
884 3086 903 3130 a
923 3069 1042 3147 quibus
1058 3085 1149 3132 mor·
1203 3087 1264 3149 ego
1279 3073 1421 3134 Thomas
1435 3073 1525 3134 tituli
1536 3072 1664 3134 Sanctae
1681 3072 1812 3134 Sabinae
1826 3074 2008 3152 presbyter

348 3171 481 3230 tuorum
505 3182 644 3245 corpora
666 3168 890 3228 assumuntur.
916 3167 995 3228 Paci
1018 3183 1148 3246 quoque
1203 3170 1383 3233 cardinalis
1404 3170 1575 3246 suscripsi,
1592 3185 1654 3246 ego
1674 3170 1779 3231 Cnido
1801 3172 1919 3234 Sancti
1942 3174 2005 3234 Ni-

350 3269 383 3327 et
391 3265 627 3343 tranquillitati
640 3266 759 3326 vestrae
775 3265 914 3342 paterna
929 3265 964 3326 in
980 3267 1146 3340 posterum
1203 3269 1288 3330 colai
1312 3269 1346 3330 in
1367 3283 1502 3330 carcere
1521 3266 1674 3328 Tulliano
1698 3267 1858 3330 diaconus
1884 3270 2002 3330 cardi-

349 3363 571 3427 sollicitudins
586 3361 761 3440 providere
773 3362 934 3436 solentes,
949 3364 1149 3426 auctoritate
1203 3366 1289 3428 nalis
1311 3367 1481 3443 suscripsi,
1499 3381 1560 3442 ego
1580 3365 1781 3426 Octavianus
1795 3366 1884 3427 tituli
1904 3383 2008 3428 sanc-

347 3461 538 3540 Apostolica
561 3459 786 3538 prohibemus,
809 3462 845 3522 ut
862 3459 951 3523 inira
975 3462 1148 3522 clausuras
1203 3466 1312 3527 torum
1328 3463 1437 3540 Sergii
1457 3464 1490 3525 et
1508 3463 1631 3525 Bacchi
1646 3463 1805 3525 diaconus
1818 3463 2005 3526 cardinalis

347 3560 497 3623 locorum
510 3560 696 3620 vestrorum
710 3557 821 3620 nullus
837 3559 989 3636 rapinam
1005 3575 1064 3620 seu
1077 3558 1150 3619 iur-
1203 3563 1379 3640 suscripsi,
1402 3577 1463 3638 ego
1489 3563 1658 3622 Romanus
1679 3560 1768 3622 tituli
1793 3563 1907 3625 Sancti
1930 3567 2002 3625 An-

346 3659 416 3720 tum
443 3658 565 3726 iacere,
599 3658 710 3734 ignem
738 3671 916 3734 apponere,
952 3657 1148 3733 sanguinem
1203 3659 1270 3737 geli
1302 3659 1462 3721 diaconus
1505 3659 1685 3720 cardinalis
1727 3659 1908 3736 suscripsi,
1945 3677 2005 3738 ego

347 3755 497 3828 fundere,
514 3755 684 3816 hominem
697 3755 823 3817 temere
838 3769 957 3832 capere
975 3755 1028 3816 rel
1043 3755 1150 3817 inter·
1205 3757 1392 3836 Stephanus
1409 3756 1525 3819 titulus
1550 3757 1662 3819 Sancti
1679 3757 1819 3818 Adriani
1840 3757 2003 3820 diaconus

349 3854 460 3924 licere,
498 3867 558 3912 seu
591 3851 787 3913 violentiam
822 3851 943 3913 audeat
977 3867 1147 3914 exercere.
1204 3855 1386 3917 cardinalis
1424 3854 1602 3932 suscripsi,
1640 3869 1701 3930 ego
1740 3854 1876 3930 Egidius
1912 3857 2001 3918 tituli

352 3950 520 4011 Praeterea
542 3962 656 4008 omnes
680 3946 851 4008 libertates
870 3949 903 4009 01
924 3949 1149 4011 immunitates
1206 3955 1402 4015 Sanctorum
1435 3954 1560 4014 Cosmae
1593 3952 1626 4013 01
1657 3952 1810 4014 Damiani
1838 3952 1999 4016 diaconus

349 4063 370 4108 a
388 4044 691 4124 praedecessoribus
707 4043 831 4106 nostris
847 4045 1005 4106 Romanis
1028 4047 1148 4109 Ponti·
1204 4051 1385 4112 cardinalis
1401 4049 1571 4127 suscripsi.

350 4142 804 4206 ficibusmonasteriorestro
818 4157 1004 4215 concessas,
1019 4159 1149 4205 necnon
1245 4150 1363 4210 Datum
1399 4147 1558 4224 Anagniae
1593 4162 1653 4226 per
1682 4163 1816 4209 manum
1853 4149 2002 4212 Rainerii

349 4241 521 4306 libertates
536 4241 569 4303 01
581 4240 809 4318 exemptiones
824 4240 1036 4302 saecularium
1048 4257 1150 4303 exac-
1204 4248 1327 4308 sanctae
1352 4248 1509 4307 Romanae
1535 4245 1690 4307 Ecclesiae
1719 4245 1999 4319 vicecancellarii,

347 4341 475 4404 tionum
497 4354 517 4401 a
537 4339 673 4416 regibus
700 4340 733 4401 et
756 4337 975 4416 principibus,
997 4339 1049 4400 vel
1071 4339 1148 4400 aliis
1204 4344 1350 4406 secundo
1365 4343 1546 4406 idusJulii.

348 4439 512 4510 fidelibus,
528 4435 772 4498 rationabiliter
785 4435 879 4498 robis
890 4436 1048 4509 indultas,
1066 4453 1150 4498 auc·
1392 4423 1396 4430 ’

348 4535 482 4597 toritate
496 4533 686 4610 apostolica
698 4531 944 4604 confirmamus,
957 4534 991 4594 et
1000 4541 1150 4610 praesen·
1513 4529 1692 4616 GCCLIX

350 4633 394 4693 ils
408 4631 523 4706 Sffllm
541 4628 715 4705 9¹¹¹V¹¹⁰g¹⁰
730 4643 982 4690 ⁰⁰¹¹¹¹¹¹¹¹¹¹¹¹¹¹¹¹⁸·
1203 4677 1256 4736 An
1270 4675 1465 4736 Hernicum
1490 4673 1646 4733 abbatem
1664 4671 1874 4734 mortostertt
1889 4675 2003 4735 Sorech·

351 4840 430 4886 num
446 4822 546 4884 liceat
568 4820 742 4898 praeiatum
765 4821 1002 4883 monasterium
1025 4823 1149 4887 temere
1243 4774 1413 4929 mocnmt
1441 4772 1617 4832 pamm
1632 4771 1820 4928 cmm
1854 4785 2000 4928 temque

349 4919 556 5006 perturbare,
567 4921 706 5003 antejus
715 4920 944 4996 possessiones
962 4922 1104 4994 auferre,
1117 4925 1150 4985 et
1243 4871 1301 4944 fra
1317 4883 1376 4930 m
1413 4883 1472 4928 am
1492 4882 1630 4999 pm
1647 4881 1684 4928 3⁸
1696 4882 1799 4941 quam
1813 4869 1853 4942 su
1869 4883 1961 4931 uro*

349 5020 478 5082 ablatas
505 5018 662 5090 retinere,
691 5032 750 5078 seu
775 5017 975 5095 quibuslibet
998 5021 1168 5082 vexatio-t
1506 4988 1603 5062 stim·
1621 4990 1700 5048 ¹²¹⁷·
1839 5069 1841 5073 .

348 5119 441 5182 ribus
457 5117 597 5194 fatigare
615 5138 622 5176 :
646 5115 703 5178 sed
724 5116 836 5178 ornnia
856 5116 986 5193 integra
1007 5133 1147 5180 conser-
1240 5106 1358 5172 [aegest.
1370 5105 1414 5156 lib.
1425 5103 1444 5164 1,
1455 5104 1531 5170 epm.
1544 5104 1600 5154 103-
1617 5104 1675 5154 ³¹⁸³·
1686 5105 1722 5156 ¹⁴⁸
1736 5104 1854 5156 P⁰f¹0d¹¹
1867 5105 1960 5172 rnen]

349 5217 468 5278 ventur
482 5229 597 5276 eorum
613 5228 673 5290 pro
690 5228 832 5290 quorum
847 5213 1088 5290 gubernatione
1109 5231 1149 5277 ac
1204 5211 1261 5271 Sub
1273 5212 1450 5286 protectione
1474 5211 1585 5268 Sancte
1609 5209 1691 5268 Sedis
1708 5209 1776 5268 illud
1798 5213 1999 5270 monasterium

350 5313 589 5376 sustentatione
611 5325 769 5372 concessa
795 5313 882 5385 sunt,
909 5311 1023 5374 usibus
1041 5314 1151 5374 omni·
1238 5299 2001 5375 reeilstl'fflilsffll0i⁰ffl11080108l⁰⁸⁸⁰⁸⁸l⁰¹¹e⁸l¹¹³⁸

349 5411 456 5474 modis
489 5409 678 5488 protutura,
709 5409 802 5470 salva
825 5409 1149 5487 sedisapostolicae
1238 5397 1398 5450 ‘inumeri‘-
1497 5487 1499 5492 ι

350 5507 558 5581 auctoritate,
574 5508 608 5570 et
621 5505 802 5590 dioecesani
825 5506 972 5586 episcopi
987 5509 1148 5572 canonica
1243 5507 1411 5570 llonorius
1436 5511 1510 5580 etc,
1528 5504 1658 5567 dilectis
1683 5503 1762 5598 liliis
1786 5507 1928 5568 ilenrico
1942 5505 2001 5567 ab·

390 4727 608 4790 Decernimus
628 4741 708 4802 ergo
730 4726 765 4787 ut
782 4725 866 4786 nulli
882 4726 1016 4789 omnino
1041 4727 1150 4790 homi-
