4162 6424
137 157 207 218 525

138 316 222 378 dem
236 318 347 378 Terras
362 332 522 378 succursu
545 317 674 378 exstitit
694 317 893 392 ordinatum,
911 321 947 381 ut

137 430 214 491 pax
233 414 286 476 vel
310 415 426 480 saltem
449 414 575 490 trcugae
599 415 635 474 in
653 414 722 476 toto
744 415 823 477 orbe
838 417 948 477 cbris-

136 513 239 573 tiano
273 529 332 589 per
364 511 620 588 quadriennium
654 513 878 586 servarentur,
904 515 947 574 iis

134 611 204 684 qui
241 610 406 673 contraire
441 611 710 686 praesumerent,
748 626 807 686 per
839 611 948 672 eccle-

132 706 315 770 siasticam
352 707 593 769 districtionem
625 708 814 769 arctissime
851 725 948 770 coerr-

136 804 271 864 cendis.
628 845 635 870 t

186 900 280 961 Unde
299 916 411 978 regem
438 903 471 962 et
493 902 622 964 nobiles
650 903 850 965 memoratos
876 920 948 965 mo-

138 998 289 1071 nuimus,
304 998 495 1074 rogavimus
510 1002 543 1061 et
562 999 810 1062 obsecravimus
826 1001 860 1061 in
876 1004 945 1062 Do·

139 1096 250 1167 mine,
272 1096 332 1158 sub
352 1097 576 1160 anathematis
590 1099 862 1161 interminatione
877 1099 948 1160 dis-

137 1193 276 1255 trictius
294 1193 483 1255 inhibentes
504 1211 548 1256 ne
565 1195 653 1258 dicto
677 1196 800 1268 comiti,
823 1197 890 1273 qui,
918 1197 947 1256 si

137 1291 259 1352 contra
288 1307 364 1353 eum
392 1291 538 1355 habeant
567 1293 697 1371 aliquas
732 1294 946 1372 quaestiones,

136 1390 282 1462 paratus
296 1389 347 1450 est
361 1404 474 1452 coram
484 1391 528 1462 te,
541 1391 600 1466 qui
612 1406 790 1468 personam
810 1393 842 1454 et
856 1391 947 1452 vices

135 1486 276 1547 nostras
292 1486 490 1563 inpartibus
506 1487 575 1548 iltis
590 1489 676 1564 agis,
692 1489 756 1560 rel,
774 1489 803 1548 si
819 1488 950 1549 malue-

134 1581 222 1655 rint,
253 1598 365 1644 coram
403 1583 520 1656 nobis‚'
540 1585 589 1646 eis
621 1585 780 1648 exhibere
808 1586 948 1664 iustitiae

134 1681 439 1757 complementum,
471 1698 564 1744 arma
594 1684 786 1746 nullatenus
814 1699 948 1746 movere

134 1781 359 1856 praesumant.
377 1780 536 1841 Nolentes
551 1781 654 1856 igitur
665 1782 835 1857 negotium
855 1781 947 1858 pacis

130 1877 179 1938 et
192 1876 281 1948 fidei,
294 1877 397 1939 tantis
412 1877 582 1938 laboribus
593 1879 625 1940 et
638 1879 823 1956 dispendiis
837 1895 950 1956 perso·

131 1989 263 2034 narum
290 1974 324 2036 et
348 1990 461 2035 reruni
493 1977 707 2052 procuratum
733 1976 769 2036 in
798 1975 948 2052 partibus

136 2071 347 2147 saepedictis,
376 2072 412 2132 in
438 2073 611 2149 antiquum
637 2073 739 2134 chaos
761 2072 949 2150 aliquorum

109 2239 112 2244 ,
136 2169 333 2230 temeritate
340 2169 459 2242 relabi,
476 2170 529 2232 vel
541 2169 696 2249 impediri
707 2171 820 2232 Terrae
836 2186 950 2247 supra·

137 2266 244 2327 dictae
260 2282 464 2339 succursum,
482 2267 674 2328 discretioni
687 2268 753 2329 tuse
769 2283 828 2344 per
842 2271 950 2344 Apos-

139 2363 251 2427 tolica
272 2363 394 2439 scripta
418 2364 613 2425 mandamus
636 2365 809 2441 munus,
839 2364 869 2424 si
889 2379 950 2425 rex

141 2462 181 2522 et
205 2459 333 2521 nobiles
356 2460 526 2536 saepedicti
555 2461 690 2523 monitis
715 2461 838 2522 nostris
862 2476 951 2537 prae-

140 2556 354 2633 sumpserint
374 2559 563 2629 contraire,
595 2559 632 2619 tu
657 2557 950 2635 praeumptionem

138 2655 298 2731 ipsorum
324 2669 384 2731 per
402 2669 579 2716 censuram
596 2655 871 2726 ecclesiasticam,
887 2669 950 2730 ap-

135 2750 330 2828 pellatione
353 2752 492 2822 remota,
515 2765 658 2830 persona
682 2751 774 2828 regis
790 2749 951 2812 duntaxat

134 2849 299 2930 excepta,
314 2865 516 2927 compescas.
527 2849 644 2910 Datum
656 2849 823 2923 Laterani,
840 2852 870 2910 X
881 2848 947 2910 kal.

138 2947 356 3020 novembrio,
386 2947 599 3025 pontificatus
633 2947 740 3010 nostri
772 2963 861 3010 anno
891 2963 949 3008 se·

142 3043 267 3106 cundo.

485 3185 609 3272 XLIX

277 3347 330 3406 Ad
344 3348 541 3419 episcopum
559 3347 829 3407 santonensem.

446 3473 479 3531 al
498 3479 554 3531 oct.
573 3473 652 3532 latr.

181 3591 294 3652 [liegest.
308 3587 353 3639 lib.
368 3587 401 3648 ll,
411 3587 487 3654 epist.
505 3585 560 3636 703.
572 3589 630 3639 llss.
644 3589 680 3638 La
690 3587 766 3637 Porto
776 3587 811 3637 du
823 3587 919 3649 Theil.]

149 3704 354 3778 subreptitiam
377 3703 595 3761 concessionem
615 3703 705 3760 irritat
722 3710 749 3760 et
769 3701 953 3777 prebendam

482 3797 620 3847 reservat.

148 3945 159 3960 ·
193 3910 954 3990 Honoriusvenerabilifratrihmbianenepis-

153 4027 248 4088 copo.
692 4067 697 4076 .

194 4109 263 4170 Etsi
276 4107 416 4168 velimus
441 4105 476 4166 in
498 4105 651 4169 omnibus
667 4104 731 4167 viis
747 4107 869 4168 nostris
885 4107 955 4168 sol-

152 4205 244 4268 licite
265 4219 467 4285 praecavere,
481 4219 535 4276 ne,
548 4203 633 4279 quod
650 4201 747 4276 absit,
767 4203 954 4266 obtineatur

154 4303 279 4366 anobis
291 4303 423 4380 aliquod
433 4300 707 4378 reprehensibile,
718 4301 772 4362 vel
783 4301 954 4362 dissonum

153 4400 330 4472 honestati,
346 4416 450 4476 usque
464 4398 548 4460 adeo
562 4399 674 4460 tamen
687 4397 843 4476 frequens
854 4414 955 4463 occu-

156 4498 245 4576 patio
253 4500 286 4560 et
297 4497 520 4560 inverecunda
530 4497 709 4572 petentium
720 4496 954 4573 importunitas

157 4610 216 4654 nos
230 4595 412 4671 impellunt,
429 4593 516 4671 quod
531 4592 666 4665 faciant,
680 4609 742 4654 nos
753 4593 876 4656 facttum
887 4611 954 4655 non

158 4690 352 4762 recolentes,
369 4690 534 4752 interdum
547 4706 588 4751 ea
603 4691 785 4752 concedere
805 4707 878 4769 quae
898 4691 953 4751 vi-

159 4787 278 4848 dentur
299 4787 424 4848 nostris
454 4787 717 4864 praecedentibus
746 4789 954 4866 jussionibus

160 4883 305 4955 obviare,
329 4899 428 4959 quum
449 4885 595 4944 omnium
618 4885 742 4946 habere
761 4887 954 4950 memoriam

161 4981 308 5042 divinum
324 4981 367 5043 sit
384 4980 604 5055 potiusquam
622 4982 816 5042 humanum.
831 4986 955 5046 Verum

162 5077 371 5140 manifestata
385 5075 525 5136 veritate
546 5077 665 5152 siquid
682 5076 804 5141 factum
828 5081 878 5140 est
897 5097 956 5157 per

163 5190 318 5245 errorem,
331 5172 445 5234 reduci
454 5172 550 5233 debet
560 5173 601 5232 ad
616 5173 766 5234 semitam
777 5175 953 5252 aequitatis,

163 5276 197 5336 ut
223 5271 375 5334 servetur
403 5270 438 5330 in
464 5268 617 5330 omnibus
646 5271 727 5332 ordo
753 5269 893 5345 debitus,
925 5275 957 5335 et

165 5370 402 5445 praceptorum
416 5364 669 5442 impossibilitas
683 5381 742 5426 seu
754 5368 957 5444 perplexitas

165 5467 312 5528 evitetur.
323 5467 409 5526 Sane
421 5477 584 5526 memores
596 5479 721 5538 sumne,
734 5465 767 5538 et
774 5464 823 5526 rei
833 5467 957 5528 veritas

773 159 1003 222 EPIS'l'OLAE.
1026 159 1105 222 Lis.
1130 160 1170 219 ΙΙ.

1741 160 1801 222 526

1001 317 1049 379 sic
1065 333 1101 380 se
1124 317 1234 390 habet,
1261 317 1348 395 quod
1373 317 1471 380 bonae
1484 319 1652 381 memoriae
1667 321 1685 382 J
1689 336 1798 381 oanne

1003 414 1172 492 Stephano
1185 414 1284 475 rebus
1299 415 1455 476 humanis
1466 418 1629 492 exempto
1643 417 1798 494 praeben-

1002 513 1088 584 dam,
1100 529 1199 589 quam
1212 512 1246 572 in
1257 513 1313 574 tua
1325 512 1467 574 ecclesia
1477 513 1626 575 tenuisse
1637 507 1800 590 dignosoi2

1000 611 1065 681 tur,
1083 609 1204 671 dilecto
1221 609 1290 672 lilio
1310 610 1453 700 Ricardo
1475 613 1635 673 canonico
1652 611 1800 672 basilicae

1002 707 1162 784 principis
1177 707 1425 784 Apostolorum,
1451 725 1548 785 quem
1573 709 1708 771 obtentu
1731 725 1800 770 suae

1002 804 1175 880 probitatis
1184 805 1364 882 diligimus,
1377 805 1531 866 duximus
1543 807 1799 868 concedendam.

1003 901 1099 963 Unde
1117 902 1146 963 si
1166 918 1227 978 pro
1244 903 1422 980 praebenda
1437 903 1509 980 ipsa
1526 904 1584 965 alii
1600 904 1800 966 conferenda

1001 998 1061 1060 tibi
1083 999 1291 1076 postmodum
1312 1001 1496 1062 direximus
1521 1002 1646 1079 scripta
1673 1003 1798 1074 nostra,

1002 1109 1062 1172 per
1090 1097 1317 1175 obreptionem
1339 1097 1372 1159 et
1394 1098 1641 1176 subreptionem
1661 1115 1680 1160 a
1705 1097 1800 1160 nobis

1002 1193 1136 1256 obtenta
1151 1195 1298 1267 fuerunt,
1313 1212 1413 1272 quum
1429 1213 1490 1257 nec
1505 1197 1549 1259 sit
1563 1213 1623 1260 nec
1640 1196 1739 1257 fuerit
1753 1198 1802 1257 in·

1002 1291 1159 1354 tentionis
1186 1293 1309 1353 nostrae
1329 1294 1548 1362 concessioni,
1572 1310 1671 1370 quam
1695 1293 1802 1355 eidem

1002 1388 1163 1450 canonico
1191 1387 1345 1461 lecimus,
1372 1388 1544 1466 derogare.
1580 1393 1688 1464 Quare
1717 1392 1799 1468 ipsa,

1003 1489 1162 1564 quantum
1178 1486 1218 1546 ad
1239 1487 1388 1547 eamdem
1404 1487 1626 1564 praehendam,
1649 1488 1802 1550 decerni-

1004 1598 1163 1644 mnenon
1187 1583 1312 1645 tenere.
1341 1585 1405 1645 Per
1430 1585 1678 1648 concessionem
1691 1587 1802 1647 autem

1004 1681 1151 1742 nostram
1166 1680 1200 1741 in
1216 1681 1307 1741 nullo
1321 1681 1550 1760 praejudicium
1561 1682 1634 1744 fieri
1649 1683 1801 1744 volumus

1003 1777 1125 1838 statuto
1136 1775 1243 1838 felicis
1258 1779 1501 1841 recordationIs
1513 1780 1696 1841 innocentii
1709 1797 1802 1858 papas

1004 1874 1258 1950 praedecessoris
1274 1877 1389 1948 nostri,
1401 1877 1456 1952 qui
1466 1877 1675 1939 collationem
1685 1879 1802 1953 primae

1003 1973 1170 2033 vacaturae
1185 1971 1371 2048 praebendae
1388 1973 1465 2033 Sedi
1480 1975 1678 2049 Apostolicae
1689 1990 1799 2034 reser-

1004 2069 1804 2148 vavit,quumidnequaquamspecialiterdepres-

1003 2165 1110 2227 benda
1127 2167 1266 2228 loannis
1284 2167 1427 2230 senserit
1441 2169 1609 2232 antedicti.
1628 2171 1682 2230 Sic
1702 2169 1804 2244 igitur

1004 2263 1169 2325 mandatis
1192 2264 1383 2340 apostolicis
1410 2263 1554 2327 debitam
1576 2265 1803 2328 obtinentibus

1004 2357 1206 2432 firmitatem,
1224 2358 1425 2422 fraternitati
1443 2363 1510 2422 tuae
1533 2377 1592 2438 per
1611 2363 1803 2438 apostolica

1005 2457 1129 2533 scripta
1167 2456 1382 2529 mandamus,
1411 2459 1573 2534 quatenus
1610 2459 1803 2535 pensionem

1005 2552 1805 2632 annuam‚quamdemandatopraelatipraedeoes·

1005 2648 1092 2708 soris
1108 2648 1215 2708 nostri
1236 2649 1270 2708 C.
1292 2648 1404 2725 nepoti
1424 2647 1536 2710 dilecti
1556 2647 1617 2710 filii
1639 2651 1745 2712 nostri
1765 2655 1801 2711 Ρ.

1004 2743 1092 2808 tituli
1108 2745 1231 2808 sanctae
1247 2745 1463 2807 Pudentianae
1485 2745 1671 2824 presbyteri
1689 2749 1803 2809 cardi-

1006 2843 1103 2913 nalis,
1130 2840 1314 2903 liberaliter
1340 2843 1547 2916 concessisti,
1573 2843 1678 2905 donec
1703 2845 1805 2906 sitin

1004 2937 1167 3002 beneflcio
1182 2937 1385 3016 praebendali
1400 2940 1581 3017 provisum,
1603 2939 1711 3002 eidem
1731 2943 1804 3002 sine

1005 3035 1224 3098 diminutione
1239 3038 1427 3112 persolvas;
1445 3036 1638 3099 mandatum
1652 3040 1800 3100 nostrum

1006 3150 1105 3211 super
1122 3133 1184 3195 hoc
1204 3133 1317 3196 taliter
1331 3130 1539 3212 impleturus,
1557 3136 1643 3213 quod
1661 3137 1803 3214 praedic-

1005 3233 1058 3292 tus
1083 3231 1280 3303 cardinalis,
1311 3247 1407 3309 quem
1427 3231 1516 3292 inter
1534 3231 1654 3294 fratres
1673 3235 1805 3295 nostros

1006 3326 1146 3404 speciali
1158 3327 1380 3404 praerogativa
1394 3325 1565 3404 diligimus
1583 3329 1744 3398 caritatis,
1764 3331 1806 3391 ad

1005 3424 1063 3485 tua
1078 3424 1110 3485 et
1126 3423 1278 3486 ecclesiae
1293 3423 1359 3484 tuae
1377 3425 1549 3486 commoda
1561 3426 1708 3487 strictius
1722 3427 1808 3489 obli-

1006 3521 1118 3596 getur,
1144 3521 1177 3581 et
1200 3535 1261 3580 nos
1290 3520 1476 3582 devotionis
1504 3523 1570 3582 tuae
1599 3522 1742 3584 studium
1772 3525 1806 3586 in

1007 3617 1146 3679 Domino
1174 3617 1452 3678 commendemus.
1464 3617 1682 3680 Monitionem
1704 3623 1804 3682 etiam

1008 3730 1107 3792 quam
1127 3712 1330 3775 fraternitati
1349 3716 1414 3776 tuae
1435 3731 1494 3792 pro
1510 3717 1670 3792 magistro
1684 3721 1720 3778 B.
1737 3719 1807 3780 cle-

1008 3813 1077 3873 rico
1090 3811 1279 3873 charissimi
1291 3812 1462 3874 inchristo
1474 3813 1534 3874 tilii
1545 3813 1649 3876 nostri
1660 3815 1806 3894 Philippi

1008 3910 1097 3986 regis
1117 3912 1321 3970 Francorum
1341 3910 1492 3984 illustris,
1515 3927 1615 3988 super
1629 3913 1806 3990 praebenda

1004 4007 1203 4069 ¹ambianen.
1218 4007 1368 4080 fecimus,
1383 4009 1618 4071 denuntiamus
1628 4011 1758 4072 irritam
1772 4015 1806 4074 et

1010 4107 1178 4167 inanem...
1194 4105 1402 4178 blandantes,
1419 4107 1454 4167 ut
1473 4107 1502 4167 si
1517 4107 1695 4184 praebenda
1709 4111 1807 4172 vacat

1008 4202 1131 4264 ibidem
1150 4202 1191 4262 ad
1212 4218 1369 4278 praesens,
1387 4204 1499 4279 nepoti
1518 4203 1698 4266 cardinalis
1720 4223 1808 4283 prae-

1009 4300 1090 4362 dicti
1102 4298 1265 4370 conferas,
1287 4301 1320 4361 et
1334 4300 1495 4375 assignes.
1521 4300 1677 4379 Alioquin
1700 4303 1806 4380 primo

1009 4397 1200 4459 vacaturam
1220 4397 1341 4458 nostrae
1366 4397 1538 4458 donationi
1555 4414 1706 4462 reserves
1724 4417 1805 4477 per-

1009 4510 1099 4555 sonae
1112 4493 1242 4555 idoneae
1253 4493 1502 4570 conferendam;
1517 4495 1626 4558 sciens
1635 4513 1695 4558 nos
1704 4498 1807 4560 dilec-

1008 4593 1051 4653 tis
1074 4591 1152 4652 filiis
1177 4591 1338 4668 magistro
1355 4594 1392 4652 P.
1410 4595 1556 4670 Capuan.
1576 4595 1608 4656 et
1627 4596 1664 4655 P.
1681 4595 1722 4656 de
1742 4598 1805 4656 Ι)...

1011 4690 1172 4751 canonico
1199 4691 1336 4750 'trecen
1364 4691 1505 4751 Parisiis
1527 4693 1808 4754 commorantibus

999 4795 1069 4864 'per
1084 4786 1208 4863 scripta
1221 4789 1333 4848 nostra
1343 4787 1531 4862 mandasse,
1545 4789 1581 4850 ut
1590 4793 1621 4851 te
1629 4791 1666 4851 in
1674 4793 1810 4854 manda-

1008 4886 1118 4946 torum
1132 4885 1322 4945 nostrorum
1342 4887 1538 4947 executione
1553 4889 1748 4960 cessantem,
1763 4891 1805 4950 ad

1010 4997 1050 5043 ca
1071 4997 1131 5057 per
1158 4995 1333 5042 censuram
1357 4982 1630 5056 ecclesiasticam,
1658 4986 1810 5062 appella-

1010 5079 1100 5141 tione
1121 5077 1247 5139 remota
1267 5079 1479 5156 compellant,
1495 5079 1711 5144 decernentes
1730 5084 1812 5145 irri-

1011 5178 1079 5238 tum
1097 5176 1129 5236 et
1143 5175 1254 5248 inane,
1272 5176 1300 5235 si
1316 5176 1393 5254 quid
1409 5179 1525 5239 contra
1543 5180 1689 5241 mandati
1702 5183 1810 5244 nostri

1011 5275 1158 5335 tenorem
1177 5288 1277 5349 super
1299 5273 1405 5351 ipsius
1431 5275 1617 5351 praebendae
1632 5279 1810 5342 collatione

1012 5371 1111 5432 fuerit
1130 5369 1337 5433 ahentatum.
1357 5373 1475 5434 Datum
1495 5373 1652 5436 Laterani
1666 5379 1811 5442 secundo

1013 5468 1174 5531 kalendas
1190 5469 1378 5534 novembris
1390 5485 1478 5533 anno
1494 5473 1650 5534 secundo.
