4234 6442
330 223 387 283 371

331 398 388 444 ras
410 381 580 455 nationes;
604 392 743 455 cumque
766 374 928 438 bellorum
958 375 1069 436 clades
1096 375 1129 437 et

332 477 538 542 insidiatoris
549 476 703 552 augustia
714 476 807 552 parte
820 473 1017 535 cribrarerit
1029 474 1129 535 etlam

333 577 533 655 adjacentes,
548 589 688 650 regnum
702 576 806 644 tuum,
826 573 880 633 cui
895 571 1054 632 Dominus
1069 570 1129 632 be-

333 673 471 745 nedixit,
491 689 552 734 nec
571 671 837 750 persecutionem
855 669 959 747 gladii
980 685 1040 731 nec
1060 669 1131 732 vir-

331 789 408 849 gam
420 771 587 833 exactoris
603 770 749 846 agnovit,
766 768 823 829 sed
839 769 965 847 quievit
978 768 1012 829 in
1026 766 1131 828 bene-

333 867 546 940 dictionibus,
575 867 737 944 repletum
761 864 857 927 bonis
886 864 1128 942 spiritualibus,

333 967 366 1028 31
380 966 480 1027 rebus
490 963 728 1042 temporalibus
742 963 945 1041 opulentum.
957 963 1131 1039 Principes

333 1065 422 1126 enim
447 1068 528 1142 eJ'us,
551 1062 773 1124 custodientes
792 1063 865 1124 rias
889 1061 1033 1133 Domini,
1055 1077 1131 1122 eum

332 1165 368 1224 in
393 1160 604 1239 simplicitate
626 1160 736 1223 cordis
751 1159 829 1222 totis
847 1175 978 1237 semper
1001 1158 1131 1220 uiribus

331 1259 531 1332 dilexerunt,
551 1259 711 1336 ponentes
726 1274 762 1320 se
775 1275 906 1320 murum
920 1258 1133 1334 inexpugna-

330 1355 431 1420 bilem
444 1373 503 1434 pro
516 1356 638 1434 populo
649 1356 842 1418 christiano.
859 1358 983 1418 Verum
995 1354 1132 1416 tristitia

331 1453 427 1516 nobis
452 1455 503 1517 est
526 1455 558 1516 et
580 1445 674 1515 dolor
695 1453 871 1515 continuus
889 1451 981 1514 cordi
1005 1452 1130 1524 nostro,

331 1551 418 1632 quod
434 1550 556 1613 nobilis
571 1551 629 1612 ille
642 1553 678 1612 b.
699 1547 738 1630 (*)
755 1552 852 1611 natus
871 1552 958 1623 tuus,
971 1565 991 1610 a
1002 1550 1132 1626 patrum

331 1665 468 1713 suorum
490 1650 617 1711 semitis
638 1650 807 1726 tamquam
827 1647 980 1709 columba
996 1647 1133 1708 seducta

330 1748 501 1820 recedens,
511 1746 973 1808 corsuumcontrabominum
982 1744 1134 1807 obfirma·

330 1846 396 1921 rit3
412 1845 532 1908 avertit
547 1845 660 1906 oculos
676 1860 755 1906 suos
770 1860 812 1905 ne
827 1843 986 1920 respiciat
999 1842 1130 1915 coelum,

332 1943 366 2004 et
379 1959 421 2004 ne
429 1942 633 2019 jndiciorum
658 1942 790 2002 Domini
812 1941 1017 2012 recordetur,
1041 1940 1130 2013 dum,

333 2040 449 2102 contra
467 2042 649 2100 Romanam
679 2039 872 2111 Ecclesiam,
899 2039 1039 2101 matrem
1061 2054 1134 2099 om·

333 2137 426 2199 nium
441 2135 599 2208 fidelium,
616 2152 710 2198 arma
726 2151 872 2208 movens,
886 2135 1010 2198 Christi
1024 2136 1134 2197 enhae-

332 2235 479 2298 reditare
493 2235 610 2297 nititur
621 2233 839 2305 cohaeredem,
856 2233 1018 2311 pupillum
1033 2235 1066 2294 et
1078 2249 1134 2295 or-

333 2333 480 2411 phanum
498 2331 700 2411 Apostolioae
717 2332 822 2404 Sedis
845 2331 972 2393 auxilio
991 2331 1134 2392 derelic-

332 2431 403 2494 tum
418 2447 457 2492 ac
470 2431 579 2493 crucis
596 2430 789 2492 charactere
801 2430 1040 2507 insignitum,a
1056 2429 1133 2491 sede

333 2530 467 2608 propria
487 2529 689 2606 repellendo.
706 2526 882 2600 Debuerat,
897 2527 1046 2606 inquam,
1063 2527 1135 2606 pri·

332 2627 444 2690 mitias
454 2626 582 2689 militia
592 2643 662 2688 suae
670 2627 810 2688 Domino
819 2626 985 2698 dedicare,
998 2626 1035 2688 31
1043 2627 1133 2688 vires

333 2726 489 2803 potentiae
507 2741 577 2786 suae
592 2725 735 2803 primum
750 2725 923 2786 exerceret
936 2725 1052 2786 contra
1067 2724 1134 2786 ini-

333 2825 437 2885 micos
456 2823 534 2883 fidei
547 2821 750 2894 christianae,
767 2822 802 2883 ut
824 2820 1004 2885 debellaret
1016 2822 1133 2898 gentes

334 2935 408 2996 quae
429 2919 524 2981 nobis
550 2918 754 2996 exprobrant
781 2918 922 2994 gloriam
950 2919 1132 2981 Dominicae

334 3016 512 3092 passionis
543 3015 576 3077 et
604 3015 789 3076 funiculum
817 3015 1023 3077 baereditatis
1050 3031 1131 3090 suae,

335 3114 460 3176 terram
484 3113 613 3176 scilicet
631 3129 690 3175 suo
715 3113 879 3190 sanguine
894 3113 1130 3190 comparatam,

334 3210 643 3272 immisericorditer
668 3211 818 3273 detinent
850 3211 886 3272 in
918 3210 1132 3289 opprobrium

334 3308 448 3386 populi
463 3308 651 3372 christiani.
670 3309 733 3371 Sed
754 3309 784 3370 is
805 3325 985 3371 conversus
1003 3310 1044 3372 ad
1062 3309 1133 3372 tac-

333 3407 439 3470 torem
455 3423 551 3468 suum
566 3408 681 3468 contra
697 3423 784 3479 eum,
809 3407 895 3469 siout
908 3407 994 3468 testa
1016 3406 1056 3468 de
1072 3423 1131 3469 sa-

332 3505 420 3576 miis,
442 3504 625 3577 insultavit,
647 3520 775 3582 ponens
794 3505 996 3567 christianos
1016 3505 1050 3566 in
1074 3521 1132 3568 ore

331 3601 436 3680 gladii
457 3605 490 3664 et
505 3603 617 3664 omnia
631 3603 788 3678 redigens
804 3603 840 3664 in
865 3603 1011 3665 cinerem
1027 3603 1060 3665 et
1081 3603 1133 3664 ia-

332 3700 461 3763 uillam.
489 3699 583 3762 Unde
608 3701 790 3761 verendum
819 3702 870 3762 est
901 3716 945 3761 ne
971 3700 1132 3762 Dominus

332 3799 492 3874 tanquam
506 3796 675 3857 dormiens
689 3797 872 3870 excitatus,
889 3814 964 3858 cum
986 3800 1073 3858 Deus
1089 3798 1133 3860 sit

334 3893 497 3955 ultionum
515 3893 687 3964 Dominus,
704 3893 737 3954 et
750 3893 913 3956 retribuat
933 3894 986 3954 his
999 3895 1056 3972 qui
1072 3911 1132 3956 su-

333 3989 483 4069 perbiam
499 3989 625 4052 iaciunt
643 3989 862 4064 abundanter,
879 3991 1044 4068 adipsum
1063 3991 1134 4053 ola-

334 4103 426 4150 more
439 4087 552 4166 populi
567 4089 777 4161 ascendente,
795 4104 870 4149 cum
884 4089 992 4150 dictus
1009 4089 1131 4152 nobilis

332 4185 1130 4266 perturbetuniversalenegotiumcrucisChristi,

332 4283 1133 4363 volenteshelladissipetetarrogantemdejiciat

332 4397 373 4443 ac
388 4382 578 4458 superbum.

373 4482 488 4550 Porro,
509 4495 595 4548 cum,
622 4479 803 4540 secundum
821 4481 993 4558 prophetae
1009 4483 1133 4559 praedi-

334 4575 439 4638 centis
454 4576 638 4647 oraculum,
656 4579 760 4650 [mpii
774 4580 845 4637 virt
867 4593 936 4640 ooo
950 4580 1133 4641 dimidient

333 4675 519 4745 (11333333,
548 4688 615 4734 333
641 4672 808 4734 immerito
834 4673 1050 4736 lormidamus
1076 4693 1129 4749 ne,

332 4771 506 4848 postquam
517 4768 574 4830 ille
585 4771 642 4848 qui
653 4770 739 4831 nihil
749 4771 947 4847 impunitum
959 4773 1129 4852 relinquit,

333 4867 458 4930 diutius
484 4867 717 4946 exspectavit·
731 4869 823 4930 velut
851 4885 871 4930 a
898 4871 1032 4934 texente
1065 4873 1131 4935 tela

333 4965 474 5038 succisa,
504 4966 573 5028 dies
603 4966 667 5028 sibi
690 4966 865 5030 subtrahat
891 4969 1068 5046 putativos,
1099 4971 1133 5032 et

333 5064 545 5142 compellaris
573 5067 610 5127 tu
638 5064 809 5126 nobiscum
841 5067 980 5128 exitium
1011 5068 1131 5129 animae

332 5163 438 5242 ipsius
455 5165 488 5226 et
509 5165 659 5241 corporis
682 5164 918 5228 miserabiliter
942 5167 1128 5244 deplorare.

369 5390 404 5465 (')
421 5392 591 5451 Ludovicus.

369 5479 410 5552 (l)
427 5480 563 5540 Guarino.

369 5567 409 5640 11)
428 5569 558 5640 lingonis
571 5567 606 5626 dc
622 5570 771 5628 Fleiouria.

940 215 1117 282 HONORII
1138 215 1184 276 ΙΙΙ
1205 215 1354 278 OPERA.

1976 217 2043 278 372

1189 377 1228 436 ot
1250 375 1357 453 igitur
1380 375 1487 438 nictus
1515 373 1790 439 3333133333
1822 359 2040 454 arcus‘qu

1185 476 1339 537 extentus
1374 475 1426 538 est
1461 473 1738 551 significationem
1773 473 1947 537 habeat
1984 475 2039 534 fn-

1184 573 1307 649 giendi‚
1327 587 1526 652 quamquam
1543 571 1697 634 videatur
1717 573 1752 633 in
1776 589 1864 634 sua
1888 572 2036 634 malitia

1184 670 1323 732 nimium
1352 671 1548 743 obstinatus,
1573 670 1715 748 impleas
1738 671 1883 732 tamen
1919 671 2036 748 patris

1186 767 1332 830 officium
1353 769 1442 830 circa
1462 768 1582 846 ipsum,
1605 770 1638 830 et
1655 784 1730 829 eum
1750 784 1864 829 nunc
1883 767 2035 829 blandi·
2093 763 2094 792 ¹

1186 867 1305 929 mentis
1319 866 1470 938 inducas,
1486 882 1575 927 3333
1589 865 1701 928 verbis
1714 866 1922 928 deterreas
1943 882 2035 944 pun-

1186 966 1309 1040 gitiris,
1325 963 1556 1027 comminando
1569 963 1633 1024 sibi
1646 963 1798 1025 divinum
1813 963 2027 1041 judicium,

1187 1064 1336 1128 ecclesiae
1365 1061 1569 1135 scandalum,
1599 1061 1747 1124 fidelium
1773 1061 2032 1139 imprecatio-

1186 1180 1264 1236 nes,
1290 1177 1430 1240 quorum
1459 1161 1664 1239 propositum
1685 1159 1838 1237 impedit
1873 1161 1916 1223 et
1944 1161 2022 1222 vota

1186 1257 1335 1321 retardat
1360 1273 1401 1318 ne
1425 1255 1564 1335 possint,
1593 1254 1679 1317 sicut
1699 1254 1877 1319 tenentur
1901 1257 1942 1318 et
1968 1273 2028 1318 cu-

1187 1357 1292 1435 piunt,
1312 1355 1437 1418 terram
1461 1353 1594 1415 Domini
1617 1352 1772 1416 liberare.
1800 1355 1900 1416 Non
1929 1355 2021 1416 enim

1188 1454 1353 1516 credimus
1378 1451 1585 1530 superiorem
1610 1451 1678 1514 vim
1706 1451 1868 1513 rationis
1902 1453 1959 1513 sic
1989 1453 2023 1512 in

1188 1553 1246 1614 illo
1270 1552 1472 1629 depressam,
1496 1550 1618 1612 utnon
1641 1549 1684 1611 sit
1704 1565 1848 1612 memor
1865 1566 2017 1627 operum

1188 1650 1335 1724 Domini,
1361 1650 1394 1712 et
1419 1648 1460 1710 ad
1487 1647 1697 1710 discretionis
1725 1647 1918 1725 judicium
1948 1664 2015 1709 non

1189 1749 1351 1824 assurgat.
1379 1745 1459 1819 Quis
1484 1746 1547 1808 scit
1562 1745 1602 1819 si,
1625 1744 1837 1823 respiciente
1861 1747 2011 1808 Domino
2085 1751 2087 1842 l

1188 1863 1245 1910 cor
1260 1846 1362 1918 illius,
1379 1845 1545 1924 percutiat
1558 1844 1643 1906 illud
1663 1845 1700 1906 ut
1717 1845 1947 1920 poenitentiae
1965 1845 2015 1904 la·
2087 1850 2090 1867 l

1188 1943 1300 2007 menta
1323 1943 1496 2023 producat,
1524 1942 1557 2004 et
1584 1941 1619 2002 in
1645 1941 1822 2004 stillicidia
1856 1941 2010 2021 profluat

1188 2043 1425 2120 lacrymarum,
1446 2040 1484 2102 ut
1509 2039 1558 2102 sic
1585 2039 1621 2100 in
1642 2038 1763 2117 spiritu
1788 2040 1955 2102 contrito
1981 2039 2012 2100 et

1188 2139 1364 2202 humiliato
1387 2137 1507 2200 delicta
1529 2135 1651 2199 defleat
1668 2136 1879 2215 juventutis,
1900 2137 1936 2200 et
1949 2151 2006 2196 re-

1188 2252 1305 2299 versus
1320 2235 1361 2298 ad
1375 2234 1504 2313 patrem
1524 2233 1692 2312 tamquam
1708 2233 1798 2295 illius
1821 2234 2006 2311 prodigus,

1188 2333 1265 2396 dato
1280 2333 1316 2394 in
1330 2331 1482 2394 manibus
1504 2334 1576 2409 eJ'us
1597 2331 1732 2403 333313,
1756 2329 1914 2408 recipiat
1937 2333 2004 2390 sto-

1188 2431 1254 2493 lam
1267 2431 1428 2509 primaml
1439 2431 1486 2491 De
1501 2429 1633 2490 nemine
1644 2443 1787 2506 namque
1803 2429 2002 2506 desperan-

1188 2530 1265 2591 dum
1280 2529 1341 2602 est,
1354 2528 1431 2588 dum
1441 2519 1491 2589 es‘t
1503 2527 1539 2588 in
1548 2527 1612 2588 hoc
1625 2542 1763 2604 corpore
1775 2526 1998 2594 constitutus,

1189 2625 1480 2695 cumnesciamus
1509 2624 1583 2703 quis
1618 2623 1662 2686 sit
1695 2623 1928 2704 dignnsgodio
1948 2620 1998 2684 rel

1188 2741 1312 2790 amore.

1227 2825 1277 2885 Tu
1299 2838 1390 2896 vero,
1421 2823 1520 2883 bomo
1549 2819 1735 2894 unanimis,
1765 2819 1914 2883 devotus
1941 2833 1996 2879 ec-

1188 2920 1298 2983 clesiae
1312 2921 1411 2990 filius,
1428 2919 1484 2997 qui
1499 2920 1531 2982 ei
1550 2917 1685 2981 astitisti
1703 2934 1837 2996 semper
1851 2917 1889 2978 13
1902 2931 1993 2994 pros-

1188 3019 1277 3096 peris
1296 3017 1330 3079 et
1350 3017 1510 3089 adversis,
1536 3016 1572 3078 in
1591 3015 1757 3077 mandatis
1777 3014 1928 3087 Domini,
1949 3011 1993 3072 si-

1187 3117 1243 3178 cut
1257 3115 1397 3193 coepisti,
1413 3114 1556 3177 fideliter
1570 3129 1760 3192 persevera,
1781 3114 1820 3174 in
1846 3111 1951 3190 Apost
1970 3139 1988 3153 -

1186 3214 1261 3275 licae
1287 3213 1382 3275 Sedis
1406 3212 1581 3274 devotione
1609 3211 1749 3273 firmiter
1768 3207 1986 3288 persistendo.

1186 3313 1256 3374 Nos
1271 3311 1370 3385 enim,
1386 3327 1461 3372 cum
1475 3309 1508 3372 te
1523 3309 1654 3371 sincera
1669 3308 1849 3386 diligamus
1865 3309 1901 3368 in
1920 3309 1985 3366 Do-

1187 3408 1277 3471 mino
1300 3408 1450 3482 caritate,
1474 3408 1516 3468 ad
1538 3408 1697 3470 honorem
1722 3407 1755 3468 et
1778 3403 1982 3468 commodum

1186 3507 1291 3579 tuum,
1315 3507 1473 3584 quantum
1487 3521 1562 3567 cum
1576 3508 1644 3566 Deo
1659 3505 1856 3582 poterimus,
1874 3503 1982 3564 inten-

1188 3605 1315 3667 demus.
1331 3604 1380 3665 Ad
1393 3603 1476 3677 haec,
1491 3603 1534 3664 ad
1548 3617 1664 3681 preces
1680 3603 1873 3665 serenitatis
1888 3597 1982 3674 regiae

1186 3702 1373 3765 venerabili
1388 3701 1485 3764 tratri
1506 3701 1621 3762 nostro
1637 3699 1882 3763 silvanectensi
1900 3695 1981 3774 epis-

1187 3818 1270 3879 copo
1284 3799 1332 3881 (l)
1355 3799 1487 3877 culpam
1509 3799 1721 3870 remittimus,
1736 3813 1836 3876 quam
1852 3811 1911 3876 pro
1927 3794 1979 3854 be·

1187 3899 1374 3961 nedictione
1395 3896 1524 3958 abbatis
1546 3897 1660 3958 Sancti
1681 3897 1839 3957 Germani
1864 3893 1910 3974 (2)
1931 3889 1978 3951 ni·

1187 3997 1250 4058 mis
1263 3995 1492 4074 imprudenter
1509 3993 1654 4066 admisit,
1671 3994 1703 4055 31
1717 3993 1784 4054 tam
1805 3993 1870 4054 sibi
1889 4001 1974 4068 qnam

1186 4092 1294 4154 eidem
1311 4091 1423 4152 abbati
1438 4089 1599 4151 offensam
1612 4105 1711 4167 quam
1735 4083 1972 4151 contraxerunt,

1187 4188 1450 4250 misericorditer
1462 4187 1664 4262 relaxamus
1682 4189 1789 4264 Super
1803 4185 1890 4248 iacto
1904 4192 1972 4243 vero

1186 4286 1298 4349 dilecti
1313 4286 1374 4346 tilii
1390 4288 1427 4347 P.
1442 4283 1491 4365 (a)
1504 4285 1574 4346 nati
1588 4284 1649 4358 tui,
1664 4283 1862 4361 quibusdam
1875 4283 1971 4356 impe-

1186 4384 1342 4448 dimentis
1376 4382 1594 4455 obstantibus,
1631 4382 1672 4443 ad
1706 4382 1843 4459 plenum
1874 4378 1969 4442 rotun

1186 4486 1279 4547 tuum
1294 4482 1336 4544 ad
1354 4495 1502 4560 praesens
1522 4478 1706 4556 adimplere
1720 4495 1788 4540 non
1807 4477 1968 4557 potuimus.

1186 4580 1284 4660 prout
1300 4581 1475 4658 paternum
1491 4576 1692 4639 desiderium
1715 4576 1902 4653 flagitabam
1920 4565 1966 4634 scd

1186 4679 1221 4739 in
1229 4677 1393 4756 proximo,
1406 4675 1545 4737 Domino
1557 4674 1769 4746 concedente,
1784 4687 1896 4750 preces
1905 4670 1967 4729 tuas

1186 4777 1220 4837 in
1244 4775 1308 4837 hoo
1326 4772 1517 4836 curabimus
1540 4772 1712 4834 exaudire.
1733 4774 1779 4832 De
1798 4771 1853 4832 his
1874 4767 1964 4832 aulen

1186 4889 1260 4952 quaa
1273 4871 1368 4934 nobis
1381 4887 1441 4949 per
1455 4870 1616 4931 nuncium
1630 4869 1850 4931 memoratum
1863 4864 1904 4946 (b)
1918 4875 1964 4922 re·

1186 4970 1271 5048 galis
1307 4967 1535 5030 munificentia
1569 4966 1763 5040 destinavit,
1791 4956 1962 5028 1331113101ίὶ

1186 5069 1372 5146 gratiarum
1416 5065 1648 5143 prosequimur
1687 5063 1829 5126 actione.
1865 5057 1963 5125 Datum

1187 5163 1354 5237 Laterani,
1369 5165 1414 5225 XI
1427 5163 1494 5225 kal.
1512 5163 1604 5235 maii,
1621 5177 1709 5224 anno
1724 5161 1842 5239 primo.

1223 5393 1263 5471 (ct
1287 5395 1363 5453 Petri
1386 5393 1500 5462 Carloti,
1517 5392 1565 5464 qui
1586 5391 1662 5450 circa
1687 5391 1715 5450 id
1735 5393 1869 5465 temporis
1887 5385 1960 5444 tactus

1186 5477 1229 5526 est
1243 5465 1417 5525 Turonensis
1433 5465 1528 5522 Sancti
1549 5463 1662 5522 Martini
1675 5461 1876 5521 thesaurarius.

1222 5581 1261 5658 (1)
1279 5581 1367 5656 Regis
1381 5579 1572 5639 camerarium
1585 5578 1826 5639 bartholomaeum
1836 5579 1867 5636 dc
1878 5571 1958 5645 llopot.
