4200 6394
285 367 325 426 47
751 348 928 424 nononri
949 361 996 423 111
1017 361 1167 425 ornum
1184 391 1225 408 -
1240 361 1474 428 saumones.
1902 367 1943 430 48

287 523 433 584 maxime
466 523 597 601 quando
625 523 809 586 ducebatur
831 523 866 584 in
892 524 1083 600 AEgvptum.
1141 522 1237 585 stella
1250 525 1363 598 maris,
1380 525 1488 588 ethoo
1502 525 1659 588 hebraico
1675 539 1839 599 sermone,
1858 527 1942 604 Syro

289 622 383 684 Unde
407 621 544 698 angelus
564 621 605 683 ad
624 622 768 699 Josepb:
793 625 915 696 Accipe
936 637 1087 697 puerum
1141 621 1251 683 autem
1276 638 1439 696 sermone,
1464 624 1615 685 Domina.
1639 623 1742 685 Beata
1765 624 1872 686 Maria
1888 625 1940 687 est

288 721 323 781 et
355 721 507 782 matrem
541 724 617 786 etus
651 721 686 781 et
711 721 792 795 supe
827 722 865 779 tu
896 720 1087 795 AEppptom
1140 719 1327 782 illuminata
1346 737 1405 798 per
1429 721 1606 798 specialem
1625 721 1785 797 gratiam3
1811 721 1941 782 illumi-

282 814 397 895 ·(Matt.
414 833 451 889 11,
467 815 531 896 13.)
543 817 644 893 Virgo
661 831 789 894 quoque
806 817 977 893 indigebat
991 818 1084 878 sola·
1141 817 1253 878 natrix
1267 834 1326 894 per
1336 819 1554 896 principalem
1562 820 1744 896 justitiam
1761 819 1858 880 stella
1873 835 1942 880 ma·

291 914 338 976 tio
353 915 444 976 virili
457 932 499 976 ne
514 915 586 976 sola
601 915 762 993 pergeret.
1140 915 1187 975 ris
1211 930 1271 991 per
1290 915 1468 992 specialem
1487 917 1764 978 misericordiam:
1787 917 1940 992 Domina,

330 1015 454 1084 Quarta
471 1015 506 1075 ut
520 1013 642 1075 Christi
659 1013 691 1073 et
714 1012 871 1074 Ecclesiae
892 1012 1085 1089 mysterium
1140 1028 1200 1089 per
1229 1013 1419 1075 aeternalem
1444 1015 1636 1092 potentiam,
1666 1015 1854 1076 illuminata
1879 1033 1943 1092 per

290 1111 491 1186 signaretur,
508 1112 586 1188 quia
601 1110 687 1172 siout
696 1111 799 1172 Beata
814 1111 921 1171 Maria
933 1111 996 1172 luit
1010 1112 1087 1172 des·
1141 1111 1347 1187 spiritualem
1360 1113 1513 1188 gratiam,
1529 1114 1615 1175 sieut
1628 1113 1773 1189 Angelus
1787 1113 1871 1174 dixit
1885 1114 1937 1175 ei:

291 1211 430 1284 pensata
445 1208 503 1269 sed
518 1208 618 1282 Virgo
631 1208 770 1285 peperit,
788 1209 834 1270 ita
847 1209 995 1270 Ecclesia
1010 1210 1087 1270 des-
1140 1210 1460 1284 Aueprotiaplena.
1471 1211 1570 1271 Nulla
1578 1211 1667 1272 enim
1676 1211 1766 1273 creat
1773 1226 1833 1272 ura
1842 1210 1940 1287 plena

237 1369 242 1374 ,
290 1307 429 1382 pensata
445 1305 495 1368 est
506 1305 648 1378 Christe,
663 1306 696 1369 et
709 1305 805 1382 virgo
827 1306 923 1382 parit.
944 1308 992 1368 De
1005 1307 1085 1368 des·
1140 1305 1248 1381 gratia
1267 1305 1353 1368 siout
1366 1308 1485 1380 Maria,
1509 1324 1582 1385 quae
1600 1308 1690 1369 omni
1705 1309 1814 1384 gratia
1838 1309 1941 1386 spiri-

289 1403 486 1482 ponsatione
501 1403 583 1464 dicit
593 1401 790 1479 Apostolus:
808 1407 980 1479 Respondi
995 1408 1087 1467 erztm
1140 1403 1224 1465 tuali
1239 1419 1339 1480 super
1353 1405 1526 1467 universas
1546 1405 1609 1467 luit
1622 1406 1808 1479 benedicta,
1823 1406 1858 1468 et
1872 1422 1940 1468 non

288 1516 350 1563 vos
373 1504 436 1562 not
459 1504 536 1562 otro
560 1504 734 1576 otrptnena
761 1502 894 1564 castam
926 1505 1086 1565 coebtlrere
1141 1501 1248 1562 solum
1261 1501 1354 1563 omni
1367 1503 1476 1577 gratia
1491 1502 1652 1565 adornata
1675 1503 1739 1566 luit
1759 1504 1793 1564 in
1817 1505 1935 1578 mente,

291 1599 426 1662 Cbrtsto
440 1595 485 1676 (ΙΙ
495 1597 618 1659 Corint.
631 1613 667 1670 11,
681 1596 745 1677 13.)
759 1601 806 1660 Ile
820 1600 917 1677 partu
929 1600 1087 1676 virginali
1141 1613 1256 1658 verum
1272 1597 1372 1659 etiam
1386 1613 1462 1664 eum
1476 1613 1497 1660 a
1512 1615 1576 1675 quo
1591 1599 1624 1660 et
1638 1599 1673 1660 in
1689 1615 1753 1676 quo
1766 1600 1816 1661 est
1829 1601 1937 1663 omnis

290 1694 484 1757 Ambrosius
500 1716 508 1754 ι
523 1712 542 1755 c
558 1695 651 1758 Parit
664 1712 725 1760 nos
737 1697 839 1773 Virgo
854 1697 1087 1760 MaterEeole-
1141 1693 1249 1770 gratia
1275 1695 1418 1770 gestavit
1439 1696 1475 1756 in
1495 1698 1621 1758 venue.
1645 1698 1739 1758 Unde
1768 1699 1938 1776 Hierony·

291 1792 342 1855 sia
361 1809 428 1854 non
448 1809 523 1854 eum
543 1792 657 1854 dolore
679 1793 911 1868 membrorum,
934 1795 992 1856 sed
1012 1811 1086 1857 eum
1141 1808 1235 1852 mus:
1252 1809 1270 1852 c
1286 1793 1434 1854 Goelestis
1453 1792 1560 1855 imber
1575 1794 1611 1855 in
1630 1794 1818 1870 virgineum
1831 1795 1936 1857 vellus

291 1890 424 1966 gaudiis
439 1891 644 1966 angelorum.
657 1893 805 1963 »Quinta
824 1909 866 1952 ne
879 1894 985 1955 mater
997 1894 1089 1956 velut
1141 1889 1271 1966 placido
1293 1906 1328 1951 se
1343 1890 1460 1952 effudit
1475 1891 1600 1968 elapsu,
1624 1893 1657 1953 et
1671 1894 1739 1953 tota
1754 1892 1938 1955 divinitatis

291 1988 443 2050 adultera
466 1988 680 2065 lapidaretur,
698 2006 780 2066 quos
802 1990 831 2050 si
853 1991 960 2053 Judaei
981 1992 1088 2054 vidis·
1142 1987 1230 2048 unda
1256 1986 1291 2047 in
1306 2003 1440 2049 earnem
1464 2003 1502 2049 se
1520 1987 1670 2058 contulit,
1700 1989 1831 2066 quando
1856 2005 1936 2051 ver-

292 2086 367 2148 sent
378 2085 483 2147 lllium
496 2086 528 2148 et
540 2102 607 2147 non
621 2087 788 2160 maritum,
806 2089 976 2164 putassent
994 2090 1087 2151 illam
1141 2083 1218 2144 bum
1229 2100 1307 2145 cero
1322 2085 1445 2146 laetum
1458 2086 1508 2147 est
1523 2086 1555 2146 et
1569 2085 1731 2147 habitavit
1746 2087 1781 2147 in
1794 2087 1899 2148 nobis.
1917 2104 1937 2148 r

291 2182 490 2256 adulteram,
510 2184 542 2246 et
560 2185 742 2246 seeundum
762 2185 869 2262 legem
883 2186 1088 2264 lapidassent
1142 2181 1254 2243 Vellus
1279 2183 1330 2243 est
1352 2182 1394 2243 de
1416 2197 1527 2254 carne,
1561 2183 1617 2243 sed
1648 2198 1715 2244 non
1741 2183 1841 2244 sentit
1860 2199 1939 2245 ear·
1992 2189 1997 2199 ’

291 2280 396 2342 illam.
424 2282 465 2343 Et
491 2281 570 2344 licet
595 2283 753 2343 Dominus
781 2283 926 2360 potuerit
949 2286 1087 2347 matrem
1142 2279 1194 2340 nis
1210 2279 1373 2340 ardorem.
1397 2280 1451 2340 Sic
1470 2281 1571 2341 Beata
1593 2281 1695 2356 Virgo
1711 2281 1772 2342 luit
1795 2283 1873 2342 nata
1897 2283 1939 2343 de

292 2379 562 2442 suamaJudaeis
571 2379 757 2454 defendere,
771 2381 879 2443 noluit
890 2383 1002 2445 tamen
1014 2398 1088 2446 eam
1143 2393 1254 2448 earne,
1282 2377 1339 2438 sed
1368 2392 1435 2437 non
1470 2378 1575 2438 sensit
1607 2378 1718 2438 carnis
1752 2377 1935 2439 libidinem.

289 2476 448 2538 infamari
472 2477 513 2538 de
532 2477 690 2554 crimine;
719 2479 775 2539 sed
802 2480 912 2556 potius
938 2482 1088 2557 permisit
1142 2474 1291 2536 Coelestis
1306 2474 1412 2536 imber
1433 2474 1939 2552 03111111111111111ῐὶ,1111111810111

290 2573 404 2634 fideles
417 2574 459 2635 ad
471 2574 601 2652 tempus
614 2575 657 2635 de
669 2591 729 2637 suo
742 2577 817 2638 ortu
830 2576 992 2640 dubitare.
1002 2580 1087 2642 Hine
1141 2571 1248 2633 imber
1269 2573 1394 2634 terram
1419 2572 1589 2634 soecundat
1615 2573 1687 2634 sine
1713 2573 1935 2650 corruptione,

223 2697 226 2702 ,
289 2671 340 2734 est
350 2672 435 2750 quod
444 2672 699 2749 Josephdieitur
711 2689 784 2736 esse
794 2675 1087 2754 paterejussecun.
1141 2670 1189 2731 ita
1204 2670 1264 2730 Dei
1276 2669 1366 2729 filius
1380 2670 1481 2731 Matri
1494 2669 1584 2731 dedit
1598 2669 1857 2744 foecunditatem,
1871 2687 1937 2732 non

290 2768 368 2830 dum
397 2769 480 2829 illud
511 2771 683 2847 Evangelii
711 2789 719 2826 a
752 2774 842 2834 Erat
872 2775 983 2835 Pater
1013 2780 1087 2848 ejus
1142 2767 1279 2829 abstulit
1289 2767 1523 2843 integritatem.
1539 2769 1578 2829 Et
1590 2768 1640 2830 est
1654 2783 1789 2829 sensusz
1813 2769 1939 2829 Coeles-

291 2867 1088 2944 etmatermeaoteseopernrpraedicerentur
1141 2865 1184 2927 tis
1207 2865 1312 2926 imber
1331 2881 1367 2926 se
1390 2865 1513 2927 infudit
1539 2866 1575 2926 in
1602 2866 1791 2940 virgineum
1817 2866 1935 2938 vellus,

291 2967 408 3026 deicio
431 2961 525 3043 (Luc.
550 2981 592 3037 11,
617 2966 684 3046 33.)
711 2968 812 3028 Sexta
840 2983 882 3040 ne
901 2967 1087 3044 virginibus
1141 2962 1236 3036 idest,
1257 2963 1319 3024 Dei
1342 2962 1431 3023 iilius
1452 2962 1622 3024 deseendit
1643 2962 1678 3023 in
1704 2963 1878 3039 virginem,
1903 2964 1939 3024 et

293 3062 484 3138 exemplum
502 3062 649 3125 infamiae
671 3064 884 3141 praeberetur,
906 3066 984 3143 quia
1010 3083 1088 3144 pos·
1142 3061 1204 3121 boc
1219 3060 1349 3138 placido
1373 3060 1499 3136 elapsu,
1522 3060 1608 3122 idest
1628 3061 1739 3137 quieto
1760 3061 1938 3134 descensu,

293 3161 369 3221 sent
394 3159 505 3222 dicere
528 3162 691 3238 virgines,
707 3163 836 3240 quoties
866 3164 906 3225 de
932 3165 980 3224 eis
999 3167 1087 3227 mala
1142 3157 1227 3234 quod
1243 3173 1305 3218 nee
1320 3172 1453 3219 carnem
1468 3157 1616 3232 Virginis
1630 3159 1779 3234 eorrupit
1792 3175 1853 3220 nee
1864 3159 1939 3220 ani-

293 3257 442 3334 suspicio
456 3259 622 3321 nascitur:
640 3261 714 3321 Non
730 3261 780 3322 θεῖ
797 3261 917 3322 mirum
934 3263 964 3324 si
978 3262 1088 3325 bomi—
1141 3271 1229 3316 mam
1247 3255 1461 3331 perturbavit·
1482 3256 1523 3317 Et
1536 3255 1606 3317 tOta
1630 3255 1814 3318 divinitatis
1837 3257 1938 3329 11111111,

290 3371 350 3417 nes
365 3355 479 3419 dieunt
492 3357 580 3418 mala
593 3357 633 3418 do
648 3357 743 3418 nohis
759 3359 814 3419 vel
829 3358 950 3436 turpia,
968 3361 1044 3437 quia
1055 3363 1088 3424 et
1142 3352 1237 3424 idest,
1260 3353 1330 3415 tota
1353 3353 1511 3415 divinitas
1530 3354 1622 3417 velut
1640 3357 1728 3416 unda
1744 3370 1779 3414 se
1801 3354 1940 3416 contulit

288 3452 371 3514 talia
386 3453 543 3516 dixerunt
554 3455 594 3516 do
608 3455 709 3516 Beata
724 3455 843 3517 Maria.
858 3457 963 3532 Igitur
979 3475 1020 3520 ne
1034 3460 1088 3521 ta.
1141 3450 1176 3510 in
1189 3466 1336 3511 earnem.
1353 3452 1423 3512 Hoc
1438 3452 1488 3513 θεῖ
1503 3453 1588 3528 quod
1604 3452 1726 3514 dicitur
1740 3452 1774 3512 in
1786 3452 1937 3513 Psalmo:

289 3551 354 3612 lem
363 3551 549 3628 proferrent
559 3552 926 3626 excusationemdatus
935 3556 985 3617 θεῖ
992 3571 1088 3632 spon·
1140 3549 1330 3610 descendet
1342 3549 1432 3610 sicut
1443 3554 1563 3624 placeio
1575 3553 1611 3611 tn
1625 3556 1731 3612 vetius
1744 3549 1812 3628 (Ρε.
1825 3552 1874 3622 71,
1891 3548 1938 3630 6.)

290 3663 347 3708 sus
361 3650 472 3710 Beatae
488 3650 615 3722 Mariae,
632 3667 675 3712 ne
689 3654 916 3730 personaejus
931 3654 1086 3715 veltenui
1180 3647 1282 3708 Beata
1302 3646 1409 3706 Maria
1429 3645 1480 3707 est
1496 3646 1717 3709 illuminatrix
1731 3663 1790 3725 per
1809 3647 1940 3726 specia-

228 3747 239 3756 '
289 3745 513 3806 macularetur
540 3745 687 3808 infamiae
714 3751 803 3811 notu.
836 3753 906 3813 Hoc
934 3753 1086 3831 exemplo
1140 3743 1937 3822 161111111ῒὶῒὶ11111,1161111111111110110111111111181

288 3839 453 3900 docentur
465 3840 621 3901 mulieres
637 3841 669 3902 et
683 3843 831 3918 virgines
853 3861 873 3906 a
888 3849 1039 3922 personis
1054 3849 1087 3911 et
1141 3859 1159 3902 ‹<
1181 3843 1282 3919 Cuius
1294 3841 1363 3904 vita
1379 3841 1506 3919 inclyta
1518 3843 1654 3904 cunctas
1668 3843 1814 3904 illustrat
1826 3843 1939 3904 eccle-

289 3936 372 3998 loois
392 3953 428 3999 se
451 3937 650 3999 subtrahere
673 3939 713 4000 de
733 3940 851 4017 quibus
873 3945 984 4018 posset
1005 3946 1086 4005 oriri
1142 3939 1253 4000 sias.»
1272 3942 1322 4000 Ex
1342 3939 1402 4000 illa
1417 3954 1559 4016 namque
1575 3940 1742 4017 tamquam
1761 3957 1803 4002 ex
1822 3957 1939 4002 exem-

289 4035 368 4096 nota
380 4035 538 4096 infamiae.
555 4035 641 4097 Hine
657 4037 707 4097 est
725 4038 811 4114 quod
834 4040 972 4114 angelus
991 4041 1087 4103 inve-
1142 4035 1228 4112 plari
1250 4051 1425 4112 POSsumUS
1450 4051 1582 4098 1111111116
1597 4037 1755 4115 quidquid
1775 4041 1937 4110 8311011111,

288 4133 339 4194 nit
362 4133 503 4195 Mariam
527 4150 593 4196 non
611 4133 646 4195 in
669 4135 790 4212 plateis
808 4138 994 4212 vagantem,
1019 4155 1086 4200 non
1142 4133 1299 4209 quidquid
1337 4133 1509 4210 pudicum,
1544 4135 1703 4212 (11111111111
1743 4137 1936 4208 immistum,

287 4247 362 4292 cum
381 4231 562 4310 juvenibus
587 4231 828 4310 colloquentem
855 4234 913 4294 sed
939 4235 974 4296 in
998 4236 1088 4296 cubi·
1142 4230 1298 4307 quidquid
1324 4230 1445 4291 bonum
1466 4232 1618 4293 volumus
1649 4248 1817 4294 exercere.
1845 4234 1939 4295 Unde

286 4330 361 4391 culo
384 4330 615 4406 spirituatibus
634 4331 818 4405 vacantem,
844 4332 1024 4394 secundum
1045 4335 1087 4395 il·
1141 4326 1354 4389 Ambrosius:
1370 4328 1730 4408 «sttvobistamquam
1744 4331 1779 4391 in
1792 4331 1939 4407 imagine

286 4425 363 4487 lud:
380 4430 565 4503 depressus
577 4432 727 4506 maroelus
737 4433 781 4494 art
795 4445 873 4493 enm
888 4432 1001 4492 droit:
1014 4437 1086 4495 Aoe
1141 4424 1305 4502 descripta
1316 4426 1385 4488 rita
1395 4427 1522 4487 Mariae.
1537 4427 1623 4488 Hine
1633 4429 1773 4489 sumatis
1784 4430 1939 4506 exempla

287 4523 383 4605 (Luc,
402 4539 430 4596 r,
453 4524 520 4605 28.)
547 4527 725 4603 Nunquam
753 4527 919 4590 diceretur
946 4531 1086 4606 angelos
1140 4523 1284 4596 vivendi,
1310 4523 1367 4584 ubi
1390 4524 1558 4602 tamquam
1587 4525 1622 4586 in
1651 4525 1836 4603 exemplari
1863 4529 1939 4589 sunt

286 4621 459 4698 ingressus
476 4623 517 4684 ad
533 4639 618 4692 eam,
635 4625 701 4685 nisi
721 4641 795 4686 eam
818 4627 853 4686 in
872 4629 1009 4689 seeretis
1026 4629 1087 4692 do·
1140 4621 1332 4698 magisteria
1347 4622 1521 4699 probitatis
1534 4639 1703 4699 expressa·
1720 4639 1739 4683 »

286 4736 360 4780 mus
383 4737 453 4782 suae
474 4722 702 4798 penetralibus
724 4723 918 4786 invenisset.
940 4727 1085 4804 Septima
1179 4720 1280 4781 Beata
1293 4720 1400 4780 Maria
1413 4721 1463 4781 est
1475 4721 1571 4782 stella
1584 4722 1687 4782 maris
1699 4737 1759 4799 per
1774 4721 1940 4800 principa-

285 4818 322 4880 ut
348 4819 397 4880 sio
425 4819 562 4882 castitas
586 4820 760 4895 virginalis
787 4824 1082 4898 commendaretur,
1139 4817 1204 4879 lem
1218 4817 1492 4890 misericordiam,
1512 4818 1598 4895 quod
1613 4817 1699 4880 sieut
1713 4821 1824 4881 nautae
1839 4821 1938 4882 noete

284 4931 326 4978 ne
348 4918 536 4994 conjugalis
567 4919 765 4980 castimonia
788 4919 975 4995 lederetur,
998 4923 1083 5000 quod
1138 4915 1323 4992 respiciunt
1335 4916 1376 4977 ad
1390 4916 1484 4976 illem
1500 4915 1631 4977 stellam
1647 4917 1682 4978 ut
1697 4919 1826 4993 possint
1839 4934 1936 4979 suum

283 5015 387 5078 Beata
404 5014 511 5076 Maria
527 5016 715 5093 exemplum
728 5020 778 5079 est
793 5019 958 5081 castitatis
979 5021 1085 5096 virgi·
1139 5029 1273 5074 cursum
1283 5012 1439 5088 dirigere,
1450 5014 1483 5075 et
1493 5013 1681 5090 periculosa
1692 5015 1765 5077 loea
1777 5017 1936 5092 evadere3

284 5112 382 5174 nibus
409 5115 441 5175 et
462 5113 668 5191 conjugatis3
686 5115 872 5191 virginibus
887 5117 922 5178 in
938 5133 977 5179 eo
997 5119 1083 5195 quod
1139 5111 1185 5172 ita
1207 5127 1267 5172 nos
1288 5111 1323 5171 in
1345 5110 1408 5171 noe
1427 5112 1513 5172 mari
1532 5128 1652 5188 magno
1676 5115 1708 5175 et
1727 5115 1886 5191 spatioso,
1904 5116 1940 5176 in

287 5211 389 5288 Virgo
400 5212 528 5289 peperit
538 5212 716 5286 Christum,
726 5214 1083 5292 ostenditvirginitatis
1138 5207 1410 5270 tribulationibus
1433 5209 1465 5271 θῖ
1487 5209 1756 5284 adversitatibus,
1780 5211 1815 5272 in
1831 5213 1942 5274 tenta-

285 5309 518 5371 inaestimabile
534 5311 672 5384 donum;
685 5313 881 5390 conjugatis,
896 5313 981 5374 ineo
997 5314 1083 5392 quod
1138 5305 1285 5368 tionibus
1308 5307 1341 5367 et
1356 5307 1518 5383 angustiis
1543 5308 1584 5369 ad
1611 5308 1704 5369 illam
1726 5309 1937 5387 respicimus

284 5406 349 5468 luit
373 5407 583 5484 desponsata,
602 5409 746 5471 ostendit
773 5426 793 5470 a
818 5414 886 5473 Deo
910 5411 1082 5474 benedicta
1139 5407 1234 5482 cujus
1249 5404 1378 5466 meritis
1394 5406 1426 5466 et
1445 5404 1599 5482 precibus
1615 5407 1766 5482 cupimus
1789 5408 1942 5470 liberari.-

283 5521 357 5566 esse
372 5505 538 5582 conjugia.
1140 5505 1178 5565 Et
1192 5503 1266 5579 ipsa
1282 5503 1368 5564 sicut
1381 5503 1430 5564 est
1443 5502 1550 5564 Mater
1565 5504 1804 5566 misericordiae
1817 5505 1941 5567 subve-

321 5604 367 5664 Et
381 5617 507 5665 nomen
528 5608 679 5680 Vtrplnir
692 5609 821 5668 niorto.
845 5607 953 5669 illaria
976 5609 1083 5670 imer-
1138 5600 1188 5662 nit
1208 5600 1303 5662 nobis
1323 5601 1359 5661 in
1379 5601 1469 5662 omni
1489 5602 1699 5664 necessitate.
1729 5603 1822 5664 Unde
1842 5604 1941 5666 Salo-

282 5701 432 5784 pretatur
457 5701 645 5767 illuminata
674 5703 726 5768 vel
755 5704 996 5780 illuminatrix,
1027 5706 1079 5770 vel
1136 5701 1628 5775 111011111111111118111111111111111
1646 5705 1739 5775 inopi
1754 5702 1788 5764 0!
1803 5705 1939 5778 1111111111
