4200 6394
319 224 359 286 59
783 209 961 274 HONORII
981 207 1028 270 111
1049 203 1198 268 OPERA.
1214 228 1252 248 ·-
1268 201 1501 266 SERMONES.
1932 205 1974 266 60
2081 207 2082 252 l

319 379 487 462 parturire
499 379 532 442 et
546 391 674 456 parere.
687 372 838 451 Concipit
848 383 989 448 namque
1006 366 1113 430 tidelis
1166 363 1280 426 radice
1294 365 1388 428 iesse
1402 361 1552 426 ascendit
1563 361 1598 424 in
1607 361 1711 426 altum
1726 363 1871 442 quidem,
1881 365 1971 442 quod

320 481 432 543 anima
448 477 614 540 Christum
630 471 811 552 perfidem,
828 468 1009 532 secundum
1027 465 1113 544 quod
1168 461 1347 540 assumpsit
1359 461 1539 539 primitiam
1551 462 1673 525 nostrae
1685 477 1817 532 massae,
1829 477 1869 524 eo
1881 461 1971 539 quod

319 579 391 656 ipse
406 577 508 637 dicit:
534 576 597 640 Qut
618 570 738 645 fecerit
762 567 972 630 6616616166
993 565 1114 626 Putris
1166 561 1338 636 ingressus
1356 561 1393 620 in
1414 560 1571 622 mundum
1594 561 1666 622 sine
1681 561 1824 632 macula,
1841 560 1874 621 et
1889 577 1971 637 pec-

318 679 399 746 met,
429 675 488 748 qut
513 675 550 732 16
571 672 666 732 coetis
685 668 748 735 est,
772 669 846 740 tpse
864 677 963 726 meus
987 663 1111 738 frater,
1168 658 1277 720 catum
1292 674 1358 720 non
1373 657 1462 730 tecit,
1479 673 1541 720 nec
1562 657 1717 719 inventus
1735 658 1830 719 dolus
1851 658 1888 718 in
1910 673 1971 720 ore

317 788 430 845 soror,
451 771 486 833 et
501 769 617 832 mater
630 767 683 830 est
697 763 804 844 (Matt.
831 759 1115 840 111,50).Partu-
1168 758 1251 833 ejus.
1280 755 1396 818 Turris
1423 753 1590 832 significat
1616 753 1848 827 humilitatem,
1880 755 1970 833 quod

318 871 363 934 rit
390 869 618 948 proximorum
639 861 912 940 compassionem,
933 857 1114 920 secundum
1169 852 1255 914 sicut
1268 853 1370 915 turris
1392 854 1500 930 surgit
1514 854 1547 915 61
1560 852 1711 916 elevatur
1729 853 1765 914 in
1788 854 1903 924 altum,
1920 853 1971 914 ita

319 967 406 1047 quod
428 967 476 1028 ait
499 964 698 1043 Apostolus:
728 962 810 1026 Quis
837 958 1050 1032 infirmetur,
1080 955 1115 1017 61
1167 950 1364 1012 humilitatis
1394 967 1525 1028 semper
1548 949 1715 1012 exaltatur
1739 949 1826 1027 apud
1850 953 1969 1012 Deum.

319 1081 382 1142 epo
396 1080 466 1128 666
479 1065 641 1137 16116666
653 1058 698 1139 (ll
709 1059 783 1119 Gor.
794 1071 832 1129 11,
847 1054 913 1134 29).
928 1051 1021 1115 Parit
1033 1067 1113 1114 vero
1167 1049 1253 1110 Nam
1268 1049 1354 1110 sicut
1366 1048 1490 1111 veritas
1504 1047 1583 1110 dicit
1598 1070 1605 1108 :
1623 1051 1740 1112 Omnis
1752 1051 1810 1122 qut
1823 1063 1861 1111 se
1876 1053 1974 1110 6661-

317 1179 377 1243 per
399 1163 519 1224 bonam
534 1159 770 1237 operationem.
787 1153 881 1216 Unde
902 1153 939 1213 in
957 1155 1113 1227 Evange-
1168 1146 1219 1206 tat
1232 1147 1481 1218 turndtcotter,
1502 1147 1536 1208 et
1555 1149 1615 1220 qui
1630 1161 1667 1208 se
1684 1146 1853 1220 66661161,
1871 1149 1972 1206 6661-

185 1297 189 1305 1
318 1262 384 1324 lio:
400 1259 580 1322 1116166661
600 1255 845 1318 zoroastre...
868 1249 976 1330 (Mett.
992 1267 1023 1321 v,
1048 1245 1113 1327 16.)
1168 1243 1299 1304 taeter
1323 1240 1417 1322 (Luc.
1439 1258 1535 1312 xv111,
1562 1243 1625 1324 14).
1655 1243 1756 1306 Juxta
1782 1242 1869 1320 quod
1895 1242 1970 1318 ipsa

284 1371 286 1376 ·
357 1358 533 1435 conceptio
552 1354 664 1417 autem
684 1353 721 1414 iit
733 1368 753 1412 a
764 1352 883 1413 timore
898 1348 1039 1420 Domini,
1056 1347 1113 1425 qui
1166 1339 1269 1416 Virgo
1287 1341 1428 1403 testatur
1447 1341 1634 1416 :Deposuit
1644 1339 1802 1416 potentes
1820 1343 1862 1401 cte
1876 1343 1969 1410 secte,

316 1456 367 1518 est
380 1453 581 1532 principium
595 1450 686 1522 honi,
704 1449 851 1526 etjanua
873 1444 1111 1507 conversionis.
1167 1438 1201 1499 et
1225 1439 1394 1500 6666116611
1422 1443 1577 1500 comites.
1606 1439 1652 1499 De
1681 1437 1749 1498 illis
1777 1436 1970 1514 potentibus

317 1550 410 1612 Sicut
424 1562 543 1610 novem
566 1544 735 1608 mensibus
750 1541 901 1621 portatur
914 1543 1011 1603 Jesus
1031 1555 1114 1601 con·
1167 1535 1313 1612 loquitur
1329 1536 1432 1597 Beata
1443 1537 1558 1611 Virgo,
1573 1535 1629 1614 qui
1644 1551 1710 1596 non
1724 1534 1970 1610 recognoscunt

317 1645 442 1723 ceptus,
477 1641 526 1703 sic
557 1640 679 1702 bonum
712 1637 917 1716 propositum
949 1650 1015 1697 non
1047 1634 1113 1696 cito
1166 1633 1306 1695 virtutes
1318 1650 1399 1712 quas
1410 1633 1604 1710 habentper
1613 1632 1759 1694 divinam
1772 1632 1966 1709 potentiam,

316 1741 443 1821 profert
466 1741 587 1818 justus,
619 1737 675 1800 sed
704 1736 811 1797 nutrit
843 1732 1056 1794 deliberando
1082 1732 1115 1794 et
1166 1731 1232 1793 nisi
1258 1729 1318 1808 pe‘r
1345 1747 1423 1792 suas
1450 1732 1603 1794 virtutes.
1633 1732 1680 1791 De
1712 1729 1785 1792 istis
1817 1729 1968 1807 loquitur

315 1839 559 1904 rationabiliter
590 1833 899 1912 circumspiciendo.
932 1830 1024 1903 Quod
1050 1829 1114 1890 eli·
1166 1829 1325 1892 Dominus
1346 1845 1406 1907 per
1425 1830 1605 1892 teremiam
1628 1849 1636 1889 ε
1658 1845 1677 1888 s
1701 1829 1776 1889 Non
1802 1827 1969 1903 gloriatur

317 1938 448 2016 qnando
474 1937 511 1998 iit
537 1949 597 2013 per
623 1949 750 1996 moram
773 1929 930 2007 temporis
952 1926 1111 1999 diuturni,
1166 1928 1339 2005 «sapiens
1361 1928 1397 1988 in
1421 1927 1585 2004 sapientia
1611 1942 1687 1999 sua,
1711 1941 1772 1987 nec
1805 1925 1901 1987 tortis
1929 1926 1967 1986 in

316 2035 496 2114 aliquando
519 2031 684 2094 momento
706 2029 811 2091 brevi.
833 2026 964 2088 Primus
989 2024 1113 2086 mensis
1166 2024 1398 2087 «fortitudine
1427 2041 1499 2098 sua,
1526 2040 1588 2086 nec
1613 2025 1730 2102 potens
1756 2023 1792 2084 in
1817 2021 1967 2100 potentia

318 2134 378 2206 est,
389 2131 546 2210 quidquid
563 2130 710 2191 ablatum
725 2128 776 2189 est
787 2125 914 2197 fraude,
924 2123 1111 2185 restituere.
1166 2139 1185 2184 s
1206 2138 1277 2196 sua,
1291 2139 1353 2184 nec
1371 2121 1463 2184 dives
1479 2121 1516 2185 in
1535 2121 1660 2185 divitiis
1679 2122 1760 2194 saie,
1777 2121 1835 2182 sed
1850 2121 1885 2181 in
1901 2120 1967 2181 hoc

316 2231 488 2293 Secundus
501 2226 750 2306 superaddendo
762 2223 958 2286 heneficere.
968 2221 1111 2292 Tertius,
1166 2237 1185 2281 s
1205 2220 1377 2298 glorietur,
1392 2221 1448 2298 qui
1460 2221 1624 2297 gloriatur
1638 2221 1724 2283 scire
1736 2222 1770 2283 et
1782 2234 1880 2281 nosse
1896 2234 1965 2292 me,

316 2329 529 2392 dilectionem
561 2327 668 2398 illius,
705 2339 802 2402 quem
835 2338 895 2384 sua
933 2319 1113 2382 auterendo
1166 2318 1293 2396 «quod
1317 2334 1378 2394 ego
1403 2335 1477 2380 sum
1500 2319 1660 2381 Dominus
1686 2315 1768 2397 (Jer.
1793 2332 1841 2390 rx,
1863 2313 1967 2394 23).»

316 2424 537 2503 exasperavit,
558 2421 728 2486 humiliter
746 2419 932 2498 acquirere.
957 2416 1111 2489 Quartus,
1167 2416 1250 2487 Quia
1270 2415 1355 2478 sicut
1374 2416 1454 2478 dicit
1471 2415 1668 2494 Apostolus:
1695 2418 1759 2482 oet
1778 2415 1964 2492 ptortoter,

317 2525 450 2587 domino
476 2527 571 2600 cujus
594 2521 652 2582 ille
677 2535 792 2582 servus
821 2517 882 2586 est,
907 2514 1111 2586 satisfacere,
1167 2517 1204 2575 16
1221 2516 1369 2575 Domino
1392 2515 1562 2591 glorietur
1581 2512 1611 2593 (l
1629 2515 1704 2574 Cor.
1728 2528 1750 2584 1,
1771 2510 1837 2591 31).
1862 2513 1966 2575 Beata
2081 2527 2082 2618 ἐ

317 2623 412 2694 idest,
426 2625 493 2684 Deo
509 2621 563 2683 cui
581 2607 744 2682 satisfacit
758 2613 889 2695 quando
904 2615 974 2675 suis
986 2612 1115 2674 debito-
1166 2612 1267 2687 Virgo
1291 2627 1358 2673 non
1385 2610 1591 2688 gloriabatur
1613 2612 1650 2672 in
1673 2611 1880 2687 virginitate,
1906 2609 1966 2672 sed

315 2723 409 2783 ribus
433 2720 578 2791 dimittit,
596 2719 682 2780 sicut
695 2718 728 2778 et
742 2716 892 2777 Christus
914 2712 1049 2774 dimittit
1069 2712 1111 2772 ei.
1166 2710 1202 2772 iu
1214 2710 1400 2772 humilitate
1417 2710 1531 2772 dicens
1547 2732 1553 2770 :
1569 2711 1656 2776 0616
1675 2710 1834 2784 respexit
1847 2711 1966 2771 1666·-

316 2819 401 2878 Ε666
424 2815 508 2876 illud
539 2813 758 2892 quadruplum
786 2809 931 2882 Zachaei,
956 2811 990 2871 et
1012 2809 1048 2868 in
1071 2807 1113 2868 iis
1166 2809 1299 2870 litatem
1331 2811 1462 2871 6661116
1490 2821 1575 2881 cuce,
1598 2821 1673 2870 ecee
1698 2809 1793 2868 ectm
1827 2809 1967 2868 661166

318 2910 462 2988 quatuor
480 2910 530 2971 est
543 2907 686 2986 justitia.
708 2909 746 2968 In
760 2906 878 2984 quarto
895 2919 1009 2966 mense
1032 2917 1115 2979 puer
1168 2907 1302 2969 beatam
1337 2921 1394 2969 me
1427 2907 1541 2969 616661
1574 2919 1694 2968 omnes
1724 2905 1969 2982 concretiones
2081 2941 2082 3000 ᾗ

317 3007 353 3068 in
378 3007 473 3069 utero
496 3006 614 3083 incipit
644 3005 768 3066 vivere.
806 3003 861 3064 Sic
893 3001 1047 3078 peccator
1077 2999 1114 3060 in
1169 3003 1262 3082 (Luc.
1279 3020 1302 3076 1,
1320 3002 1386 3083 48).

317 3104 504 3181 expletione
524 3102 664 3180 iustitiae
687 3102 801 3179 postea
822 3098 943 3163 transit
966 3097 1007 3158 ad
1029 3110 1113 3174 pru·
1207 3101 1315 3163 Etiam
1329 3101 1369 3163 de
1390 3100 1464 3164 istis
1483 3100 1671 3179 potentibus
1690 3099 1814 3177 legitur
1827 3100 1862 3160 in
1876 3101 1966 3162 libro
2081 3089 2082 3118 ³

317 3201 462 3264 dentiam
477 3199 691 3262 deliberando
710 3198 787 3275 quid
806 3195 916 3264 liceat,
935 3193 1013 3272 quid
1033 3209 1112 3265 non,
1167 3198 1614 3277 Repum‚0um100utusast
1637 3199 1796 3261 D0mi11us
1817 3197 1858 3257 ad
1880 3199 1970 3258 sau.
2081 3225 2082 3268 ÷

318 3299 396 3377 quid
425 3298 579 3376 expediat
606 3297 685 3375 quid
720 3311 807 3370 non;
842 3292 970 3356 scilicet
1003 3293 1114 3354 utrum
1167 3295 1969 3375 1666611666666661161166666611661-
2081 3303 2082 3376 g

316 3392 997 3466 116661166661116161666666,61166166
1019 3405 1115 3451 suum
1168 3395 1255 3456 «lis
1275 3394 1360 3466 tuis,
1389 3395 1488 3472 caput
1508 3395 1541 3456 16
1565 3393 1722 3456 constitui
1749 3393 1783 3454 in
1802 3393 1968 3455 Tribubus

316 3495 462 3572 explere.
482 3494 546 3556 Sed
558 3491 692 3569 expedit
703 3489 856 3552 omnibus
867 3488 1113 3556 abrenuntiare,
1168 3509 1187 3553 s
1208 3493 1324 3554 Israel.
1348 3507 1367 3552 >›
1388 3493 1459 3554 Hoc
1473 3493 1524 3554 est
1538 3492 1650 3554 dicere
1664 3513 1672 3552 ε
1687 3491 1825 3564 Quando
1839 3492 1875 3554 tu
1889 3506 1967 3552 eras

318 3593 351 3654 et
382 3592 433 3654 est
461 3591 595 3669 quintus
630 3588 755 3651 mensis
790 3587 902 3650 omnia
937 3585 1113 3648 dimittere.
1168 3606 1291 3668 parvus
1302 3590 1390 3668 apud
1406 3591 1449 3662 te,
1466 3590 1552 3652 idest
1571 3589 1707 3650 humilis
1722 3590 1755 3653 et
1771 3590 1967 3651 mansuetus
2081 3627 2082 3654 ;

318 3691 454 3762 Sextus,
483 3688 593 3750 utrum
623 3688 714 3748 solus
739 3702 782 3748 an
808 3701 884 3747 cum
909 3684 987 3746 aliis
1011 3683 1113 3755 vivat,
1168 3691 1225 3750 tua
1251 3688 1482 3760 aestimatione,
1505 3689 1585 3750 tunc
1606 3703 1682 3750 eras
1710 3701 1851 3764 magnus
1877 3686 1966 3763 apud

317 3787 512 3849 deliberare.
540 3785 603 3847 Sed
627 3785 735 3846 Maria
756 3785 816 3846 suh
837 3782 961 3860 Josepu
973 3782 1112 3860 peperit,
1169 3801 1237 3861 me3
1252 3785 1350 3848 modo
1362 3785 1474 3848 autem
1494 3785 1581 3863 quod
1600 3799 1740 3861 magnus
1756 3801 1792 3846 es
1803 3786 1840 3846 in
1859 3783 1966 3846 oculis

316 3884 364 3946 ita
388 3883 448 3944 sub
476 3883 634 3960 magistro
661 3895 735 3944 esse
761 3881 903 3958 expedit,
928 3880 1006 3942 licet
1029 3879 1115 3957 quod
1168 3883 1235 3946 tuis
1259 3885 1317 3946 tua
1343 3884 1573 3956 estimatione,
1596 3883 1769 3960 despectus
1790 3898 1826 3944 es
1852 3897 1966 3944 coram

317 3982 424 4044 solum
443 3997 518 4043 esse
541 3997 607 4042 non
629 3980 772 4057 expedit,
798 3978 883 4055 quod
910 3993 961 4039 vae
986 3977 1059 4050 soli,
1085 3977 1116 4037 si
1168 3997 1231 4043 me.
1247 3981 1341 4044 Unde
1354 3981 1497 4058 legimus
1518 3981 1554 4043 in
1566 3981 1712 4042 canticis
1727 3980 1964 4043 canticorum:

317 4079 475 4142 ceciderit
489 4093 555 4140 non
570 4077 670 4140 habet
688 4075 925 4138 sublevantem.
950 4076 1115 4152 Septimus
1167 4082 1212 4140 16
1232 4079 1350 4141 tectulo
1371 4093 1447 4141 meo
1471 4081 1616 4153 66666161
1634 4093 1702 4153 per
1723 4081 1840 4141 666166
1863 4093 1967 4154 prtem

318 4179 430 4240 utrum
451 4177 633 4239 canonicus
657 4175 711 4237 rel
732 4173 914 4236 monachus
936 4172 1009 4246 liat,
1034 4188 1117 4233 exa·
1168 4175 1278 4252 6111611
1290 4179 1410 4237 anima
1422 4190 1502 4237 mea
1517 4173 1624 4252 (Cant.
1644 4191 1668 4249 1,
1684 4174 1730 4255 3).
1746 4176 1901 4239 Lectulus
1917 4177 1968 4237 si-

316 4277 456 4339 minare.
500 4277 646 4338 Octavus
680 4274 789 4334 locum
823 4271 958 4348 eligere.
1000 4271 1115 4332 Nonus
1169 4273 1306 4349 gnificat
1323 4272 1536 4335 corhominis
1552 4274 1655 4350 quieti
1671 4275 1703 4337 et
1718 4273 1865 4352 pacifici;
1878 4273 1966 4352 quod

317 4373 499 4434 claustrum
524 4373 666 4444 intrare,
693 4370 780 4449 quod
802 4372 882 4431 tunc
918 4367 1116 4446 peritiore
1169 4371 1255 4433 sicut
1277 4386 1398 4448 corpus
1425 4371 1622 4448 quiescitis
1645 4372 1778 4445 lectulo,
1805 4373 1851 4434 ita
1877 4374 1966 4433 Deus

318 4469 521 4546 propositum
537 4469 688 4530 sanctum
703 4468 821 4545 aperit.
836 4465 900 4528 Sed
915 4465 1023 4527 adhuc
1038 4481 1117 4543 par·
1170 4469 1311 4548 quiescit
1330 4469 1367 4530 in
1390 4469 1488 4531 corde
1504 4469 1623 4530 humili
1638 4472 1778 4547 pacitlco
1792 4472 1825 4533 et
1839 4469 1963 4548 quiete,

317 4566 415 4627 sulus
434 4567 467 4627 et
488 4566 581 4628 tener
598 4566 648 4626 est
661 4567 769 4636 Jesus,
787 4564 873 4625 idest
886 4563 1003 4635 bonus,
1019 4565 1052 4625 61
1064 4578 1117 4625 ra·
1169 4567 1256 4628 sicut
1268 4567 1318 4629 est
1338 4566 1421 4627 illud
1436 4568 1533 4629 lsaiae
1548 4571 1683 4643 :Super
1697 4583 1798 4643 quem
1809 4571 1967 4642 requies-

317 4663 453 4724 tionalis
477 4663 666 4739 conceptus.
693 4661 809 4723 Adhuc
830 4661 971 4724 initialis
1002 4663 1053 4724 est
1084 4661 1117 4723 et
1169 4666 1215 4726 ott
1236 4664 1391 4739 Spiritus
1406 4679 1515 4737 61666,
1541 4669 1611 4728 rtet
1625 4680 1732 4740 seper
1754 4669 1918 4728 66611166
1931 4665 1966 4728 61

320 4759 483 4833 novellus,
499 4776 561 4821 nec
582 4760 689 4837 potest
703 4758 907 4833 circumcidi,
922 4775 963 4820 ne
976 4758 1117 4820 laedatur
1169 4763 1322 4838 quietum
1337 4762 1371 4824 et
1386 4763 1594 4825 trementem
1613 4767 1718 4825 veroa
1732 4779 1810 4826 tneo
1830 4762 1893 4843 (Is.
1915 4779 1963 4834 xr,

317 4859 555 4920 salmoriatur.
1168 4857 1218 4939 2).
1258 4861 1380 4922 Noctes
1416 4859 1607 4936 significant
1639 4862 1837 4938 temporalia
1865 4861 1965 4940 hujus

364 4961 445 5019 Haec
469 4957 581 5018 autem
604 4955 716 5031 virga,
743 4953 878 5028 iratres,
905 4956 984 5017 tunc
1010 4971 1053 5016 ex
1081 4971 1116 5016 se
1170 4957 1294 5030 mundi,
1310 4973 1383 5035 quae
1400 4958 1720 5033 sempe-volvuntur
1734 4961 1767 5019 et
1781 4959 1963 5032 mutantur,

318 5057 435 5118 tlorem
476 5053 651 5132 produxit,
693 5053 824 5130 quando
863 5053 968 5116 Beata
1009 5053 1116 5114 Maria
1170 5056 1256 5118 sicut
1266 5055 1347 5116 dicit
1363 5053 1541 5116 Salomon:
1561 5058 1635 5116 Victi
1651 5060 1745 5117 6666
1754 5058 1877 5118 666616
1888 5072 1968 5131 quae

319 5156 425 5217 fllium
461 5169 558 5214 suum
597 5151 852 5228 primogenitum
891 5152 1006 5227 genuit
1045 5151 1117 5213 sine
1169 5154 1755 5229 [1661661666616666666666
1773 5155 1913 5216 vanitas
1932 5155 1966 5216 61

318 5252 467 5314 libidinis
495 5249 678 5327 voluptate,
712 5249 784 5310 sine
812 5249 922 5310 carnis
950 5249 1116 5310 commix-
1170 5251 1311 5326 afflictio
1325 5252 1483 5326 spiritus,
1503 5253 1538 5313 61
1557 5254 1628 5312 6161
1650 5255 1734 5315 sitit
1756 5266 1967 5327 permisere

319 5351 421 5420 tione,
450 5349 522 5410 sine
547 5349 662 5426 partus
691 5346 805 5408 dolore
838 5363 912 5407 cum
947 5346 1117 5410 munditiae
1170 5351 1430 5422 retrolapsos
1451 5363 1541 5410 6666
1558 5351 1715 5412 poscitur
1733 5351 1767 5412 et
1787 5351 1968 5413 61166666-

321 5447 475 5524 puritate,
499 5463 574 5507 cum
601 5444 752 5523 corporis
791 5445 991 5520 integritate,
1024 5447 1117 5508 salvo
1171 5447 1302 5509 61166...
1318 5443 1482 5525 (Eccli.11‚
1500 5445 1564 5528 11).

321 5543 430 5620 sigillo
445 5543 620 5620 virginalis
641 5543 787 5621 pudoris.
810 5542 870 5604 llic
892 5558 971 5619 ergo
993 5543 1054 5606 llos
1077 5545 1118 5609 de
1209 5544 1314 5607 llllin
1329 5544 1450 5606 lectulo
1471 5560 1530 5623 per
1548 5547 1662 5608 noctes
1676 5547 1829 5623 quaerunt
1848 5545 1966 5608 Domi-
