4162 6424
117 259 189 319 obt
755 255 982 322 EPISTOLAE..
1007 257 1084 322 LIB.
1109 261 1149 322 ΙΙ.

123 419 253 495 praeter
267 415 600 480 communedebitum
614 417 794 494 pastoralis
813 417 925 492 cilicii,
982 435 1058 482 nem
1084 433 1265 497 congruam
1290 417 1523 498 impendendo,
1548 435 1608 484 ros
1632 423 1777 487 extunc

121 531 197 593 quo
224 527 339 578 curam
363 517 396 577 et
417 514 674 578 sollicitudinem
698 531 817 592 gerere
835 517 929 593 cogi·
981 517 1302 580 aumamonasterio
1310 520 1517 580 removentes
1528 517 1654 589 eodem,
1666 519 1776 597 ipsum

125 627 207 672 mur
213 611 386 673 viduarum
393 610 570 688 specialem
576 611 719 688 gratiam
726 611 924 685 exhibendo,
981 615 1016 676 in
1029 615 1183 678 arctioris
1197 613 1369 692 religionis
1382 615 1620 678 monasterium
1631 615 1688 677 ubi
1699 618 1777 694 agat

126 723 306 786 personam
320 709 412 770 tuam
427 723 502 770 cum
517 707 670 771 omnibus
687 707 783 772 bonis
802 725 876 788 qua
891 710 926 771 ln
980 711 1016 774 in
1047 711 1270 774 amaritudine
1284 711 1389 774 animi
1409 711 1638 789 poenitentiam
1660 715 1774 776 renu-

125 804 384 882 praesentiarum
396 804 642 867 rationabiliter
653 805 815 883 possides,
823 806 881 869 aut
891 807 926 868 in
980 807 1107 870 dentes.
1124 807 1263 883 Quodsi
1286 824 1352 872 non
1368 824 1493 883 omnes,
1519 809 1595 883 eto,
1614 809 1680 872 duo
1693 825 1775 874 ves·

126 902 927 982 daturumjustismodispraestanteilominopote·
979 907 1077 980 num,
1093 906 1282 970 atcbatum
1293 906 1450 970 Laterani
1464 906 1581 986 guamo
1595 907 1671 970 idus
1683 908 1776 986 apri·

123 999 176 1059 ris
187 999 339 1076 adipisci,
357 998 516 1062 subbeati
526 998 616 1061 Petri
626 1000 780 1063 etnostra
795 1001 927 1078 protec-
979 1001 1121 1066 lisanno
1135 1004 1292 1068 secundo.

123 1097 219 1158 tione
232 1096 443 1174 suscipimus,
457 1097 490 1160 et
502 1099 677 1175 presentis
692 1098 805 1174 scripti
817 1100 926 1175 patro-
1044 1083 1047 1090 ’

124 1191 218 1254 cinlo
233 1193 485 1266 communimus,
498 1194 695 1256 auctoritate
710 1195 923 1272 praesentium
1307 1145 1443 1234 CXCII

125 1287 311 1352 districtius
331 1287 530 1363 inhibentes,
547 1291 678 1369 nequis
699 1291 734 1353 in
749 1293 783 1353 te
797 1293 855 1353 aut
866 1307 925 1354 oa·
1017 1281 1071 1340 Ad
1083 1281 1340 1356 Bereapartam
1359 1282 1532 1354 amdam
1545 1283 1735 1358 Alldlmm

125 1386 249 1462 pellam
264 1388 355 1449 tuam
371 1387 445 1448 sine
453 1388 608 1452 mandato
619 1388 714 1451 Sedis
726 1388 922 1467 Apostolicae
1290 1379 1461 1453 rapinam.

12 1527 13 1530 ,
126 1484 266 1560 speciali
286 1484 651 1558 excommunicationis,
676 1485 735 1548 aut
755 1485 922 1548 interdicti
1257 1488 1293 1547 ld
1310 1487 1391 1563 april.
1413 1487 1493 1548 illd·
1578 1464 1584 1474 ’

126 1582 310 1643 sententias
337 1582 549 1659 promulgare
573 1583 762 1660 praesumat,
779 1599 873 1661 quas,
894 1583 922 1644 si
1006 1593 1127 1660 saepest,
1139 1592 1186 1645 lib.
1198 1591 1232 1655 ll,
1244 1594 1318 1660 apin.
1330 1593 1401 1646 loos.
1414 1595 1471 1645 tiss.
1484 1594 1594 1660 neporus
1604 1595 1639 1646 du
1650 1593 1744 1662 rnen]

124 1693 223 1740 secus
251 1678 438 1756 contigerit,
469 1681 686 1758 promulgari,
711 1680 922 1743 decernimus
976 1693 1092 1752 Nullam
1106 1692 1233 1751 declarat
1252 1691 1579 1751 excommunicationem
1600 1693 1687 1751 latam
1702 1708 1771 1752 con·

124 1792 193 1836 non
215 1776 342 1838 tenere.
371 1777 463 1838 Nulli
487 1792 567 1855 ergo
590 1779 725 1840 omnino
749 1778 922 1841 bominum
1012 1787 1054 1840 tra
1071 1781 1175 1840 laicum
1194 1797 1210 1840 a
1222 1781 1635 1856 personaeccleeiastlcajuxte
1649 1795 1771 1840 consue·

121 1874 248 1935 nostras
262 1874 478 1950 protectionis
507 1876 542 1936 et
563 1874 784 1950 diffinitionis,
801 1877 877 1952 etc3
893 1876 922 1938 si
1013 1871 1140 1930 tudinem
1155 1871 1185 1928 m
1197 1871 1319 1929 ecelesia
1334 1870 1546 1930 &nomenensi
1560 1870 1718 1946 vigentem.

120 1971 200 2046 (luis
228 1973 352 2044 autem,
382 1973 443 2034 010·
481 1973 600 2034 Datum
625 1974 782 2036 Laterani
806 1974 922 2050 (illim
1016 1987 1196 2060 Honorius,
1213 1987 1289 2060 etc,
1305 1983 1511 2048 charissima
1526 1987 1561 2047 in
1576 1985 1707 2048 Christo
1725 1984 1770 2046 n-

119 2066 199 2128 idus
224 2067 587 2145 alliillsssl³⁰11fifl<³t¹lus
611 2069 717 2132 ¹1⁰⁸ffl
745 2084 834 2132 anno
867 2085 923 2131 ⁸0·
976 2081 1031 2144 llas
1043 2083 1432 2163 berengariaequondam
1447 2083 1574 2161 ragina
1588 2082 1770 2160 Anglorum

120 2165 244 2226 cundo.
976 2179 1110 2254 illustri,
1125 2183 1188 2244 eto.
1580 2245 1583 2250 Δ

467 2289 582 2380 CXCI
678 2353 681 2358 ,
1017 2279 1239 2356 expertetur
1249 2275 1770 2357 ltritpropositumcoramnobis,

120 2423 922 2596 *sagggggggggggfgeggpggg
976 2371 1772 2545 ll?amabartintinnalia

553 2623 557 2634 .
976 2565 1017 2628 de
1050 2566 1290 2628 consuetudine
1326 2565 1587 2628 Cenomanensis
1619 2564 1770 2628 ecolesiae

164 2617 199 2678 et
212 2619 257 2678 ad
270 2618 552 2680 mmmmm
564 2619 856 2694 Amoavemem‘
976 2663 1138 2736 asserant,
1160 2661 1245 2742 quod
1270 2662 1299 2724 si
1316 2673 1459 2739 persona
1472 2661 1701 2725 ecclesiastica
1719 2679 1772 2725 su·

409 2747 444 2806 ¹⁰
461 2747 542 2820 aliss-
558 2745 637 2806 ¹²¹⁸·
976 2776 1037 2837 per
1059 2773 1265 2839 quacumque
1281 2771 1319 2822 re
1338 2758 1461 2821 laicum
1476 2773 1673 2838 quemquam
1689 2775 1772 2821 con-

148 2853 267 2918 [aegest.
278 2851 364 2910 nuli,
378 2852 452 2917 epist.
467 2853 536 2904 ¹⁰⁰⁶·
550 2855 609 2906 ¹¹⁸⁸·
629 2855 740 2920 sapone
751 2854 786 2905 ⁶¹¹¹
803 2855 896 2922 rhein]
976 2858 1099 2930 veniat,
1116 2858 1148 2919 et
1170 2871 1206 2919 se
1223 2856 1398 2934 spoliatam
1417 2857 1476 2918 illa
1499 2856 1673 2934 proponat,
1695 2857 1773 2919 ante

119 2949 240 3010 Mandat
254 2956 285 3008 ut
312 2957 422 3026 cogant
451 2949 486 3008 ed
510 2950 742 3010 emendationem
767 2951 920 3026 quemdam
976 2955 1045 3017 litis
1058 2954 1256 3031 ingressum,
1273 2954 1346 3028 sine
1365 2953 1554 3031 cognitione
1569 2953 1693 3032 aliqua,
1710 2952 1771 3015 ds-

158 3038 347 3108 monachnm,
366 3040 412 3098 val
425 3039 454 3096 in
469 3040 599 3098 arctioris
611 3040 761 3115 religionis
773 3049 919 3100 monasta-
974 3051 1030 3115 bet
1054 3051 1203 3124 restitui,
1230 3051 1265 3114 et
1289 3051 1341 3113 rei
1368 3049 1524 3126 litigiosas
1558 3051 1770 3128 possessimm

158 3128 231 3185 ‘¹⁰¹⁰
243 3127 322 3186 mum
335 3126 497 3187 ⁶⁰ffud⁸¹¹¹r
974 3149 1132 3227 gaudere,
1155 3148 1356 3226 allegatione
1377 3147 1490 3226 aliqua
1510 3145 1590 3210 laici
1614 3163 1681 3210 non
1694 3147 1772 3228 obs-

162 3245 342 3318 Honorius,
357 3244 435 3318 etc,
455 3244 586 3308 dilectis
607 3245 724 3309 liliis...
745 3246 786 3310 da
808 3249 921 3310 Orato-
975 3248 1077 3316 tante,
1090 3262 1130 3309 ac
1147 3262 1235 3327 saepe
1246 3245 1428 3323 contingat,
1436 3245 1524 3323 quod
1533 3261 1608 3307 cum
1616 3247 1653 3307 tu
1663 3245 1768 3308 uteris

117 3342 173 3404 rio
189 3341 223 3405 et
235 3341 276 3406 da
290 3341 509 3404 Bellabranca
519 3341 693 3404 abbatibus
707 3343 918 3421 andegaven.
971 3347 1048 3423 jnre
1058 3343 1259 3422 tuo,aliquid
1270 3343 1374 3419 capis,
1385 3341 1439 3405 rel
1449 3341 1577 3403 detines
1592 3357 1693 3420 super
1705 3359 1771 3421 quo

117 3442 154 3502 et
168 3441 392 3502 cenomanen.
409 3438 519 3511 dioec,
543 3439 576 3502 et
591 3439 828 3502 archidiacono
846 3443 920 3504 An·
975 3440 1035 3505 tibi
1050 3441 1184 3502 morant
1206 3439 1272 3516 ipsi
1289 3439 1344 3501 vel
1369 3439 1481 3515 aliqua
1496 3453 1638 3515 persona
1659 3438 1770 3501 eccle-

120 3537 285 3613 deganan.
976 3537 1112 3600 siastica
1126 3537 1354 3617 quaestionem,
1375 3535 1488 3607 iidem,
1504 3534 1557 3596 rel
1572 3549 1687 3597 eorum
1699 3535 1768 3597 ali-

163 3634 231 3695 Sua
257 3629 354 3696 nobis
373 3631 564 3709 Burgalien.
586 3631 689 3694 abbas
706 3631 918 3711 andegaven.
975 3635 1044 3714 qui,
1062 3635 1129 3696 nisi
1148 3634 1246 3713 Juxta
1270 3631 1391 3696 dictam
1410 3630 1684 3696 consuetudinem
1706 3633 1771 3695 ad·

119 3729 277 3792 dioecesis
297 3729 525 3792 insinuatione
543 3729 753 3804 monstrarit,
769 3731 856 3808 quod
880 3735 918 3794 G.
975 3732 1125 3795 versario
1144 3731 1255 3810 petitae
1270 3730 1320 3792 rei
1342 3729 1588 3807 possessionem
1607 3729 1769 3806 assignes,

118 3827 317 3890 monasterii
328 3827 381 3887 sui
390 3826 642 3904 monachusper
654 3827 922 3906 vitatumitudi-
974 3831 1054 3894 licet
1074 3827 1289 3907 conquerenti
1316 3827 1349 3890 te
1377 3825 1512 3900 oderas,
1538 3825 1595 3887 ubi
1616 3825 1771 3888 debueris

122 3922 258 3998 nem,et
269 3923 490 3986 inhonestatis
500 3923 640 3986 abusum
654 3923 738 3986 adeo
752 3923 859 3988 lactus
870 3928 922 3991 est
974 3927 1199 3990 exhibiturum
1222 3925 1364 4004 justitiae
1390 3923 1676 4001 complementum,
1704 3923 1770 3988 tuis

119 4020 384 4097 contemptibilis
397 4021 431 4083 at
444 4019 589 4094 infamis,
599 4021 684 4100 quod
695 4036 755 4099 per
766 4036 843 4084 eum
853 4038 919 4086 non
974 4025 1159 4088 rationibus
1174 4039 1242 4086 non
1252 4022 1418 4095 admissis,
1432 4021 1469 4083 in
1481 4020 1524 4093 te,
1536 4020 1589 4084 vel
1604 4020 1768 4094 homines,

120 4117 231 4180 solum
237 4116 809 4195 Burgalienmonasteriumvermn
819 4121 918 4183 etiam
974 4124 1025 4185 vel
1040 4123 1165 4186 terram
1179 4123 1271 4183 tuam
1284 4117 1649 4188 excommunicationis,
1663 4118 1697 4179 et
1713 4119 1770 4179 in-

118 4217 210 4279 lotus
236 4213 318 4277 ordo
337 4215 569 4289 contemnitur,
593 4216 627 4278 st
649 4215 749 4279 etiam
776 4217 922 4280 insama·
973 4217 1104 4282 terdicti
1119 4217 1302 4280 sententias
1323 4215 1534 4293 promulgare
1552 4217 1768 4292 praesumunt.

119 4317 193 4389 tur;
215 4312 272 4390 qui
287 4312 463 4390 multiplici
475 4313 819 4377 excommunicatione
833 4315 920 4392 liga·
974 4319 1054 4378 dum
1068 4317 1173 4394 igitur
1190 4313 1382 4394 hujusmodi
1400 4309 1605 4374 consuetudo
1624 4309 1691 4372 dici
1710 4311 1770 4373 de·

117 4413 186 4484 tus,
205 4410 583 4474 excommunicationem
602 4413 674 4488 jam
689 4410 759 4474 iere
777 4427 838 4490 per
850 4415 919 4475 tres
973 4414 1050 4477 beat
1063 4412 1174 4492 potius
1197 4411 1401 4488 corruptela,
1423 4423 1463 4470 eo
1487 4407 1573 4486 quod
1594 4407 1771 4471 manifeste

119 4507 641 4572 annossustinuitcontnmaciter
650 4509 866 4572 contemnens
875 4509 918 4571 ad
972 4511 1165 4587 obviatjuri
1187 4509 1322 4588 scripto,
1345 4510 1379 4571 et
1399 4507 1528 4569 nonsit
1550 4505 1689 4569 malitiis
1704 4507 1769 4567 ho·

119 4605 365 4684 correptionem
378 4605 505 4668 inflecti
516 4606 552 4668 et
568 4605 682 4668 subire
702 4606 831 4670 ordinis
845 4606 917 4669 dis·
973 4605 1421 4684 minumindulgendum,eed
1432 4603 1763 4682 potiusobriandum,

120 4703 296 4782 ciplinam;
322 4702 426 4765 libros
452 4719 583 4783 quoque
600 4702 707 4782 ipsius
723 4703 918 4770 monasterii
973 4706 1140 4770 devotioni
1149 4706 1216 4768 tuae
1227 4704 1424 4767 auctoritate
1436 4703 1650 4780 praesentium
1662 4701 1772 4762 indul·

118 4799 272 4865 vendidit
295 4805 419 4878 prater
451 4802 504 4862 sui
535 4801 673 4880 capituli
700 4803 916 4876 voluntatem,
972 4821 1100 4884 gamus,
1115 4805 1151 4866 ut
1163 4803 1191 4864 si
1201 4806 1235 4864 te
1245 4802 1279 4864 in
1289 4802 1342 4862 his
1352 4800 1568 4879 praesenseris
1577 4797 1769 4876 aggravari,

120 4900 206 4961 alias
242 4897 351 4975 ipsum
387 4899 626 4962 monasterium
651 4899 782 4963 damnis
811 4901 919 4979 pluri·
973 4902 1076 4965 libere
1089 4899 1150 4964 tihi
1163 4900 1265 4962 liceat
1280 4899 1396 4960 Sedem
1411 4895 1634 4974 apostolicam
1649 4895 1769 4972 appal-

119 4997 183 5060 mis
197 4995 424 5072 aggravando.
447 4996 528 5057 Cum
546 4996 650 5072 igitur
666 4997 739 5060 hato
763 4998 919 5060 nolumus
972 5001 1061 5074 lare;
1078 4997 1165 5076 quod
1187 4995 1217 5057 si
1233 4997 1407 5075 quisquam
1420 4995 1494 5071 post
1507 4992 1765 5070 appellationem

121 5094 182 5156 sub
196 5092 628 5163 dissimudationstransire
637 5094 830 5158 discretioni
840 5111 919 5160 ves·
972 5093 1162 5176 hujusmodi
1176 5094 1218 5157 ad
1234 5093 1352 5155 sedem
1376 5090 1600 5169 Apostolieam
1622 5089 1772 5166 interpo-

122 5195 180 5254 trae
195 5204 258 5270 per
270 5189 460 5268 apostolica
480 5191 604 5269 scripta
619 5192 920 5271 mandemusque·
973 5197 1070 5276 sitam
1086 5193 1121 5255 in
1132 5191 1229 5255 tarel
1243 5193 1368 5254 terram
1385 5204 1446 5250 seu
1456 5187 1610 5249 homines
1623 5184 1700 5249 tuos
1715 5200 1770 5248 ex·

120 5291 230 5362 tenus,
243 5287 272 5350 si
287 5288 338 5351 est
349 5286 408 5357 ita,
422 5285 489 5350 nisi
504 5288 611 5352 dictus
628 5289 810 5352 monachus
829 5290 918 5353 inira
973 5284 1293 5357 communicationis,
1315 5283 1370 5346 vel
1390 5279 1558 5344 interdicti
1583 5279 1767 5342 sententias

122 5391 251 5465 tempus
265 5384 504 5448 moderandum
529 5401 549 5448 a
572 5387 676 5462 robis,
692 5387 919 5451 emendaverit
973 5383 1222 5464 praesumpserit
1229 5381 1451 5461 promulgare,
1462 5379 1552 5456 ipsas
1561 5377 1770 5472 decernimus

123 5487 224 5548 sitam
237 5497 341 5557 suam,
363 5483 471 5548 eidem
485 5485 688 5548 monastario
702 5485 805 5548 libros
816 5487 917 5549 resti·
973 5500 1039 5546 non
1054 5485 1178 5555 tenere,
1192 5481 1239 5544 ita
1254 5479 1339 5559 quod
1354 5477 1469 5542 clerici
1478 5478 1578 5539 terrae
1587 5475 1654 5538 tna
1668 5489 1769 5553 prop-

125 5581 244 5645 tuendo
259 5581 448 5659 praedictos,
462 5583 495 5646 et
515 5582 697 5645 dedamnis
712 5581 918 5647 satisfactio·
971 5585 1024 5644 ter
1043 5581 1107 5642 boc
1128 5578 1345 5641 nibilominus
1371 5575 1486 5638 divina
1514 5572 1685 5638 celebrare
1707 5589 1769 5634 ra-
