4200 6404
318 179 378 254 251
803 165 992 240 ΗΟΝΟΒΙῙΥ
1002 165 1047 226 111
1069 159 1265 244 oram·
1276 156 1511 220 SERMONES.
1914 153 1987 216 252

321 339 409 403 tolus
423 359 431 402 r
444 331 784 410 Hoicnmaprotlom
793 340 977 402 pergamen
990 325 1121 388 serato
1176 318 1323 382 manicat
1348 317 1508 388 Ecclesia,
1535 315 1570 376 ut
1590 314 1689 376 homo
1713 313 1915 389 corrigatur,
1950 317 1990 376 et

321 453 401 501 mus
415 435 588 512 placentes
602 436 673 493 Deo
692 443 771 491 curn
791 426 886 490 metra
905 423 939 486 ct
958 435 1121 486 reveren·
1142 427 1144 496 ξ
1176 400 1313 496 spiritus
1328 416 1440 478 saluus
1451 415 1495 477 sit
1506 414 1542 477 in
1558 411 1613 474 die
1625 411 1758 476 Domini
1773 411 1880 478 nostri
1894 414 1989 475 Jesu

325 537 375 598 tio
396 532 510 613 (Hehr.
531 546 591 596 ΧΗ.
611 526 678 606 28).
700 525 740 588 Et
755 524 872 586 heatus
890 519 1118 596 Augustinus:
1175 517 1310 580 Christi.
1336 515 1428 586 Quod
1452 512 1483 574 si
1505 527 1564 588 pro
1591 510 1724 573 mortali
1743 510 1880 586 peceato
1901 511 1989 587 quis

324 633 462 697 Proesto
480 625 681 703 compareat
696 616 1121 701 pretioquoeoonreccdit
1176 612 1493 682 excommunicatur,
1524 609 1558 670 et
1581 607 1876 678 conscendatur,
1903 621 1991 668 eer-

324 725 683 805 scientiaomnium
693 719 886 783 revertitur
895 719 964 780 nist
974 729 1040 790 per
1048 729 1123 788 poe-
1175 711 1245 774 tum
1259 711 1311 771 est
1324 709 1412 787 quod
1425 723 1493 768 non
1507 705 1572 768 erit
1587 705 1711 766 saluus.

326 828 522 891 attentiora.
1215 808 1334 870 Massia
1349 806 1511 884 purgatur
1523 819 1582 882 per
1597 803 1771 866 ueritatem
1790 802 1990 864 denuncia-

367 924 524 1002 Sequitur
538 921 578 982 de
602 917 698 980 iaicis
715 913 872 976 sectione.
892 899 1002 974 Falcis
1018 908 1121 980 sectio
1176 906 1287 978 tionis,
1320 903 1398 982 quia
1430 902 1509 964 boni
1541 901 1743 964 mundantur
1768 916 1788 964 a
1817 901 1987 977 peccatis

326 1026 378 1087 est
393 1018 585 1101 praedicatio
600 1029 772 1096 pinnarum
789 1009 923 1082 interni,
944 1010 977 1070 et
995 1007 1121 1085 praedi·
1176 1003 1307 1080 quando
1327 1001 1546 1064 annuntiatur
1561 999 1610 1060 eis
1632 998 1710 1076 quid
1730 999 1774 1062 sit
1792 999 1987 1075 peccatum.

327 1122 414 1184 catio
439 1117 583 1181 coelestis
609 1109 849 1192 promissionis,
875 1107 971 1178 idest,
994 1104 1120 1182 gloriae.
1177 1103 1262 1164 Nam
1272 1102 1443 1179 peccatum
1457 1113 1658 1174 cognoscere
1671 1096 1761 1162 salus
1781 1096 1832 1158 est
1843 1096 1989 1158 animae.

327 1219 413 1282 Nam
430 1216 517 1279 sicut
530 1212 614 1274 laice
629 1209 747 1272 messis
762 1205 970 1284 separatura
988 1202 1121 1280 stipula,
1179 1199 1272 1262 Unde
1287 1199 1421 1276 quidam
1435 1197 1568 1274 sapiens
1583 1213 1616 1256 :a
1631 1195 1757 1258 Notitia
1769 1195 1900 1272 peccati
1913 1194 1992 1255 ini-

326 1315 374 1379 ita
388 1315 506 1376 timore
519 1325 703 1389 poenarum,
720 1306 753 1367 et
765 1303 984 1382 promissione
1005 1300 1125 1363 creles·
1177 1297 1260 1359 tium
1279 1296 1397 1364 salutis
1412 1296 1473 1358 est.
1491 1311 1511 1356 a
1527 1293 1567 1358 Et
1586 1293 1745 1359 Dominus
1760 1292 1801 1354 ad
1816 1291 1990 1354 Ezechie-

328 1415 371 1476 tis
386 1411 502 1489 glorias
524 1419 752 1486 separamura
776 1401 956 1479 cupiditate
976 1401 1121 1475 terrena,
1179 1395 1261 1456 lem:
1276 1396 1508 1465 Fitiliomiais,
1521 1392 1622 1454 notos
1631 1393 1893 1464 [eademeadem
1903 1392 1991 1450 otas

329 1511 407 1590 quia
422 1507 500 1570 inde
519 1505 672 1568 oriuntur
689 1499 801 1564 omnia
820 1499 920 1570 mala,
940 1497 1026 1558 sicut
1045 1495 1125 1556 dicit
1177 1506 1260 1554 snos
1274 1489 1404 1570 (Ezech.
1419 1506 1487 1562 xvi,
1501 1488 1549 1568 2).
1566 1490 1592 1550 Ο
1607 1487 1655 1550 tili
1671 1487 1828 1559 hominis,
1845 1487 1949 1558 idest,
1968 1501 1990 1546 o

329 1603 505 1682 Apostolus
531 1622 539 1660 :
567 1596 743 1674 Cupiditas
764 1594 817 1658 est
840 1595 946 1654 raom
969 1592 1124 1652 martiano
1180 1588 1351 1667 propheta,
1373 1589 1429 1666 qui
1450 1603 1486 1650 es
1513 1585 1601 1647 illius
1626 1585 1782 1657 hominis,
1809 1583 1862 1646 iac
1883 1585 1991 1646 notas

329 1707 502 1764 aratorum
516 1695 544 1777 (l
559 1695 642 1756 Tim.
657 1709 701 1766 vl,
712 1689 776 1770 10).
797 1691 895 1760 Nam,
917 1687 1004 1750 sicut
1019 1685 1125 1748 mater
1178 1687 1251 1749 uias
1265 1702 1354 1759 suas,
1370 1686 1466 1758 idest,
1483 1685 1662 1763 inquitates
1678 1699 1757 1748 arras
1777 1682 1987 1754 Jerusalem,

330 1797 435 1862 nutrit
445 1795 530 1858 tilios
542 1808 621 1854 suos
630 1790 671 1852 ad
682 1789 815 1860 bonrum
825 1786 872 1848 ita
883 1784 1049 1863 cupiditas
1063 1785 1126 1845 ter·
1179 1785 1265 1846 idest
1285 1783 1375 1845 fideli
1392 1783 1527 1846 animae.
1548 1781 1632 1854 Quia
1653 1797 1713 1857 pro
1732 1774 1868 1858 peccato
1891 1778 1987 1858 quod

329 1912 411 1958 rena
424 1893 528 1956 nutrit
542 1891 629 1951 lilios
644 1903 722 1950 suos
737 1887 772 1946 in
787 1885 934 1963 peccato,
947 1882 1044 1956 idest,
1063 1880 1126 1942 iro-
1148 1949 1149 1954 ἵ
1180 1882 1346 1944 commisit
1365 1881 1469 1943 adam
1487 1881 1522 1942 in
1537 1878 1703 1957 paradiso,
1726 1878 1870 1956 turpiter
1885 1881 1987 1956 ejec-

329 1994 437 2056 mines
448 1990 581 2065 iniquos
593 1986 627 2048 et
643 1999 827 2062 perversos.
846 1982 924 2043 Sine
936 1981 1042 2042 matre
1058 1994 1125 2040 noa
1148 1967 1149 1972 ’
1179 1981 1233 2042 tus
1261 1980 1311 2041 est
1345 1979 1385 2040 de
1412 1978 1584 2056 paradiso,
1613 1977 1700 2038 sicut
1727 1977 1851 2052 legitur
1876 1993 1885 2030 :
1910 1979 1988 2038 Eva

330 2087 481 2152 nascitur
492 2084 591 2156 iilius,
601 2083 635 2144 et
645 2083 718 2143 sine
726 2080 907 2158 cupiditate
914 2079 1048 2142 terrena
1057 2091 1124 2136 non
1181 2077 1320 2140 credidit
1333 2076 1445 2138 verbis
1460 2075 1638 2152 serpentis,
1654 2074 1687 2136 et
1706 2075 1849 2151 primum
1865 2072 1985 2135 homi-

330 2187 370 2248 nt
388 2186 486 2248 immo
501 2196 687 2260 perversus.
706 2177 799 2242 Unde
814 2176 949 2254 propter
962 2190 1125 2236 amoueri·
1180 2191 1267 2247 nem,
1282 2174 1379 2248 idest,
1394 2175 1499 2236 Adam
1508 2173 1549 2234 de
1560 2171 1716 2250 paradiso
1726 2171 1866 2248 expulit.
1884 2171 1988 2233 Unde

330 2285 408 2346 dam
422 2280 635 2358 cupiditatem
650 2275 809 2338 Dominus
822 2273 953 2336 dicebat
967 2273 1002 2334 in
1016 2274 1127 2332 Euan·
1181 2288 1240 2350 per
1254 2271 1461 2350 mysterium,
1475 2271 1597 2332 dicitur
1609 2269 1647 2332 in
1660 2269 1801 2332 Genesi:
1817 2268 1990 2332 ‹Planta-

331 2381 419 2460 gelio
434 2397 441 2435 :
466 2377 604 2440 Vendita
616 2390 692 2450 cram
703 2371 886 2448 possidetis
901 2371 934 2432 et
952 2369 1030 2432 date
1045 2374 1128 2432 etec-
1181 2388 1200 2431 a
1221 2371 1315 2433 uerat
1329 2370 1440 2432 autem
1458 2371 1546 2432 Deus
1561 2367 1753 2445 paradisum
1767 2367 1988 2444 uoluptatisa

329 2493 511 2553 mesanam
533 2473 628 2552 (Luc.
657 2487 717 2543 xn,
742 2470 807 2550 33).
831 2471 1031 2546 separemur
1051 2464 1125 2546 (sic)
1181 2485 1200 2529 ‹
1221 2467 1397 2545 principio,
1418 2467 1454 2530 iu
1476 2482 1540 2543 quo
1560 2464 1670 2543 posuit
1692 2464 1860 2527 hominem
1883 2481 1988 2542 quem

331 2592 410 2652 ergo
432 2573 474 2636 ab
489 2587 602 2652 amore
622 2567 853 2646 temporalium
868 2582 992 2637 rerum,
1011 2565 1046 2625 ut
1059 2579 1126 2624 aon
1150 2597 1151 2602 κ
1182 2565 1434 2637 «formaverat,
1464 2564 1499 2625 ut
1522 2566 1719 2640 operaretur
1744 2565 1778 2624 et
1801 2562 1989 2625 custodiret

330 2667 676 2750 separemuragloria
690 2663 951 2741 regnicmlestis.
965 2664 1045 2723 Haec
1063 2677 1126 2722 au·
1183 2663 1327 2724 «illum.
1354 2662 1582 2739 Praecepitque
1607 2661 1640 2724 ei
1662 2661 1797 2724 dicens:
1818 2663 1868 2722 Ex
1891 2661 1988 2723 omni

330 2774 397 2836 tem
407 2767 573 2848 separatio
588 2765 625 2826 iit
639 2763 768 2824 duobus
783 2760 889 2824 modis
903 2776 911 2816 :
925 2775 985 2840 per
1000 2759 1129 2822 senteu-
1150 2767 1151 2794 ³
1182 2777 1201 2822 s
1222 2760 1313 2838 ligno
1335 2759 1482 2839 paradisi
1510 2759 1661 2832 comede,
1687 2759 1728 2821 de
1756 2759 1846 2835 ligno
1869 2761 1988 2820 autem

331 2870 413 2933 tiam
429 2860 794 2936 excommunicationis,
817 2861 851 2921 et
873 2874 933 2934 per
953 2857 1127 2920 ueritatem
1150 2905 1151 2944 3
1181 2873 1201 2918 Ἰθ
1223 2857 1370 2920 scientiae
1382 2857 1463 2919 boni
1475 2857 1600 2920 etmali
1615 2872 1657 2918 ne
1673 2856 1839 2920 comedas.
1853 2856 1894 2918 Et
1907 2839 1987 2918 iona

333 2957 605 3042 denuntiationis
618 2959 683 3019 Par
695 2956 893 3018 sententiam
905 2953 1151 3030 excommunis
1182 2971 1201 3016 c
1222 2954 1455 3031 egrediebatur
1474 2954 1515 3016 ad
1539 2953 1748 3030 irrigandum
1774 2953 1984 3032 paradisum,

329 3060 483 3132 cationis,
510 3055 587 3136 quia
601 3055 730 3134 quando
746 3053 853 3116 malus
868 3052 966 3114 homo
988 3067 1127 3113 excom·
1150 3059 1152 3122 ἶ
1183 3069 1201 3113 c
1223 3053 1279 3130 qui
1294 3052 1503 3115 dividebatur
1518 3051 1552 3113 in
1569 3053 1710 3129 quatuor
1722 3051 1873 3124 numina,
1888 3051 1988 3112 uide-

332 3159 532 3228 mnnicatur‚
558 3153 653 3232 quiesi
679 3152 794 3212 lolium
817 3166 837 3212 a
863 3166 971 3212 messe
996 3148 1151 3210 Domini¹
1183 3150 1310 3224 «licet,
1333 3150 1465 3220 Phison,
1479 3150 1512 3212 et
1532 3153 1635 3221 Goon,
1651 3149 1767 3224 Tigrin
1782 3149 1816 3212 et
1829 3149 1988 3226 Euphra·

331 3256 518 3334 separatur,
535 3252 568 3312 et
581 3247 713 3310 diaholo
726 3247 881 3308 traditur.
905 3245 1000 3307 Unde
1016 3249 1151 3321 Apes-³
1183 3253 1290 3309 «len.
1323 3264 1345 3308 a
1374 3245 1469 3326 (Gen.
1503 3263 1541 3319 11,
1582 3244 1629 3326 8.)
1668 3249 1850 3308 Possumus
1886 3261 1984 3322 argo,

331 3350 612 3417 tolusadadicooi
641 3347 780 3408 tradere
800 3345 996 3416 iadcsmodt
1018 3344 1129 3404 norat·
1184 3344 1314 3417 iratres,
1339 3345 1429 3406 hunc
1455 3344 1646 3422 paradisum
1679 3357 1760 3406 sane
1792 3343 1986 3420 intelligere

331 3465 412 3514 atem
425 3447 615 3512 Sotoncein
629 3444 811 3505 intertium
825 3443 955 3512 eornm,
972 3441 1152 3516 arspaa-
1184 3445 1332 3505 sanctam
1357 3443 1390 3504 et
1416 3441 1663 3504 immaculatam
1689 3441 1882 3513 Ecclesiam,
1915 3457 1986 3504 non

334 3551 523 3612 tuscanens
541 3543 588 3604 sit
610 3544 648 3604 in
669 3544 722 3604 dic
746 3542 886 3602 Darnini
906 3539 1020 3600 nostri
1045 3540 1129 3599 lesu
1183 3540 1358 3603 habentem
1371 3539 1536 3632 maculam
1549 3556 1656 3617 neque
1670 3555 1808 3616 rugam,
1824 3555 1900 3618 quae
1912 3541 1987 3618 pul·

333 3646 460 3712 carati
476 3642 505 3722 (l
520 3643 593 3702 Gor.
607 3656 639 3712 v,
653 3635 699 3718 5).
1183 3638 1265 3700 chra
1280 3639 1331 3700 est
1345 3638 1378 3700 et
1394 3635 1514 3701 decora
1529 3639 1581 3700 vel
1595 3638 1702 3703 electa
1717 3640 1753 3700 ut
1767 3637 1828 3700 sol.
1846 3638 1909 3700 Hic
1929 3640 1984 3702 est

373 3738 593 3816 Quaerendum
621 3738 672 3798 est
690 3735 852 3813 quomodo
873 3733 1025 3796 medetur
1051 3732 1128 3794 dia·
1184 3735 1360 3813 paradisus
1381 3735 1571 3812 voluptatis,
1606 3735 1703 3807 idest,
1738 3735 1983 3798 delectationis.

333 3842 410 3904 bolo
426 3838 481 3918 qui
505 3837 556 3898 est
569 3833 885 3898 excommunicatus.
901 3832 952 3893 Ad
970 3830 1057 3909 quod
1078 3831 1130 3894 di·
1183 3833 1245 3896 llic
1265 3837 1316 3896 est
1340 3834 1457 3896 hortus
1487 3850 1610 3896 nucum
1631 3835 1667 3896 in
1690 3849 1787 3910 quem
1811 3833 1986 3896 descendit

334 3938 485 4009 cendum,
507 3934 583 4013 quia
604 3931 756 3992 diabolus
778 3928 959 3991 nonhabet
980 3931 1129 4005 potesta-
1184 3948 1337 4010 sponsus.
1365 3934 1445 3996 Haec
1468 3933 1519 3994 est
1542 3933 1640 3996 vinea
1668 3931 1799 3996 Domini
1823 3930 1983 3995 Sabaoth.

332 4040 400 4104 tem
423 4035 458 4096 in
480 4033 533 4094 his
558 4030 615 4108 qui
635 4028 713 4090 sunt
730 4027 765 4087 in
787 4026 950 4088 charitate
973 4025 1129 4088 Ecclesiae
1184 4029 1246 4090 ilic
1260 4029 1311 4090 eet
1330 4029 1422 4092 locus
1437 4029 1644 4092 deliciarum.
1661 4029 1724 4092 llic
1742 4031 1794 4093 est
1807 4029 1985 4106 paradisus

333 4131 515 4201 constituti,
529 4146 567 4191 ao
584 4126 669 4206 quod
691 4125 759 4186 siut
777 4122 924 4186 membra
946 4122 1080 4195 Christi,
1098 4125 1131 4185 st
1185 4126 1347 4189 malorum
1361 4128 1558 4205 punicorum
1573 4142 1648 4190 cum
1664 4143 1836 4204 pomorum
1857 4127 1983 4190 tructi-

332 4232 484 4300 diabolus
504 4243 571 4290 non
594 4223 694 4287 habet
714 4221 909 4300 potsstatem
933 4220 969 4282 in
992 4236 1130 4298 corpore
1181 4222 1487 4302 liusDeaquarum
1499 4225 1685 4302 frequentia
1693 4223 1902 4302 praemissum
1913 4229 1982 4288 est:

334 4329 467 4395 Christi.
485 4323 621 4399 Quando
636 4324 747 4385 autem
766 4319 841 4398 quis
860 4334 919 4398 per
934 4334 1129 4382 excommu·
1183 4326 1276 4384 Fons
1291 4323 1531 4398 egredicbatur
1545 4327 1590 4386 ad
1605 4326 1826 4400 impendam
1838 4327 1986 4396 porodi-

331 4427 537 4494 nlcationem
561 4421 601 4483 ab
628 4418 776 4482 Ecclesia
802 4417 947 4496 pellitur,
975 4417 1129 4494 potestati
1183 4435 1272 4491 stim,
1306 4422 1366 4494 aar
1392 4421 1560 4482 asennaa
1584 4424 1622 4484 ia
1654 4421 1804 4495 cuctwr
1834 4421 1984 4494 damino

334 4523 459 4588 diaboli
482 4518 700 4596 mancipatur,
725 4516 801 4593 guia
822 4515 1022 4578 deseritura
1049 4518 1128 4589 Dec,
1185 4515 1330 4596 (Geumi,
1349 4515 1413 4596 10).

335 4623 414 4684 licet
435 4616 585 4680 diabolus
611 4613 765 4675 uideatur
784 4629 880 4675 suum
893 4614 950 4689 jus
963 4627 1130 4678 exercere
1224 4617 1303 4676 Haec
1315 4615 1427 4676 omnia
1451 4615 1486 4676 in
1505 4614 1601 4678 horto
1621 4613 1816 4680 deliciarum
1841 4617 1981 4678 nostra-

335 4721 370 4784 in
386 4733 436 4780 eo.
457 4713 551 4778 Unde
571 4711 679 4790 potest
696 4726 772 4771 eum
792 4710 827 4770 in
845 4726 945 4772 carne
967 4709 1128 4788 affligere,
1184 4728 1271 4783 rum,
1288 4711 1384 4784 idest,
1398 4714 1513 4775 saneta
1528 4712 1688 4784 Ecclesia,
1700 4712 1731 4776 si
1745 4713 1923 4790 diligenter
1934 4715 1985 4776 at·

332 4817 413 4880 dum
427 4812 520 4884 vivit,
537 4811 569 4872 et
581 4811 615 4872 in
631 4808 742 4870 anima
758 4809 832 4885 post
850 4808 1000 4876 mortem,
1014 4809 1043 4870 si
1064 4825 1129 4873 non
1184 4810 1360 4883 tendimus,
1369 4825 1545 4888 possumus
1556 4810 1719 4874 invenire.
1734 4812 1771 4872 In
1787 4825 1826 4874 ea
1839 4825 1983 4890 namque

335 4912 534 4990 corrigatur,
558 4909 592 4970 et
605 4907 680 4969 ideo
702 4905 788 4968 dixit
807 4905 983 4983 Apostolus
997 4928 1005 4966 :
1027 4906 1062 4968 iu
1082 4907 1131 4969 in·
1185 4908 1408 4970 suntarhores
1421 4907 1532 4974 densae
1546 4908 1583 4970 in
1598 4923 1738 4986 quarum
1751 4907 1860 4972 medio
1871 4909 1981 4986 posita

333 5014 470 5079 teritum
486 5007 608 5079 caruis,
626 5004 705 5084 quia
721 5004 870 5066 Ecclesia
887 5019 953 5066 non
970 5005 1130 5081 permittit
1182 5005 1263 5068 sunt
1280 5005 1345 5066 duo
1370 5005 1484 5086 ligna:
1506 5005 1637 5081 liguum
1660 5005 1816 5070 ndefieet
1839 5007 1931 5077 vitm,
1948 5009 1982 5070 et

335 5110 467 5176 diabolo
489 5107 526 5169 ut
544 5104 656 5181 rapiat
670 5102 799 5165 animas
822 5103 1128 5170 excommunicato-
1183 5103 1311 5179 lignum
1324 5102 1473 5164 scientim
1485 5103 1606 5166 boniet
1618 5103 1709 5166 mali.
1723 5102 1919 5168 Arborritae
1930 5107 1982 5168 est

335 5227 419 5284 rum,
431 5207 508 5268 dum
519 5204 645 5274 vivunt,
655 5201 712 5263 sed
724 5199 896 5280 rutatliigat
906 5216 1055 5278 corpora.
1065 5199 1128 5262 Sed
1183 5200 1241 5263 illa
1250 5203 1345 5278 cujus
1356 5199 1453 5262 radix
1468 5199 1644 5275 initiasse,
1655 5201 1755 5280 juxta
1769 5201 1852 5264 illud
1864 5203 1979 5266 isaiae:

334 5306 476 5370 callidus
490 5302 595 5366 hostis
610 5298 750 5376 negligit
770 5299 982 5362 uexationem
1006 5314 1128 5375 corpo·
1184 5299 1289 5361 «Erit
1315 5298 1413 5360 radix
1435 5301 1541 5368 desse,
1566 5301 1600 5362 et
1626 5301 1682 5376 qui
1709 5315 1752 5362 ex
1777 5300 1841 5362 hac
1868 5301 1982 5364 radice

335 5407 393 5478 ris,
410 5403 446 5465 ut
465 5402 538 5480 post
552 5399 691 5461 mortem
701 5395 851 5460 transeat
865 5397 906 5458 ad
919 5395 1129 5458 uexationem
1184 5396 1394 5472 «consurget
1415 5412 1531 5474 regere
1555 5397 1683 5474 gentes,
1708 5399 1744 5460 in
1769 5414 1844 5462 eum
1865 5401 1982 5476 gentas

334 5503 534 5566 animarum.
559 5499 630 5586 Hac
653 5497 765 5560 autem
787 5494 974 5594 intentioris
995 5510 1131 5556 ercom-
1183 5493 1408 5574 «sperabunt.
1427 5511 1446 5555 a
1462 5495 1502 5557 Et
1524 5493 1630 5559 alibi:
1656 5499 1773 5561 Radia
1796 5499 1893 5560 Jcssc
1921 5501 1980 5573 quii
