<?xml version="1.0" encoding="UTF-8"?>
<!DOCTYPE html PUBLIC "-//W3C//DTD XHTML 1.0 Transitional//EN"
    "http://www.w3.org/TR/xhtml1/DTD/xhtml1-transitional.dtd">
<html xmlns="http://www.w3.org/1999/xhtml" xml:lang="en" lang="en">
 <head>
  <title>
</title>
<meta http-equiv="Content-Type" content="text/html;charset=utf-8" />
  <meta name='ocr-system' content='tesseract 3.04.00' />
  <meta name='ocr-capabilities' content='ocr_page ocr_carea ocr_par ocr_line ocrx_word'/>
</head>
<body>
  <div class='ocr_page' id='page_1' title='image "./mediiaevibiblio02unkngoog_0390.png"; bbox 0 0 4234 6408; ppageno 0'>
   <div class='ocr_carea' id='block_1_1' title="bbox 196 303 258 362">
    <p class='ocr_par' dir='ltr' id='par_1_1' title="bbox 196 303 258 362">
     <span class='ocr_line' id='line_1_1' title="bbox 196 303 258 362; baseline 0 0"><span class='ocrx_word' id='word_1_1' title='bbox 196 303 258 362; x_wconf 76' lang='grc'>297</span> 
     </span>
    </p>
   </div>
   <div class='ocr_carea' id='block_1_2' title="bbox 192 459 1026 5238">
    <p class='ocr_par' dir='ltr' id='par_1_2' title="bbox 192 459 1026 5238">
     <span class='ocr_line' id='line_1_2' title="bbox 192 459 990 540; baseline -0.001 -15"><span class='ocrx_word' id='word_1_2' title='bbox 192 461 349 540; x_wconf 87' lang='lat' dir='ltr'>templarl</span> <span class='ocrx_word' id='word_1_3' title='bbox 363 460 477 523; x_wconf 90' lang='lat' dir='ltr'>nolitis</span> <span class='ocrx_word' id='word_1_4' title='bbox 492 459 615 538; x_wconf 90' lang='lat' dir='ltr'>quanto</span> <span class='ocrx_word' id='word_1_5' title='bbox 634 459 705 522; x_wconf 87' lang='lat' dir='ltr'>zelo</span> <span class='ocrx_word' id='word_1_6' title='bbox 721 463 880 524; x_wconf 86' lang='lat' dir='ltr'>Dominus</span> <span class='ocrx_word' id='word_1_7' title='bbox 892 465 990 526; x_wconf 81' lang='lat' dir='ltr'>lesus</span> 
     </span>
     <span class='ocr_line' id='line_1_3' title="bbox 194 557 990 635; baseline 0 -13"><span class='ocrx_word' id='word_1_8' title='bbox 194 557 346 622; x_wconf 90' lang='lat' dir='ltr'>Christus</span> <span class='ocrx_word' id='word_1_9' title='bbox 365 559 482 634; x_wconf 76' lang='lat' dir='ltr'>dil&#39;ngat</span> <span class='ocrx_word' id='word_1_10' title='bbox 499 574 655 635; x_wconf 85' lang='lat' dir='ltr'>sponsam</span> <span class='ocrx_word' id='word_1_11' title='bbox 675 575 781 629; x_wconf 88' lang='lat' dir='ltr'>suam,</span> <span class='ocrx_word' id='word_1_12' title='bbox 805 561 990 622; x_wconf 90' lang='lat' dir='ltr'>Massilien.</span> 
     </span>
     <span class='ocr_line' id='line_1_4' title="bbox 194 657 1025 736; baseline 0.002 -16"><span class='ocrx_word' id='word_1_13' title='bbox 194 657 349 720; x_wconf 89' lang='lat' dir='ltr'>videlicet</span> <span class='ocrx_word' id='word_1_14' title='bbox 363 657 549 729; x_wconf 86' lang='lat' dir='ltr'>ecclesiam,</span> <span class='ocrx_word' id='word_1_15' title='bbox 572 658 711 719; x_wconf 88' lang='lat' dir='ltr'>matrem</span> <span class='ocrx_word' id='word_1_16' title='bbox 730 660 992 736; x_wconf 88' lang='lat' dir='ltr'>vestram,quam</span> <span class='ocrx_word' id='word_1_17' title='bbox 1024 721 1025 724; x_wconf 72' lang='grc'>,</span> 
     </span>
     <span class='ocr_line' id='line_1_5' title="bbox 196 755 990 834; baseline 0.001 -17"><span class='ocrx_word' id='word_1_18' title='bbox 196 772 263 819; x_wconf 93' lang='lat' dir='ltr'>non</span> <span class='ocrx_word' id='word_1_19' title='bbox 287 756 393 816; x_wconf 91' lang='lat' dir='ltr'>solum</span> <span class='ocrx_word' id='word_1_20' title='bbox 414 757 571 834; x_wconf 82' lang='lat' dir='ltr'>tanquam</span> <span class='ocrx_word' id='word_1_21' title='bbox 593 756 717 832; x_wconf 80' lang='lat' dir='ltr'><strong>ingrati</strong></span> <span class='ocrx_word' id='word_1_22' title='bbox 737 755 799 818; x_wconf 87' lang='lat' dir='ltr'>tilii</span> <span class='ocrx_word' id='word_1_23' title='bbox 822 757 990 834; x_wconf 88' lang='lat' dir='ltr'>spernitis,</span> 
     </span>
     <span class='ocr_line' id='line_1_6' title="bbox 196 853 993 931; baseline -0.003 -11"><span class='ocrx_word' id='word_1_24' title='bbox 196 854 253 920; x_wconf 86' lang='lat' dir='ltr'>sad</span> <span class='ocrx_word' id='word_1_25' title='bbox 266 853 367 916; x_wconf 87' lang='lat' dir='ltr'>etiarn</span> <span class='ocrx_word' id='word_1_26' title='bbox 383 854 419 914; x_wconf 88' lang='lat' dir='ltr'>ut</span> <span class='ocrx_word' id='word_1_27' title='bbox 432 853 579 931; x_wconf 86' lang='lat' dir='ltr'>privigni</span> <span class='ocrx_word' id='word_1_28' title='bbox 594 854 704 915; x_wconf 87' lang='lat' dir='ltr'>attilii</span> <span class='ocrx_word' id='word_1_29' title='bbox 723 855 837 928; x_wconf 91' lang='lat' dir='ltr'>alieni,</span> <span class='ocrx_word' id='word_1_30' title='bbox 855 857 993 918; x_wconf 85' lang='lat' dir='ltr'>extenso</span> 
     </span>
     <span class='ocr_line' id='line_1_7' title="bbox 195 950 994 1030; baseline 0 -16"><span class='ocrx_word' id='word_1_31' title='bbox 195 950 280 1014; x_wconf 93' lang='lat' dir='ltr'>collo</span> <span class='ocrx_word' id='word_1_32' title='bbox 295 951 329 1012; x_wconf 89' lang='lat' dir='ltr'>et</span> <span class='ocrx_word' id='word_1_33' title='bbox 342 953 454 1013; x_wconf 88' lang='lat' dir='ltr'>erecta</span> <span class='ocrx_word' id='word_1_34' title='bbox 467 952 597 1014; x_wconf 90' lang='lat' dir='ltr'>cervice</span> <span class='ocrx_word' id='word_1_35' title='bbox 611 954 765 1030; x_wconf 81' lang='lat' dir='ltr'>persequi</span> <span class='ocrx_word' id='word_1_36' title='bbox 781 953 864 1016; x_wconf 89' lang='lat' dir='ltr'>adeo</span> <span class='ocrx_word' id='word_1_37' title='bbox 881 954 994 1030; x_wconf 87' lang='lat' dir='ltr'>impu-</span> 
     </span>
     <span class='ocr_line' id='line_1_8' title="bbox 193 1049 994 1129; baseline 0.001 -17"><span class='ocrx_word' id='word_1_38' title='bbox 193 1049 312 1112; x_wconf 78' lang='lat' dir='ltr'><strong>denter</strong></span> <span class='ocrx_word' id='word_1_39' title='bbox 336 1051 370 1112; x_wconf 90' lang='lat' dir='ltr'>et</span> <span class='ocrx_word' id='word_1_40' title='bbox 392 1050 541 1128; x_wconf 81' lang='lat' dir='ltr'>graviter</span> <span class='ocrx_word' id='word_1_41' title='bbox 563 1066 631 1112; x_wconf 92' lang='lat' dir='ltr'>non</span> <span class='ocrx_word' id='word_1_42' title='bbox 654 1051 790 1120; x_wconf 86' lang='lat' dir='ltr'>timetis,</span> <span class='ocrx_word' id='word_1_43' title='bbox 816 1052 902 1129; x_wconf 90' lang='lat' dir='ltr'>quod</span> <span class='ocrx_word' id='word_1_44' title='bbox 927 1051 994 1114; x_wconf 86' lang='lat' dir='ltr'>nisi</span> 
     </span>
     <span class='ocr_line' id='line_1_9' title="bbox 193 1147 995 1226; baseline 0.002 -16"><span class='ocrx_word' id='word_1_45' title='bbox 193 1163 254 1210; x_wconf 91' lang='lat' dir='ltr'>vos</span> <span class='ocrx_word' id='word_1_46' title='bbox 271 1147 314 1208; x_wconf 87' lang='lat' dir='ltr'>ad</span> <span class='ocrx_word' id='word_1_47' title='bbox 330 1149 560 1226; x_wconf 88' lang='lat' dir='ltr'>poenitentiam</span> <span class='ocrx_word' id='word_1_48' title='bbox 575 1149 636 1210; x_wconf 90' lang='lat' dir='ltr'>Dei</span> <span class='ocrx_word' id='word_1_49' title='bbox 659 1150 889 1212; x_wconf 83' lang='lat' dir='ltr'>misericordia</span> <span class='ocrx_word' id='word_1_50' title='bbox 903 1149 995 1212; x_wconf 90' lang='lat' dir='ltr'>velut</span> 
     </span>
     <span class='ocr_line' id='line_1_10' title="bbox 195 1246 994 1326; baseline 0 -16"><span class='ocrx_word' id='word_1_51' title='bbox 195 1246 341 1310; x_wconf 90' lang='lat' dir='ltr'>Ninivan</span> <span class='ocrx_word' id='word_1_52' title='bbox 361 1249 563 1324; x_wconf 88' lang='lat' dir='ltr'>expectaret,</span> <span class='ocrx_word' id='word_1_53' title='bbox 585 1247 764 1309; x_wconf 85' lang='lat' dir='ltr'>formidare</span> <span class='ocrx_word' id='word_1_54' title='bbox 786 1249 928 1326; x_wconf 88' lang='lat' dir='ltr'>possetis</span> <span class='ocrx_word' id='word_1_55' title='bbox 952 1265 994 1310; x_wconf 93' lang='lat' dir='ltr'>ne</span> 
     </span>
     <span class='ocr_line' id='line_1_11' title="bbox 195 1344 994 1409; baseline -0.001 0"><span class='ocrx_word' id='word_1_56' title='bbox 195 1344 366 1409; x_wconf 87' lang='lat' dir='ltr'>civitatem</span> <span class='ocrx_word' id='word_1_57' title='bbox 378 1347 524 1408; x_wconf 87' lang='lat' dir='ltr'>vestram</span> <span class='ocrx_word' id='word_1_58' title='bbox 537 1345 630 1407; x_wconf 91' lang='lat' dir='ltr'>iuror</span> <span class='ocrx_word' id='word_1_59' title='bbox 644 1345 851 1408; x_wconf 86' lang='lat' dir='ltr'>subverteret</span> <span class='ocrx_word' id='word_1_60' title='bbox 863 1347 994 1408; x_wconf 85' lang='lat' dir='ltr'>Domini</span> 
     </span>
     <span class='ocr_line' id='line_1_12' title="bbox 195 1443 996 1523; baseline 0.001 -17"><span class='ocrx_word' id='word_1_61' title='bbox 195 1443 284 1506; x_wconf 87' lang='lat' dir='ltr'>sicut</span> <span class='ocrx_word' id='word_1_62' title='bbox 298 1443 475 1505; x_wconf 89' lang='lat' dir='ltr'>Sodomam</span> <span class='ocrx_word' id='word_1_63' title='bbox 494 1445 527 1506; x_wconf 88' lang='lat' dir='ltr'>et</span> <span class='ocrx_word' id='word_1_64' title='bbox 540 1447 746 1506; x_wconf 82' lang='lat' dir='ltr'>Gomorram.</span> <span class='ocrx_word' id='word_1_65' title='bbox 764 1448 905 1508; x_wconf 84' lang='lat' dir='ltr'>Cravern</span> <span class='ocrx_word' id='word_1_66' title='bbox 920 1445 996 1523; x_wconf 91' lang='lat' dir='ltr'>qui·</span> 
     </span>
     <span class='ocr_line' id='line_1_13' title="bbox 196 1538 995 1620; baseline 0.005 -18"><span class='ocrx_word' id='word_1_67' title='bbox 196 1539 272 1602; x_wconf 91' lang='lat' dir='ltr'>dem</span> <span class='ocrx_word' id='word_1_68' title='bbox 291 1538 494 1602; x_wconf 88' lang='lat' dir='ltr'>venerabilis</span> <span class='ocrx_word' id='word_1_69' title='bbox 516 1540 631 1603; x_wconf 79' lang='lat' dir='ltr'>fratris</span> <span class='ocrx_word' id='word_1_70' title='bbox 650 1542 756 1604; x_wconf 90' lang='lat' dir='ltr'>nostri</span> <span class='ocrx_word' id='word_1_71' title='bbox 777 1544 940 1620; x_wconf 86' lang='lat' dir='ltr'>episcopi,</span> <span class='ocrx_word' id='word_1_72' title='bbox 963 1543 995 1606; x_wconf 90' lang='lat' dir='ltr'>at</span> 
     </span>
     <span class='ocr_line' id='line_1_14' title="bbox 197 1636 1026 1718; baseline 0.004 -17"><span class='ocrx_word' id='word_1_73' title='bbox 197 1636 392 1701; x_wconf 90' lang='lat' dir='ltr'>dilectorum</span> <span class='ocrx_word' id='word_1_74' title='bbox 412 1637 556 1700; x_wconf 88' lang='lat' dir='ltr'>liliorum</span> <span class='ocrx_word' id='word_1_75' title='bbox 574 1641 636 1714; x_wconf 81' lang='lat' dir='ltr'>Ug.</span> <span class='ocrx_word' id='word_1_76' title='bbox 655 1640 826 1718; x_wconf 80' lang='lat' dir='ltr'>praepositi</span> <span class='ocrx_word' id='word_1_77' title='bbox 845 1641 878 1704; x_wconf 90' lang='lat' dir='ltr'>at</span> <span class='ocrx_word' id='word_1_78' title='bbox 897 1641 994 1718; x_wconf 89' lang='lat' dir='ltr'>capi·</span> <span class='ocrx_word' id='word_1_79' title='bbox 1025 1651 1026 1654; x_wconf 75' lang='grc'>’</span> 
     </span>
     <span class='ocr_line' id='line_1_15' title="bbox 197 1736 995 1816; baseline 0.001 -17"><span class='ocrx_word' id='word_1_80' title='bbox 197 1736 259 1800; x_wconf 85' lang='grc'><strong>11111</strong></span> <span class='ocrx_word' id='word_1_81' title='bbox 272 1736 455 1798; x_wconf 87' lang='lat' dir='ltr'>Massilien.</span> <span class='ocrx_word' id='word_1_82' title='bbox 469 1737 656 1814; x_wconf 84' lang='lat' dir='ltr'>recepimus</span> <span class='ocrx_word' id='word_1_83' title='bbox 669 1739 897 1816; x_wconf 90' lang='lat' dir='ltr'>quaestionem,</span> <span class='ocrx_word' id='word_1_84' title='bbox 913 1755 995 1816; x_wconf 93' lang='lat' dir='ltr'>quos</span> 
     </span>
     <span class='ocr_line' id='line_1_16' title="bbox 198 1835 995 1914; baseline 0.004 -17"><span class='ocrx_word' id='word_1_85' title='bbox 198 1849 259 1898; x_wconf 88' lang='lat' dir='ltr'>vos</span> <span class='ocrx_word' id='word_1_86' title='bbox 272 1835 338 1912; x_wconf 90' lang='lat' dir='ltr'>ipsi</span> <span class='ocrx_word' id='word_1_87' title='bbox 352 1835 453 1912; x_wconf 89' lang='lat' dir='ltr'>impie</span> <span class='ocrx_word' id='word_1_88' title='bbox 468 1837 706 1913; x_wconf 82' lang='lat' dir='ltr'>persequentes</span> <span class='ocrx_word' id='word_1_89' title='bbox 719 1838 753 1898; x_wconf 89' lang='lat' dir='ltr'>et</span> <span class='ocrx_word' id='word_1_90' title='bbox 768 1837 995 1914; x_wconf 90' lang='lat' dir='ltr'>possessiones</span> 
     </span>
     <span class='ocr_line' id='line_1_17' title="bbox 198 1931 995 2011; baseline 0.001 -16"><span class='ocrx_word' id='word_1_91' title='bbox 198 1948 239 1996; x_wconf 86' lang='lat' dir='ltr'>ac</span> <span class='ocrx_word' id='word_1_92' title='bbox 258 1933 326 1994; x_wconf 88' lang='lat' dir='ltr'>alia</span> <span class='ocrx_word' id='word_1_93' title='bbox 347 1931 434 1994; x_wconf 88' lang='lat' dir='ltr'>bona</span> <span class='ocrx_word' id='word_1_94' title='bbox 455 1949 570 1994; x_wconf 89' lang='lat' dir='ltr'>eorum</span> <span class='ocrx_word' id='word_1_95' title='bbox 591 1950 652 2011; x_wconf 90' lang='lat' dir='ltr'>per</span> <span class='ocrx_word' id='word_1_96' title='bbox 673 1933 866 1996; x_wconf 89' lang='lat' dir='ltr'>violentiam</span> <span class='ocrx_word' id='word_1_97' title='bbox 891 1950 995 1998; x_wconf 90' lang='lat' dir='ltr'>occu-</span> 
     </span>
     <span class='ocr_line' id='line_1_18' title="bbox 197 2031 996 2110; baseline 0.001 -18"><span class='ocrx_word' id='word_1_98' title='bbox 197 2031 326 2110; x_wconf 90' lang='lat' dir='ltr'>pantes,</span> <span class='ocrx_word' id='word_1_99' title='bbox 340 2047 427 2092; x_wconf 90' lang='lat' dir='ltr'>nova</span> <span class='ocrx_word' id='word_1_100' title='bbox 439 2031 580 2108; x_wconf 85' lang='lat' dir='ltr'>pedagia</span> <span class='ocrx_word' id='word_1_101' title='bbox 595 2033 629 2093; x_wconf 90' lang='lat' dir='ltr'>et</span> <span class='ocrx_word' id='word_1_102' title='bbox 643 2031 800 2094; x_wconf 87' lang='lat' dir='ltr'>collectas</span> <span class='ocrx_word' id='word_1_103' title='bbox 813 2033 928 2094; x_wconf 90' lang='lat' dir='ltr'>contra</span> <span class='ocrx_word' id='word_1_104' title='bbox 939 2037 996 2110; x_wconf 90' lang='lat' dir='ltr'>jns</span> 
     </span>
     <span class='ocr_line' id='line_1_19' title="bbox 197 2130 997 2205; baseline 0 -13"><span class='ocrx_word' id='word_1_105' title='bbox 197 2145 382 2203; x_wconf 90' lang='lat' dir='ltr'>commune,</span> <span class='ocrx_word' id='word_1_106' title='bbox 400 2145 462 2191; x_wconf 92' lang='lat' dir='ltr'>nac</span> <span class='ocrx_word' id='word_1_107' title='bbox 481 2145 548 2191; x_wconf 92' lang='lat' dir='ltr'>non</span> <span class='ocrx_word' id='word_1_108' title='bbox 566 2131 599 2192; x_wconf 90' lang='lat' dir='ltr'>et</span> <span class='ocrx_word' id='word_1_109' title='bbox 617 2130 733 2192; x_wconf 87' lang='lat' dir='ltr'>contra</span> <span class='ocrx_word' id='word_1_110' title='bbox 749 2130 872 2192; x_wconf 89' lang='lat' dir='ltr'>statuta</span> <span class='ocrx_word' id='word_1_111' title='bbox 893 2145 997 2205; x_wconf 84' lang='lat' dir='ltr'>gane-</span> 
     </span>
     <span class='ocr_line' id='line_1_20' title="bbox 197 2227 996 2306; baseline -0.003 -16"><span class='ocrx_word' id='word_1_112' title='bbox 197 2227 280 2290; x_wconf 88' lang='lat' dir='ltr'>ralis</span> <span class='ocrx_word' id='word_1_113' title='bbox 291 2228 441 2302; x_wconf 84' lang='lat' dir='ltr'>Consilii,</span> <span class='ocrx_word' id='word_1_114' title='bbox 458 2229 599 2306; x_wconf 87' lang='lat' dir='ltr'>rippam,</span> <span class='ocrx_word' id='word_1_115' title='bbox 614 2229 740 2306; x_wconf 89' lang='lat' dir='ltr'>portus,</span> <span class='ocrx_word' id='word_1_116' title='bbox 756 2229 829 2290; x_wconf 89' lang='lat' dir='ltr'>vias</span> <span class='ocrx_word' id='word_1_117' title='bbox 845 2228 996 2306; x_wconf 89' lang='lat' dir='ltr'>publicas</span> 
     </span>
     <span class='ocr_line' id='line_1_21' title="bbox 195 2325 997 2404; baseline -0.001 -16"><span class='ocrx_word' id='word_1_118' title='bbox 195 2325 231 2388; x_wconf 91' lang='lat' dir='ltr'>et</span> <span class='ocrx_word' id='word_1_119' title='bbox 251 2341 427 2388; x_wconf 86' lang='lat' dir='ltr'>commune</span> <span class='ocrx_word' id='word_1_120' title='bbox 448 2325 556 2388; x_wconf 86' lang='lat' dir='ltr'>iorum</span> <span class='ocrx_word' id='word_1_121' title='bbox 577 2327 645 2388; x_wconf 87' lang='lat' dir='ltr'>tam</span> <span class='ocrx_word' id='word_1_122' title='bbox 669 2326 766 2401; x_wconf 83' lang='lat' dir='ltr'>burgi</span> <span class='ocrx_word' id='word_1_123' title='bbox 788 2342 887 2404; x_wconf 91' lang='lat' dir='ltr'>quam</span> <span class='ocrx_word' id='word_1_124' title='bbox 909 2327 997 2388; x_wconf 90' lang='lat' dir='ltr'>civi·-</span> 
     </span>
     <span class='ocr_line' id='line_1_22' title="bbox 199 2423 998 2502; baseline -0.001 -16"><span class='ocrx_word' id='word_1_125' title='bbox 199 2423 278 2486; x_wconf 83' lang='lat' dir='ltr'>taus</span> <span class='ocrx_word' id='word_1_126' title='bbox 302 2425 451 2502; x_wconf 92' lang='lat' dir='ltr'>ipsorum</span> <span class='ocrx_word' id='word_1_127' title='bbox 478 2424 669 2486; x_wconf 88' lang='lat' dir='ltr'>hominibus</span> <span class='ocrx_word' id='word_1_128' title='bbox 694 2423 865 2486; x_wconf 78' lang='lat' dir='ltr'>inhibetis,</span> <span class='ocrx_word' id='word_1_129' title='bbox 892 2426 998 2485; x_wconf 85' lang='lat' dir='ltr'>Sanc-</span> 
     </span>
     <span class='ocr_line' id='line_1_23' title="bbox 198 2521 995 2599; baseline -0.005 -13"><span class='ocrx_word' id='word_1_130' title='bbox 198 2522 310 2586; x_wconf 86' lang='lat' dir='ltr'>tuaria</span> <span class='ocrx_word' id='word_1_131' title='bbox 340 2522 473 2584; x_wconf 88' lang='lat' dir='ltr'>Domini</span> <span class='ocrx_word' id='word_1_132' title='bbox 499 2525 668 2599; x_wconf 91' lang='lat' dir='ltr'>tamquam</span> <span class='ocrx_word' id='word_1_133' title='bbox 696 2521 890 2584; x_wconf 88' lang='lat' dir='ltr'>orthodoxae</span> <span class='ocrx_word' id='word_1_134' title='bbox 919 2521 995 2582; x_wconf 85' lang='lat' dir='ltr'>fidei</span> 
     </span>
     <span class='ocr_line' id='line_1_24' title="bbox 197 2619 998 2697; baseline -0.005 -13"><span class='ocrx_word' id='word_1_135' title='bbox 197 2621 409 2697; x_wconf 76' lang='lat' dir='ltr'>corruptores</span> <span class='ocrx_word' id='word_1_136' title='bbox 434 2635 501 2682; x_wconf 92' lang='lat' dir='ltr'>non</span> <span class='ocrx_word' id='word_1_137' title='bbox 534 2619 658 2697; x_wconf 91' lang='lat' dir='ltr'>absque</span> <span class='ocrx_word' id='word_1_138' title='bbox 684 2619 860 2681; x_wconf 84' lang='lat' dir='ltr'>manifesta</span> <span class='ocrx_word' id='word_1_139' title='bbox 886 2619 998 2696; x_wconf 89' lang='lat' dir='ltr'>suspi-</span> 
     </span>
     <span class='ocr_line' id='line_1_25' title="bbox 197 2717 996 2795; baseline -0.003 -15"><span class='ocrx_word' id='word_1_140' title='bbox 197 2718 294 2780; x_wconf 88' lang='lat' dir='ltr'>cione</span> <span class='ocrx_word' id='word_1_141' title='bbox 329 2717 505 2795; x_wconf 88' lang='lat' dir='ltr'>pravitatis</span> <span class='ocrx_word' id='word_1_142' title='bbox 536 2717 704 2780; x_wconf 82' lang='lat' dir='ltr'>haereticae</span> <span class='ocrx_word' id='word_1_143' title='bbox 732 2718 883 2788; x_wconf 83' lang='lat' dir='ltr'>violatia,</span> <span class='ocrx_word' id='word_1_144' title='bbox 913 2717 996 2778; x_wconf 91' lang='lat' dir='ltr'>locis</span> 
     </span>
     <span class='ocr_line' id='line_1_26' title="bbox 196 2814 997 2891; baseline -0.004 -13"><span class='ocrx_word' id='word_1_145' title='bbox 196 2815 304 2878; x_wconf 90' lang='lat' dir='ltr'>sacris</span> <span class='ocrx_word' id='word_1_146' title='bbox 323 2816 357 2878; x_wconf 89' lang='lat' dir='ltr'>at</span> <span class='ocrx_word' id='word_1_147' title='bbox 373 2814 497 2877; x_wconf 83' lang='lat' dir='ltr'>Christi</span> <span class='ocrx_word' id='word_1_148' title='bbox 518 2815 683 2876; x_wconf 89' lang='lat' dir='ltr'>ministris</span> <span class='ocrx_word' id='word_1_149' title='bbox 717 2814 942 2891; x_wconf 86' lang='lat' dir='ltr'>blasphemias</span> <span class='ocrx_word' id='word_1_150' title='bbox 964 2814 997 2875; x_wconf 89' lang='lat' dir='ltr'>et</span> 
     </span>
     <span class='ocr_line' id='line_1_27' title="bbox 197 2911 996 2990; baseline -0.004 -15"><span class='ocrx_word' id='word_1_151' title='bbox 197 2928 351 2975; x_wconf 88' lang='lat' dir='ltr'>enormes</span> <span class='ocrx_word' id='word_1_152' title='bbox 374 2913 518 2990; x_wconf 85' lang='lat' dir='ltr'>injurias</span> <span class='ocrx_word' id='word_1_153' title='bbox 540 2913 732 2989; x_wconf 79' lang='lat' dir='ltr'>irrogando.</span> <span class='ocrx_word' id='word_1_154' title='bbox 754 2913 870 2989; x_wconf 86' lang='lat' dir='ltr'>Nuper</span> <span class='ocrx_word' id='word_1_155' title='bbox 896 2911 996 2974; x_wconf 89' lang='lat' dir='ltr'>etiam</span> 
     </span>
     <span class='ocr_line' id='line_1_28' title="bbox 197 3008 998 3088; baseline -0.004 -15"><span class='ocrx_word' id='word_1_156' title='bbox 197 3010 285 3074; x_wconf 89' lang='lat' dir='ltr'>sicut</span> <span class='ocrx_word' id='word_1_157' title='bbox 298 3027 342 3071; x_wconf 87' lang='lat' dir='ltr'>ax</span> <span class='ocrx_word' id='word_1_158' title='bbox 356 3009 518 3072; x_wconf 92' lang='lat' dir='ltr'>dictorum</span> <span class='ocrx_word' id='word_1_159' title='bbox 533 3011 691 3088; x_wconf 89' lang='lat' dir='ltr'>episcopi,</span> <span class='ocrx_word' id='word_1_160' title='bbox 708 3011 767 3086; x_wconf 79' lang='lat' dir='ltr'>Ug.</span> <span class='ocrx_word' id='word_1_161' title='bbox 782 3008 952 3086; x_wconf 86' lang='lat' dir='ltr'>praepositi</span> <span class='ocrx_word' id='word_1_162' title='bbox 964 3011 998 3070; x_wconf 91' lang='lat' dir='ltr'>et</span> 
     </span>
     <span class='ocr_line' id='line_1_29' title="bbox 198 3107 997 3186; baseline -0.004 -15"><span class='ocrx_word' id='word_1_163' title='bbox 198 3108 338 3186; x_wconf 90' lang='lat' dir='ltr'>capituli</span> <span class='ocrx_word' id='word_1_164' title='bbox 358 3107 492 3183; x_wconf 81' lang='lat' dir='ltr'>lugubri</span> <span class='ocrx_word' id='word_1_165' title='bbox 515 3109 680 3170; x_wconf 89' lang='lat' dir='ltr'>relatione</span> <span class='ocrx_word' id='word_1_166' title='bbox 703 3107 852 3170; x_wconf 91' lang='lat' dir='ltr'>dolentes</span> <span class='ocrx_word' id='word_1_167' title='bbox 876 3107 997 3169; x_wconf 91' lang='lat' dir='ltr'>didici·</span> 
     </span>
     <span class='ocr_line' id='line_1_30' title="bbox 198 3204 996 3284; baseline -0.003 -16"><span class='ocrx_word' id='word_1_168' title='bbox 198 3223 283 3280; x_wconf 91' lang='lat' dir='ltr'>mus,</span> <span class='ocrx_word' id='word_1_169' title='bbox 302 3206 338 3268; x_wconf 89' lang='lat' dir='ltr'>in</span> <span class='ocrx_word' id='word_1_170' title='bbox 350 3207 478 3269; x_wconf 87' lang='lat' dir='ltr'>tantam</span> <span class='ocrx_word' id='word_1_171' title='bbox 497 3207 664 3268; x_wconf 89' lang='lat' dir='ltr'>insaniam</span> <span class='ocrx_word' id='word_1_172' title='bbox 678 3204 890 3284; x_wconf 88' lang='lat' dir='ltr'>prorupistis,</span> <span class='ocrx_word' id='word_1_173' title='bbox 909 3205 996 3282; x_wconf 94' lang='lat' dir='ltr'>quod</span> 
     </span>
     <span class='ocr_line' id='line_1_31' title="bbox 197 3305 997 3382; baseline -0.004 -15"><span class='ocrx_word' id='word_1_174' title='bbox 197 3305 372 3367; x_wconf 90' lang='lat' dir='ltr'>induentes</span> <span class='ocrx_word' id='word_1_175' title='bbox 381 3305 591 3382; x_wconf 81' lang='lat' dir='ltr'>tyrannidem</span> <span class='ocrx_word' id='word_1_176' title='bbox 602 3305 718 3366; x_wconf 88' lang='lat' dir='ltr'>contra</span> <span class='ocrx_word' id='word_1_177' title='bbox 729 3307 844 3376; x_wconf 89' lang='lat' dir='ltr'>Deum,</span> <span class='ocrx_word' id='word_1_178' title='bbox 855 3305 890 3365; x_wconf 94' lang='lat' dir='ltr'>in</span> <span class='ocrx_word' id='word_1_179' title='bbox 901 3319 997 3382; x_wconf 89' lang='lat' dir='ltr'>quos·</span> 
     </span>
     <span class='ocr_line' id='line_1_32' title="bbox 197 3401 996 3481; baseline -0.005 -17"><span class='ocrx_word' id='word_1_180' title='bbox 197 3402 274 3464; x_wconf 88' lang='lat' dir='ltr'>dam</span> <span class='ocrx_word' id='word_1_181' title='bbox 288 3403 510 3481; x_wconf 87' lang='lat' dir='ltr'>presbyteros,</span> <span class='ocrx_word' id='word_1_182' title='bbox 525 3404 694 3474; x_wconf 86' lang='lat' dir='ltr'>diaconos,</span> <span class='ocrx_word' id='word_1_183' title='bbox 712 3403 744 3463; x_wconf 93' lang='lat' dir='ltr'>at</span> <span class='ocrx_word' id='word_1_184' title='bbox 756 3403 842 3462; x_wconf 91' lang='lat' dir='ltr'>alios</span> <span class='ocrx_word' id='word_1_185' title='bbox 856 3401 996 3462; x_wconf 89' lang='lat' dir='ltr'>clericos</span> 
     </span>
     <span class='ocr_line' id='line_1_33' title="bbox 197 3497 998 3573; baseline -0.009 -9"><span class='ocrx_word' id='word_1_186' title='bbox 197 3501 346 3564; x_wconf 87' lang='lat' dir='ltr'>vestibus</span> <span class='ocrx_word' id='word_1_187' title='bbox 364 3502 470 3564; x_wconf 87' lang='lat' dir='ltr'>sacris</span> <span class='ocrx_word' id='word_1_188' title='bbox 485 3500 629 3573; x_wconf 89' lang='lat' dir='ltr'>indutos,</span> <span class='ocrx_word' id='word_1_189' title='bbox 647 3515 763 3561; x_wconf 88' lang='lat' dir='ltr'>cruces</span> <span class='ocrx_word' id='word_1_190' title='bbox 780 3499 814 3561; x_wconf 90' lang='lat' dir='ltr'>at</span> <span class='ocrx_word' id='word_1_191' title='bbox 828 3497 998 3560; x_wconf 89' lang='lat' dir='ltr'>eucharis·</span> 
     </span>
     <span class='ocr_line' id='line_1_34' title="bbox 198 3594 997 3672; baseline -0.011 -9"><span class='ocrx_word' id='word_1_192' title='bbox 198 3600 280 3663; x_wconf 86' lang='lat' dir='ltr'>tiam</span> <span class='ocrx_word' id='word_1_193' title='bbox 299 3598 497 3671; x_wconf 82' lang='lat' dir='ltr'>deierantes,</span> <span class='ocrx_word' id='word_1_194' title='bbox 515 3597 681 3660; x_wconf 88' lang='lat' dir='ltr'>violentas</span> <span class='ocrx_word' id='word_1_195' title='bbox 699 3611 818 3658; x_wconf 92' lang='lat' dir='ltr'>manus</span> <span class='ocrx_word' id='word_1_196' title='bbox 835 3594 997 3672; x_wconf 90' lang='lat' dir='ltr'>usquead</span> 
     </span>
     <span class='ocr_line' id='line_1_35' title="bbox 199 3692 997 3772; baseline -0.01 -12"><span class='ocrx_word' id='word_1_197' title='bbox 199 3697 397 3760; x_wconf 81' lang='lat' dir='ltr'>effusionem</span> <span class='ocrx_word' id='word_1_198' title='bbox 423 3695 598 3772; x_wconf 77' lang='lat' dir='ltr'>sanguinis</span> <span class='ocrx_word' id='word_1_199' title='bbox 622 3695 802 3772; x_wconf 89' lang='lat' dir='ltr'>injecistis,</span> <span class='ocrx_word' id='word_1_200' title='bbox 823 3694 857 3754; x_wconf 88' lang='lat' dir='ltr'>et</span> <span class='ocrx_word' id='word_1_201' title='bbox 883 3692 997 3753; x_wconf 83' lang='lat' dir='ltr'>tractis</span> 
     </span>
     <span class='ocr_line' id='line_1_36' title="bbox 199 3789 997 3869; baseline -0.011 -11"><span class='ocrx_word' id='word_1_202' title='bbox 199 3795 424 3858; x_wconf 86' lang='lat' dir='ltr'>irreverenter</span> <span class='ocrx_word' id='word_1_203' title='bbox 440 3793 596 3856; x_wconf 90' lang='lat' dir='ltr'>crucibus</span> <span class='ocrx_word' id='word_1_204' title='bbox 610 3793 704 3869; x_wconf 90' lang='lat' dir='ltr'>ipsis,</span> <span class='ocrx_word' id='word_1_205' title='bbox 721 3793 754 3854; x_wconf 91' lang='lat' dir='ltr'>et</span> <span class='ocrx_word' id='word_1_206' title='bbox 767 3789 943 3868; x_wconf 89' lang='lat' dir='ltr'>prostratis</span> <span class='ocrx_word' id='word_1_207' title='bbox 962 3789 997 3850; x_wconf 93' lang='lat' dir='ltr'>in</span> 
     </span>
     <span class='ocr_line' id='line_1_37' title="bbox 198 3887 997 3965; baseline -0.011 -9"><span class='ocrx_word' id='word_1_208' title='bbox 198 3894 336 3965; x_wconf 89' lang='lat' dir='ltr'>terram,</span> <span class='ocrx_word' id='word_1_209' title='bbox 358 3893 510 3953; x_wconf 86' lang='lat' dir='ltr'>sanctam</span> <span class='ocrx_word' id='word_1_210' title='bbox 531 3888 769 3950; x_wconf 87' lang='lat' dir='ltr'>eucharistiam</span> <span class='ocrx_word' id='word_1_211' title='bbox 787 3889 823 3948; x_wconf 92' lang='lat' dir='ltr'>in</span> <span class='ocrx_word' id='word_1_212' title='bbox 846 3887 997 3948; x_wconf 81' lang='lat' dir='ltr'>crucifixi</span> 
     </span>
     <span class='ocr_line' id='line_1_38' title="bbox 200 3974 997 4064; baseline -0.008 -12"><span class='ocrx_word' id='word_1_213' title='bbox 200 3990 435 4054; x_wconf 88' lang='lat' dir='ltr'>contumeliam</span> <span class='ocrx_word' id='word_1_214' title='bbox 450 3974 682 4060; x_wconf 77' lang='lat' dir='ltr'>conculcastis,</span> <span class='ocrx_word' id='word_1_215' title='bbox 703 3987 873 4064; x_wconf 85' lang='lat' dir='ltr'>sacrisque</span> <span class='ocrx_word' id='word_1_216' title='bbox 888 3985 997 4048; x_wconf 87' lang='lat' dir='ltr'>vasti-</span> 
     </span>
     <span class='ocr_line' id='line_1_39' title="bbox 199 4083 997 4154; baseline -0.009 -4"><span class='ocrx_word' id='word_1_217' title='bbox 199 4089 262 4150; x_wconf 92' lang='lat' dir='ltr'>bus</span> <span class='ocrx_word' id='word_1_218' title='bbox 272 4087 419 4154; x_wconf 90' lang='lat' dir='ltr'>laniatis,</span> <span class='ocrx_word' id='word_1_219' title='bbox 432 4085 607 4146; x_wconf 90' lang='lat' dir='ltr'>ecclesiam</span> <span class='ocrx_word' id='word_1_220' title='bbox 617 4084 725 4145; x_wconf 90' lang='lat' dir='ltr'>sancti</span> <span class='ocrx_word' id='word_1_221' title='bbox 738 4083 909 4146; x_wconf 88' lang='lat' dir='ltr'>Laurentii</span> <span class='ocrx_word' id='word_1_222' title='bbox 920 4083 997 4143; x_wconf 92' lang='lat' dir='ltr'>dum</span> 
     </span>
     <span class='ocr_line' id='line_1_40' title="bbox 199 4182 999 4260; baseline -0.008 -12"><span class='ocrx_word' id='word_1_223' title='bbox 199 4187 236 4248; x_wconf 93' lang='lat' dir='ltr'>in</span> <span class='ocrx_word' id='word_1_224' title='bbox 248 4201 289 4247; x_wconf 88' lang='lat' dir='ltr'>aa</span> <span class='ocrx_word' id='word_1_225' title='bbox 304 4183 553 4246; x_wconf 84' lang='lat' dir='ltr'>celebrarentur</span> <span class='ocrx_word' id='word_1_226' title='bbox 562 4182 722 4260; x_wconf 90' lang='lat' dir='ltr'>mysteria</span> <span class='ocrx_word' id='word_1_227' title='bbox 734 4182 858 4252; x_wconf 89' lang='lat' dir='ltr'>divina,</span> <span class='ocrx_word' id='word_1_228' title='bbox 869 4183 904 4242; x_wconf 88' lang='lat' dir='ltr'>in</span> <span class='ocrx_word' id='word_1_229' title='bbox 918 4197 999 4244; x_wconf 92' lang='lat' dir='ltr'>con-</span> 
     </span>
     <span class='ocr_line' id='line_1_41' title="bbox 199 4281 999 4362; baseline -0.009 -15"><span class='ocrx_word' id='word_1_230' title='bbox 199 4285 357 4362; x_wconf 90' lang='lat' dir='ltr'>temptum</span> <span class='ocrx_word' id='word_1_231' title='bbox 373 4281 444 4351; x_wconf 86' lang='lat' dir='ltr'>Dei,</span> <span class='ocrx_word' id='word_1_232' title='bbox 460 4283 494 4344; x_wconf 93' lang='lat' dir='ltr'>et</span> <span class='ocrx_word' id='word_1_233' title='bbox 507 4281 694 4342; x_wconf 89' lang='lat' dir='ltr'>animarum</span> <span class='ocrx_word' id='word_1_234' title='bbox 707 4281 892 4342; x_wconf 88' lang='lat' dir='ltr'>vestrarum</span> <span class='ocrx_word' id='word_1_235' title='bbox 908 4281 999 4358; x_wconf 90' lang='lat' dir='ltr'>peri-</span> 
     </span>
     <span class='ocr_line' id='line_1_42' title="bbox 201 4377 995 4456; baseline -0.009 -11"><span class='ocrx_word' id='word_1_236' title='bbox 201 4385 323 4456; x_wconf 91' lang='lat' dir='ltr'>culum,</span> <span class='ocrx_word' id='word_1_237' title='bbox 337 4381 466 4445; x_wconf 90' lang='lat' dir='ltr'>violare</span> <span class='ocrx_word' id='word_1_238' title='bbox 478 4396 564 4441; x_wconf 92' lang='lat' dir='ltr'>ausu</span> <span class='ocrx_word' id='word_1_239' title='bbox 579 4377 708 4440; x_wconf 75' lang='lat' dir='ltr'>nefario</span> <span class='ocrx_word' id='word_1_240' title='bbox 722 4379 995 4455; x_wconf 87' lang='lat' dir='ltr'>praesumpsistis;</span> 
     </span>
     <span class='ocr_line' id='line_1_43' title="bbox 201 4474 999 4553; baseline -0.01 -11"><span class='ocrx_word' id='word_1_241' title='bbox 201 4481 234 4543; x_wconf 91' lang='lat' dir='ltr'>at</span> <span class='ocrx_word' id='word_1_242' title='bbox 251 4483 294 4542; x_wconf 91' lang='lat' dir='ltr'>iis</span> <span class='ocrx_word' id='word_1_243' title='bbox 310 4480 463 4543; x_wconf 92' lang='lat' dir='ltr'>omnibus</span> <span class='ocrx_word' id='word_1_244' title='bbox 480 4494 547 4539; x_wconf 92' lang='lat' dir='ltr'>non</span> <span class='ocrx_word' id='word_1_245' title='bbox 563 4478 721 4549; x_wconf 91' lang='lat' dir='ltr'>contenti,</span> <span class='ocrx_word' id='word_1_246' title='bbox 739 4474 894 4553; x_wconf 84' lang='lat' dir='ltr'>praefatos</span> <span class='ocrx_word' id='word_1_247' title='bbox 910 4476 999 4552; x_wconf 88' lang='lat' dir='ltr'>apis-</span> 
     </span>
     <span class='ocr_line' id='line_1_44' title="bbox 201 4573 999 4656; baseline -0.008 -16"><span class='ocrx_word' id='word_1_248' title='bbox 201 4594 321 4656; x_wconf 91' lang='lat' dir='ltr'>copum</span> <span class='ocrx_word' id='word_1_249' title='bbox 346 4579 379 4638; x_wconf 90' lang='lat' dir='ltr'>et</span> <span class='ocrx_word' id='word_1_250' title='bbox 401 4576 602 4655; x_wconf 88' lang='lat' dir='ltr'>capitulum,</span> <span class='ocrx_word' id='word_1_251' title='bbox 626 4575 765 4637; x_wconf 87' lang='lat' dir='ltr'>clericos</span> <span class='ocrx_word' id='word_1_252' title='bbox 791 4575 824 4636; x_wconf 92' lang='lat' dir='ltr'>et</span> <span class='ocrx_word' id='word_1_253' title='bbox 846 4573 999 4634; x_wconf 89' lang='lat' dir='ltr'>homines</span> 
     </span>
     <span class='ocr_line' id='line_1_45' title="bbox 201 4673 1001 4749; baseline -0.005 -13"><span class='ocrx_word' id='word_1_254' title='bbox 201 4675 394 4736; x_wconf 90' lang='lat' dir='ltr'>eorumdem</span> <span class='ocrx_word' id='word_1_255' title='bbox 407 4675 548 4735; x_wconf 89' lang='lat' dir='ltr'>diversis</span> <span class='ocrx_word' id='word_1_256' title='bbox 561 4674 667 4735; x_wconf 91' lang='lat' dir='ltr'>modis</span> <span class='ocrx_word' id='word_1_257' title='bbox 681 4673 829 4749; x_wconf 80' lang='lat' dir='ltr'>adligare</span> <span class='ocrx_word' id='word_1_258' title='bbox 844 4687 911 4733; x_wconf 90' lang='lat' dir='ltr'>non</span> <span class='ocrx_word' id='word_1_259' title='bbox 926 4687 1001 4732; x_wconf 89' lang='lat' dir='ltr'>ces-</span> 
     </span>
     <span class='ocr_line' id='line_1_46' title="bbox 201 4771 999 4847; baseline -0.003 -15"><span class='ocrx_word' id='word_1_260' title='bbox 201 4772 294 4833; x_wconf 89' lang='lat' dir='ltr'>satis.</span> <span class='ocrx_word' id='word_1_261' title='bbox 310 4772 394 4844; x_wconf 91' lang='lat' dir='ltr'>Quia</span> <span class='ocrx_word' id='word_1_262' title='bbox 408 4772 511 4847; x_wconf 80' lang='lat' dir='ltr'>igitur</span> <span class='ocrx_word' id='word_1_263' title='bbox 528 4771 618 4832; x_wconf 89' lang='lat' dir='ltr'>zelus</span> <span class='ocrx_word' id='word_1_264' title='bbox 638 4787 698 4832; x_wconf 87' lang='lat' dir='ltr'>nos</span> <span class='ocrx_word' id='word_1_265' title='bbox 717 4771 859 4833; x_wconf 89' lang='lat' dir='ltr'>comedit</span> <span class='ocrx_word' id='word_1_266' title='bbox 881 4771 999 4832; x_wconf 92' lang='lat' dir='ltr'>domus</span> 
     </span>
     <span class='ocr_line' id='line_1_47' title="bbox 202 4869 1000 4946; baseline -0.004 -14"><span class='ocrx_word' id='word_1_267' title='bbox 202 4869 275 4944; x_wconf 88' lang='lat' dir='ltr'>Dei,</span> <span class='ocrx_word' id='word_1_268' title='bbox 297 4869 329 4930; x_wconf 90' lang='lat' dir='ltr'>et</span> <span class='ocrx_word' id='word_1_269' title='bbox 348 4883 529 4944; x_wconf 89' lang='lat' dir='ltr'>supernos</span> <span class='ocrx_word' id='word_1_270' title='bbox 548 4869 726 4945; x_wconf 90' lang='lat' dir='ltr'>opprobria</span> <span class='ocrx_word' id='word_1_271' title='bbox 746 4869 1000 4946; x_wconf 80' lang='lat' dir='ltr'>exprobantium</span> 
     </span>
     <span class='ocr_line' id='line_1_48' title="bbox 207 4965 1001 5042; baseline -0.003 -12"><span class='ocrx_word' id='word_1_272' title='bbox 207 4967 272 5031; x_wconf 87' lang='lat' dir='ltr'>sibi</span> <span class='ocrx_word' id='word_1_273' title='bbox 284 4965 418 5036; x_wconf 85' lang='lat' dir='ltr'>cadunt,</span> <span class='ocrx_word' id='word_1_274' title='bbox 431 4965 534 5026; x_wconf 80' lang='lat' dir='ltr'>tantae</span> <span class='ocrx_word' id='word_1_275' title='bbox 548 4965 814 5042; x_wconf 85' lang='lat' dir='ltr'>praesumptionis</span> <span class='ocrx_word' id='word_1_276' title='bbox 827 4967 1001 5028; x_wconf 87' lang='lat' dir='ltr'>audaciam</span> 
     </span>
     <span class='ocr_line' id='line_1_49' title="bbox 207 5061 1003 5138; baseline -0.006 -10"><span class='ocrx_word' id='word_1_277' title='bbox 207 5064 332 5130; x_wconf 90' lang='lat' dir='ltr'>clausis</span> <span class='ocrx_word' id='word_1_278' title='bbox 348 5061 453 5124; x_wconf 90' lang='lat' dir='ltr'>oculis</span> <span class='ocrx_word' id='word_1_279' title='bbox 468 5061 672 5138; x_wconf 86' lang='lat' dir='ltr'>pertransire</span> <span class='ocrx_word' id='word_1_280' title='bbox 687 5062 848 5136; x_wconf 89' lang='lat' dir='ltr'>nolentes,</span> <span class='ocrx_word' id='word_1_281' title='bbox 865 5065 1003 5125; x_wconf 88' lang='lat' dir='ltr'>univer-</span> 
     </span>
     <span class='ocr_line' id='line_1_50' title="bbox 204 5159 1002 5238; baseline -0.01 -9"><span class='ocrx_word' id='word_1_282' title='bbox 204 5164 297 5228; x_wconf 85' lang='lat' dir='ltr'>sitati</span> <span class='ocrx_word' id='word_1_283' title='bbox 310 5161 431 5225; x_wconf 87' lang='lat' dir='ltr'>vestrae</span> <span class='ocrx_word' id='word_1_284' title='bbox 446 5175 505 5238; x_wconf 91' lang='lat' dir='ltr'>per</span> <span class='ocrx_word' id='word_1_285' title='bbox 521 5159 710 5235; x_wconf 84' lang='lat' dir='ltr'>Apostolica</span> <span class='ocrx_word' id='word_1_286' title='bbox 725 5160 847 5236; x_wconf 90' lang='lat' dir='ltr'>scripta</span> <span class='ocrx_word' id='word_1_287' title='bbox 863 5161 1002 5222; x_wconf 85' lang='lat' dir='ltr'>tirmiter</span> 
     </span>
    </p>
   </div>
   <div class='ocr_carea' id='block_1_3' title="bbox 203 5265 1003 5733">
    <p class='ocr_par' dir='ltr' id='par_1_3' title="bbox 203 5265 1003 5733">
     <span class='ocr_line' id='line_1_51' title="bbox 203 5265 1002 5351; baseline -0.008 -17"><span class='ocrx_word' id='word_1_288' title='bbox 203 5268 429 5351; x_wconf 87' lang='lat' dir='ltr'>praecipiendo</span> <span class='ocrx_word' id='word_1_289' title='bbox 446 5265 653 5337; x_wconf 89' lang='lat' dir='ltr'>mandamus,</span> <span class='ocrx_word' id='word_1_290' title='bbox 674 5267 836 5341; x_wconf 89' lang='lat' dir='ltr'>quatenus</span> <span class='ocrx_word' id='word_1_291' title='bbox 850 5265 890 5326; x_wconf 91' lang='lat' dir='ltr'>ab</span> <span class='ocrx_word' id='word_1_292' title='bbox 909 5267 1002 5342; x_wconf 90' lang='lat' dir='ltr'>ipso-</span> 
     </span>
     <span class='ocr_line' id='line_1_52' title="bbox 205 5362 1003 5446; baseline -0.009 -13"><span class='ocrx_word' id='word_1_293' title='bbox 205 5386 280 5432; x_wconf 92' lang='lat' dir='ltr'>rum</span> <span class='ocrx_word' id='word_1_294' title='bbox 294 5365 453 5446; x_wconf 89' lang='lat' dir='ltr'>episcopi,</span> <span class='ocrx_word' id='word_1_295' title='bbox 472 5365 533 5440; x_wconf 75' lang='lat' dir='ltr'>ng.</span> <span class='ocrx_word' id='word_1_296' title='bbox 550 5362 731 5440; x_wconf 74' lang='lat' dir='ltr'>praepositi,</span> <span class='ocrx_word' id='word_1_297' title='bbox 752 5363 786 5424; x_wconf 90' lang='lat' dir='ltr'>at</span> <span class='ocrx_word' id='word_1_298' title='bbox 802 5363 953 5440; x_wconf 90' lang='lat' dir='ltr'>capituli,</span> <span class='ocrx_word' id='word_1_299' title='bbox 971 5365 1003 5426; x_wconf 89' lang='lat' dir='ltr'>et</span> 
     </span>
     <span class='ocr_line' id='line_1_53' title="bbox 205 5459 1002 5538; baseline -0.01 -8"><span class='ocrx_word' id='word_1_300' title='bbox 205 5467 377 5530; x_wconf 91' lang='lat' dir='ltr'>hominum</span> <span class='ocrx_word' id='word_1_301' title='bbox 401 5478 537 5525; x_wconf 90' lang='lat' dir='ltr'>suorum</span> <span class='ocrx_word' id='word_1_302' title='bbox 561 5459 846 5523; x_wconf 88' lang='lat' dir='ltr'>molestationibus</span> <span class='ocrx_word' id='word_1_303' title='bbox 870 5463 1002 5538; x_wconf 91' lang='lat' dir='ltr'>penitus</span> 
     </span>
     <span class='ocr_line' id='line_1_54' title="bbox 208 5558 1002 5636; baseline -0.005 -12"><span class='ocrx_word' id='word_1_304' title='bbox 208 5565 414 5636; x_wconf 80' lang='lat' dir='ltr'>desistentes,</span> <span class='ocrx_word' id='word_1_305' title='bbox 434 5562 474 5623; x_wconf 88' lang='lat' dir='ltr'>de</span> <span class='ocrx_word' id='word_1_306' title='bbox 494 5559 597 5622; x_wconf 87' lang='lat' dir='ltr'>illatis</span> <span class='ocrx_word' id='word_1_307' title='bbox 618 5558 682 5620; x_wconf 91' lang='lat' dir='ltr'>sibi</span> <span class='ocrx_word' id='word_1_308' title='bbox 702 5558 844 5628; x_wconf 85' lang='lat' dir='ltr'>damnis,</span> <span class='ocrx_word' id='word_1_309' title='bbox 867 5573 1002 5636; x_wconf 90' lang='lat' dir='ltr'>posses-</span> 
     </span>
     <span class='ocr_line' id='line_1_55' title="bbox 210 5655 1001 5733; baseline -0.005 -11"><span class='ocrx_word' id='word_1_310' title='bbox 210 5660 358 5723; x_wconf 88' lang='lat' dir='ltr'>sionibus</span> <span class='ocrx_word' id='word_1_311' title='bbox 372 5660 510 5732; x_wconf 85' lang='lat' dir='ltr'>invasis,</span> <span class='ocrx_word' id='word_1_312' title='bbox 528 5657 562 5722; x_wconf 91' lang='lat' dir='ltr'>et</span> <span class='ocrx_word' id='word_1_313' title='bbox 579 5656 655 5720; x_wconf 89' lang='lat' dir='ltr'>aliis</span> <span class='ocrx_word' id='word_1_314' title='bbox 671 5655 813 5719; x_wconf 91' lang='lat' dir='ltr'>diversis</span> <span class='ocrx_word' id='word_1_315' title='bbox 828 5655 1001 5733; x_wconf 80' lang='lat' dir='ltr'>gravami-</span> 
     </span>
    </p>
   </div>
   <div class='ocr_carea' id='block_1_4' title="bbox 834 304 1213 366">
    <p class='ocr_par' dir='ltr' id='par_1_4' title="bbox 834 304 1213 366">
     <span class='ocr_line' id='line_1_56' title="bbox 834 304 1213 366; baseline -0.003 0"><span class='ocrx_word' id='word_1_316' title='bbox 834 304 1062 366; x_wconf 82' lang='lat' dir='ltr'>EPISTOLAE.</span> <span class='ocrx_word' id='word_1_317' title='bbox 1085 307 1165 366; x_wconf 89' lang='lat' dir='ltr'>LlD.</span> <span class='ocrx_word' id='word_1_318' title='bbox 1189 308 1213 366; x_wconf 91' lang='grc' dir='ltr'>Ι.</span> 
     </span>
    </p>
   </div>
   <div class='ocr_carea' id='block_1_5' title="bbox 1786 310 1845 369">
    <p class='ocr_par' dir='ltr' id='par_1_5' title="bbox 1786 310 1845 369">
     <span class='ocr_line' id='line_1_57' title="bbox 1786 310 1845 369; baseline 0 0"><span class='ocrx_word' id='word_1_319' title='bbox 1786 310 1845 369; x_wconf 77' lang='grc'>298</span> 
     </span>
    </p>
   </div>
   <div class='ocr_carea' id='block_1_6' title="bbox 1047 464 1847 739">
    <p class='ocr_par' dir='ltr' id='par_1_6' title="bbox 1047 464 1847 739">
     <span class='ocr_line' id='line_1_58' title="bbox 1047 464 1847 544; baseline 0.005 -18"><span class='ocrx_word' id='word_1_320' title='bbox 1047 465 1143 528; x_wconf 89' lang='lat' dir='ltr'>nibus</span> <span class='ocrx_word' id='word_1_321' title='bbox 1158 465 1325 541; x_wconf 82' lang='lat' dir='ltr'>irrogatis,</span> <span class='ocrx_word' id='word_1_322' title='bbox 1343 464 1564 538; x_wconf 89' lang='lat' dir='ltr'>contumeliis,</span> <span class='ocrx_word' id='word_1_323' title='bbox 1580 466 1612 528; x_wconf 90' lang='lat' dir='ltr'>et</span> <span class='ocrx_word' id='word_1_324' title='bbox 1627 466 1761 544; x_wconf 82' lang='lat' dir='ltr'>injuriis</span> <span class='ocrx_word' id='word_1_325' title='bbox 1776 469 1847 530; x_wconf 86' lang='lat' dir='ltr'>ais·</span> 
     </span>
     <span class='ocr_line' id='line_1_59' title="bbox 1048 563 1843 640; baseline 0.004 -17"><span class='ocrx_word' id='word_1_326' title='bbox 1048 563 1133 635; x_wconf 91' lang='lat' dir='ltr'>dam,</span> <span class='ocrx_word' id='word_1_327' title='bbox 1149 563 1250 624; x_wconf 91' lang='lat' dir='ltr'>immo</span> <span class='ocrx_word' id='word_1_328' title='bbox 1268 565 1346 634; x_wconf 88' lang='lat' dir='ltr'>Dea,</span> <span class='ocrx_word' id='word_1_329' title='bbox 1366 579 1463 640; x_wconf 90' lang='lat' dir='ltr'>quem</span> <span class='ocrx_word' id='word_1_330' title='bbox 1483 564 1631 640; x_wconf 83' lang='lat' dir='ltr'>graviter</span> <span class='ocrx_word' id='word_1_331' title='bbox 1646 564 1843 638; x_wconf 82' lang='lat' dir='ltr'>offendistis,</span> 
     </span>
     <span class='ocr_line' id='line_1_60' title="bbox 1048 660 1847 739; baseline 0.004 -18"><span class='ocrx_word' id='word_1_332' title='bbox 1048 660 1082 721; x_wconf 93' lang='lat' dir='ltr'>in</span> <span class='ocrx_word' id='word_1_333' title='bbox 1102 661 1193 737; x_wconf 89' lang='lat' dir='ltr'>ipsos</span> <span class='ocrx_word' id='word_1_334' title='bbox 1222 661 1269 722; x_wconf 86' lang='lat' dir='ltr'>ita</span> <span class='ocrx_word' id='word_1_335' title='bbox 1293 661 1443 738; x_wconf 89' lang='lat' dir='ltr'>planaria</span> <span class='ocrx_word' id='word_1_336' title='bbox 1468 661 1662 724; x_wconf 81' lang='lat' dir='ltr'>satisfacere</span> <span class='ocrx_word' id='word_1_337' title='bbox 1685 677 1847 739; x_wconf 89' lang='lat' dir='ltr'>procura-</span> 
     </span>
    </p>
   </div>
   <div class='ocr_carea' id='block_1_7' title="bbox 1024 758 1846 836">
    <p class='ocr_par' dir='ltr' id='par_1_7' title="bbox 1024 758 1846 836">
     <span class='ocr_line' id='line_1_61' title="bbox 1024 758 1846 836; baseline 0.005 -18"><span class='ocrx_word' id='word_1_338' title='bbox 1024 825 1025 828; x_wconf 21' lang='lat'>,</span> <span class='ocrx_word' id='word_1_339' title='bbox 1047 759 1102 830; x_wconf 89' lang='lat' dir='ltr'>tis,</span> <span class='ocrx_word' id='word_1_340' title='bbox 1120 758 1206 835; x_wconf 91' lang='lat' dir='ltr'>quod</span> <span class='ocrx_word' id='word_1_341' title='bbox 1226 758 1388 820; x_wconf 71' lang='lat' dir='ltr'>exhibitio</span> <span class='ocrx_word' id='word_1_342' title='bbox 1410 758 1649 821; x_wconf 80' lang='lat' dir='ltr'>satisfactionis</span> <span class='ocrx_word' id='word_1_343' title='bbox 1671 761 1846 836; x_wconf 71' lang='lat' dir='ltr'>condigna</span> 
     </span>
    </p>
   </div>
   <div class='ocr_carea' id='block_1_8' title="bbox 1048 857 1849 2503">
    <p class='ocr_par' dir='ltr' id='par_1_8' title="bbox 1048 857 1849 2305">
     <span class='ocr_line' id='line_1_62' title="bbox 1049 857 1846 934; baseline 0.004 -17"><span class='ocrx_word' id='word_1_344' title='bbox 1049 857 1154 932; x_wconf 88' lang='lat' dir='ltr'>culpae</span> <span class='ocrx_word' id='word_1_345' title='bbox 1167 857 1309 918; x_wconf 90' lang='lat' dir='ltr'>redimat</span> <span class='ocrx_word' id='word_1_346' title='bbox 1321 857 1525 934; x_wconf 87' lang='lat' dir='ltr'>qualitatem.</span> <span class='ocrx_word' id='word_1_347' title='bbox 1542 859 1611 918; x_wconf 89' lang='lat' dir='ltr'>Nos</span> <span class='ocrx_word' id='word_1_348' title='bbox 1625 859 1713 918; x_wconf 91' lang='lat' dir='ltr'>enim</span> <span class='ocrx_word' id='word_1_349' title='bbox 1726 857 1846 920; x_wconf 90' lang='lat' dir='ltr'>dilecto</span> 
     </span>
     <span class='ocr_line' id='line_1_63' title="bbox 1050 954 1845 1019; baseline 0.005 -4"><span class='ocrx_word' id='word_1_350' title='bbox 1050 954 1118 1015; x_wconf 91' lang='lat' dir='ltr'>lilio</span> <span class='ocrx_word' id='word_1_351' title='bbox 1138 955 1251 1016; x_wconf 91' lang='lat' dir='ltr'>nostro</span> <span class='ocrx_word' id='word_1_352' title='bbox 1271 955 1454 1016; x_wconf 88' lang='lat' dir='ltr'>Bertrando</span> <span class='ocrx_word' id='word_1_353' title='bbox 1472 955 1560 1018; x_wconf 90' lang='lat' dir='ltr'>tituli</span> <span class='ocrx_word' id='word_1_354' title='bbox 1578 957 1768 1017; x_wconf 87' lang='lat' dir='ltr'>sanctorum</span> <span class='ocrx_word' id='word_1_355' title='bbox 1783 958 1845 1019; x_wconf 89' lang='lat' dir='ltr'>Jo-</span> 
     </span>
     <span class='ocr_line' id='line_1_64' title="bbox 1049 1053 1845 1132; baseline 0 -18"><span class='ocrx_word' id='word_1_356' title='bbox 1049 1053 1169 1114; x_wconf 89' lang='lat' dir='ltr'>hannis</span> <span class='ocrx_word' id='word_1_357' title='bbox 1180 1055 1213 1116; x_wconf 92' lang='lat' dir='ltr'>et</span> <span class='ocrx_word' id='word_1_358' title='bbox 1225 1053 1323 1115; x_wconf 89' lang='lat' dir='ltr'>Pauli</span> <span class='ocrx_word' id='word_1_359' title='bbox 1336 1053 1529 1131; x_wconf 82' lang='lat' dir='ltr'>presbytero</span> <span class='ocrx_word' id='word_1_360' title='bbox 1544 1054 1718 1126; x_wconf 89' lang='lat' dir='ltr'>cardinali,</span> <span class='ocrx_word' id='word_1_361' title='bbox 1735 1058 1845 1132; x_wconf 83' lang='lat' dir='ltr'>Apos-</span> 
     </span>
     <span class='ocr_line' id='line_1_65' title="bbox 1048 1151 1846 1227; baseline 0 -15"><span class='ocrx_word' id='word_1_362' title='bbox 1048 1151 1122 1212; x_wconf 86' lang='lat' dir='ltr'>licae</span> <span class='ocrx_word' id='word_1_363' title='bbox 1144 1152 1238 1212; x_wconf 87' lang='lat' dir='ltr'>Sedis</span> <span class='ocrx_word' id='word_1_364' title='bbox 1256 1151 1377 1227; x_wconf 83' lang='lat' dir='ltr'>legato,</span> <span class='ocrx_word' id='word_1_365' title='bbox 1396 1152 1520 1213; x_wconf 91' lang='lat' dir='ltr'>nostris</span> <span class='ocrx_word' id='word_1_366' title='bbox 1538 1151 1655 1212; x_wconf 90' lang='lat' dir='ltr'>damus</span> <span class='ocrx_word' id='word_1_367' title='bbox 1669 1152 1789 1213; x_wconf 90' lang='lat' dir='ltr'>litteris</span> <span class='ocrx_word' id='word_1_368' title='bbox 1811 1153 1846 1212; x_wconf 91' lang='lat' dir='ltr'>in</span> 
     </span>
     <span class='ocr_line' id='line_1_66' title="bbox 1050 1249 1846 1326; baseline -0.001 -16"><span class='ocrx_word' id='word_1_369' title='bbox 1050 1249 1224 1322; x_wconf 89' lang='lat' dir='ltr'>mandatis,</span> <span class='ocrx_word' id='word_1_370' title='bbox 1241 1251 1288 1322; x_wconf 93' lang='lat' dir='ltr'>ut,</span> <span class='ocrx_word' id='word_1_371' title='bbox 1302 1250 1432 1310; x_wconf 89' lang='lat' dir='ltr'>nisivos</span> <span class='ocrx_word' id='word_1_372' title='bbox 1449 1250 1624 1326; x_wconf 82' lang='lat' dir='ltr'>praeceptis</span> <span class='ocrx_word' id='word_1_373' title='bbox 1642 1249 1765 1311; x_wconf 90' lang='lat' dir='ltr'>nostris</span> <span class='ocrx_word' id='word_1_374' title='bbox 1781 1265 1846 1310; x_wconf 88' lang='lat' dir='ltr'>cu-</span> 
     </span>
     <span class='ocr_line' id='line_1_67' title="bbox 1049 1347 1848 1425; baseline 0 -17"><span class='ocrx_word' id='word_1_375' title='bbox 1049 1348 1205 1409; x_wconf 87' lang='lat' dir='ltr'>raveritis</span> <span class='ocrx_word' id='word_1_376' title='bbox 1224 1347 1374 1419; x_wconf 91' lang='lat' dir='ltr'>obedire,</span> <span class='ocrx_word' id='word_1_377' title='bbox 1390 1348 1611 1409; x_wconf 88' lang='lat' dir='ltr'>temeritatem</span> <span class='ocrx_word' id='word_1_378' title='bbox 1628 1347 1773 1409; x_wconf 86' lang='lat' dir='ltr'>vestram</span> <span class='ocrx_word' id='word_1_379' title='bbox 1789 1362 1848 1425; x_wconf 88' lang='lat' dir='ltr'>par</span> 
     </span>
     <span class='ocr_line' id='line_1_68' title="bbox 1050 1446 1847 1523; baseline -0.001 -16"><span class='ocrx_word' id='word_1_380' title='bbox 1050 1446 1428 1507; x_wconf 76' lang='lat' dir='ltr'>excommunicationem</span> <span class='ocrx_word' id='word_1_381' title='bbox 1449 1447 1485 1506; x_wconf 91' lang='lat' dir='ltr'>in</span> <span class='ocrx_word' id='word_1_382' title='bbox 1506 1461 1666 1523; x_wconf 88' lang='lat' dir='ltr'>personas</span> <span class='ocrx_word' id='word_1_383' title='bbox 1686 1446 1719 1507; x_wconf 89' lang='lat' dir='ltr'>et</span> <span class='ocrx_word' id='word_1_384' title='bbox 1737 1447 1847 1508; x_wconf 84' lang='lat' dir='ltr'>inter-</span> 
     </span>
     <span class='ocr_line' id='line_1_69' title="bbox 1050 1542 1848 1620; baseline 0 -17"><span class='ocrx_word' id='word_1_385' title='bbox 1050 1543 1173 1605; x_wconf 90' lang='lat' dir='ltr'>dictum</span> <span class='ocrx_word' id='word_1_386' title='bbox 1184 1543 1365 1616; x_wconf 87' lang='lat' dir='ltr'>interram,</span> <span class='ocrx_word' id='word_1_387' title='bbox 1381 1542 1511 1604; x_wconf 89' lang='lat' dir='ltr'>sublato</span> <span class='ocrx_word' id='word_1_388' title='bbox 1522 1543 1755 1620; x_wconf 88' lang='lat' dir='ltr'>appellationis</span> <span class='ocrx_word' id='word_1_389' title='bbox 1766 1543 1848 1605; x_wconf 90' lang='lat' dir='ltr'>obs-</span> 
     </span>
     <span class='ocr_line' id='line_1_70' title="bbox 1049 1640 1849 1717; baseline 0 -13"><span class='ocrx_word' id='word_1_390' title='bbox 1049 1642 1171 1712; x_wconf 88' lang='lat' dir='ltr'>taculo,</span> <span class='ocrx_word' id='word_1_391' title='bbox 1192 1643 1328 1704; x_wconf 90' lang='lat' dir='ltr'>auctore</span> <span class='ocrx_word' id='word_1_392' title='bbox 1343 1640 1495 1714; x_wconf 88' lang='lat' dir='ltr'>Domino,</span> <span class='ocrx_word' id='word_1_393' title='bbox 1511 1641 1625 1703; x_wconf 89' lang='lat' dir='ltr'>taliter</span> <span class='ocrx_word' id='word_1_394' title='bbox 1648 1641 1794 1717; x_wconf 82' lang='lat' dir='ltr'>corrigat</span> <span class='ocrx_word' id='word_1_395' title='bbox 1816 1643 1849 1704; x_wconf 86' lang='lat' dir='ltr'>at</span> 
     </span>
     <span class='ocr_line' id='line_1_71' title="bbox 1050 1739 1848 1817; baseline -0.004 -13"><span class='ocrx_word' id='word_1_396' title='bbox 1050 1741 1200 1817; x_wconf 81' lang='lat' dir='ltr'>castigat,</span> <span class='ocrx_word' id='word_1_397' title='bbox 1218 1741 1304 1817; x_wconf 89' lang='lat' dir='ltr'>quod</span> <span class='ocrx_word' id='word_1_398' title='bbox 1319 1742 1429 1802; x_wconf 90' lang='lat' dir='ltr'>vestra</span> <span class='ocrx_word' id='word_1_399' title='bbox 1444 1741 1606 1802; x_wconf 87' lang='lat' dir='ltr'>correctio</span> <span class='ocrx_word' id='word_1_400' title='bbox 1627 1739 1703 1800; x_wconf 90' lang='lat' dir='ltr'>aliis</span> <span class='ocrx_word' id='word_1_401' title='bbox 1723 1739 1848 1801; x_wconf 86' lang='lat' dir='ltr'>similia</span> 
     </span>
     <span class='ocr_line' id='line_1_72' title="bbox 1050 1838 1840 1918; baseline -0.004 -18"><span class='ocrx_word' id='word_1_402' title='bbox 1050 1839 1272 1918; x_wconf 86' lang='lat' dir='ltr'>praesumendi</span> <span class='ocrx_word' id='word_1_403' title='bbox 1300 1838 1476 1900; x_wconf 90' lang='lat' dir='ltr'>audaciam</span> <span class='ocrx_word' id='word_1_404' title='bbox 1504 1838 1704 1900; x_wconf 89' lang='lat' dir='ltr'>interdicat:</span> <span class='ocrx_word' id='word_1_405' title='bbox 1722 1838 1840 1898; x_wconf 91' lang='lat' dir='ltr'>scituri</span> 
     </span>
     <span class='ocr_line' id='line_1_73' title="bbox 1051 1933 1848 2016; baseline -0.005 -18"><span class='ocrx_word' id='word_1_406' title='bbox 1051 1937 1137 2016; x_wconf 91' lang='lat' dir='ltr'>quod</span> <span class='ocrx_word' id='word_1_407' title='bbox 1152 1937 1181 1997; x_wconf 90' lang='lat' dir='ltr'>si</span> <span class='ocrx_word' id='word_1_408' title='bbox 1195 1951 1256 1997; x_wconf 90' lang='lat' dir='ltr'>nac</span> <span class='ocrx_word' id='word_1_409' title='bbox 1271 1937 1320 1996; x_wconf 91' lang='lat' dir='ltr'>sic</span> <span class='ocrx_word' id='word_1_410' title='bbox 1335 1935 1498 1997; x_wconf 88' lang='lat' dir='ltr'>duxeritis</span> <span class='ocrx_word' id='word_1_411' title='bbox 1512 1935 1636 1997; x_wconf 82' lang='lat' dir='ltr'>etanta</span> <span class='ocrx_word' id='word_1_412' title='bbox 1650 1933 1848 1996; x_wconf 87' lang='lat' dir='ltr'>temeritatis</span> 
     </span>
     <span class='ocr_line' id='line_1_74' title="bbox 1050 2031 1847 2110; baseline -0.004 -14"><span class='ocrx_word' id='word_1_413' title='bbox 1050 2035 1191 2096; x_wconf 90' lang='lat' dir='ltr'>audacia</span> <span class='ocrx_word' id='word_1_414' title='bbox 1206 2033 1349 2106; x_wconf 89' lang='lat' dir='ltr'>resilire,</span> <span class='ocrx_word' id='word_1_415' title='bbox 1366 2032 1567 2110; x_wconf 75' lang='lat' dir='ltr'>pontificalis</span> <span class='ocrx_word' id='word_1_416' title='bbox 1587 2031 1759 2108; x_wconf 85' lang='lat' dir='ltr'>dignitatis</span> <span class='ocrx_word' id='word_1_417' title='bbox 1780 2031 1847 2093; x_wconf 92' lang='lat' dir='ltr'>ho-</span> 
     </span>
     <span class='ocr_line' id='line_1_75' title="bbox 1051 2129 1849 2209; baseline -0.004 -16"><span class='ocrx_word' id='word_1_418' title='bbox 1051 2148 1147 2204; x_wconf 92' lang='lat' dir='ltr'>nora,</span> <span class='ocrx_word' id='word_1_419' title='bbox 1172 2147 1236 2209; x_wconf 92' lang='lat' dir='ltr'>quo</span> <span class='ocrx_word' id='word_1_420' title='bbox 1258 2131 1307 2192; x_wconf 91' lang='lat' dir='ltr'>sic</span> <span class='ocrx_word' id='word_1_421' title='bbox 1326 2130 1419 2192; x_wconf 88' lang='lat' dir='ltr'>abuti</span> <span class='ocrx_word' id='word_1_422' title='bbox 1438 2131 1612 2203; x_wconf 90' lang='lat' dir='ltr'>videmini,</span> <span class='ocrx_word' id='word_1_423' title='bbox 1636 2129 1849 2192; x_wconf 89' lang='lat' dir='ltr'>denuntiabi-</span> 
     </span>
     <span class='ocr_line' id='line_1_76' title="bbox 1050 2227 1494 2305; baseline -0.005 -15"><span class='ocrx_word' id='word_1_424' title='bbox 1050 2245 1124 2290; x_wconf 92' lang='lat' dir='ltr'>mus</span> <span class='ocrx_word' id='word_1_425' title='bbox 1137 2245 1197 2290; x_wconf 88' lang='lat' dir='ltr'>vos</span> <span class='ocrx_word' id='word_1_426' title='bbox 1213 2244 1287 2289; x_wconf 90' lang='lat' dir='ltr'>esse</span> <span class='ocrx_word' id='word_1_427' title='bbox 1302 2227 1494 2305; x_wconf 79' lang='lat' dir='ltr'>privandos</span> 
     </span>
    </p>

    <p class='ocr_par' dir='ltr' id='par_1_9' title="bbox 1051 2325 1846 2503">
     <span class='ocr_line' id='line_1_77' title="bbox 1090 2325 1846 2398; baseline -0.003 -10"><span class='ocrx_word' id='word_1_428' title='bbox 1090 2327 1209 2388; x_wconf 88' lang='lat' dir='ltr'>Datum</span> <span class='ocrx_word' id='word_1_429' title='bbox 1224 2326 1391 2396; x_wconf 88' lang='lat' dir='ltr'>Laterani,</span> <span class='ocrx_word' id='word_1_430' title='bbox 1414 2325 1513 2388; x_wconf 89' lang='lat' dir='ltr'>tertio</span> <span class='ocrx_word' id='word_1_431' title='bbox 1533 2325 1694 2387; x_wconf 87' lang='lat' dir='ltr'>kalendas</span> <span class='ocrx_word' id='word_1_432' title='bbox 1717 2325 1846 2398; x_wconf 88' lang='lat' dir='ltr'>martii,</span> 
     </span>
     <span class='ocr_line' id='line_1_78' title="bbox 1051 2423 1620 2503; baseline -0.005 -16"><span class='ocrx_word' id='word_1_433' title='bbox 1051 2424 1262 2503; x_wconf 76' lang='lat' dir='ltr'>pontificatus</span> <span class='ocrx_word' id='word_1_434' title='bbox 1278 2423 1383 2485; x_wconf 90' lang='lat' dir='ltr'>nostri</span> <span class='ocrx_word' id='word_1_435' title='bbox 1398 2439 1486 2485; x_wconf 92' lang='lat' dir='ltr'>anno</span> <span class='ocrx_word' id='word_1_436' title='bbox 1503 2423 1620 2500; x_wconf 91' lang='lat' dir='ltr'>primo.</span> 
     </span>
    </p>
   </div>
   <div class='ocr_carea' id='block_1_9' title="bbox 1354 2638 1544 2726">
    <p class='ocr_par' dir='ltr' id='par_1_10' title="bbox 1354 2638 1544 2726">
     <span class='ocr_line' id='line_1_79' title="bbox 1354 2638 1544 2726; baseline 0 0"><span class='ocrx_word' id='word_1_437' title='bbox 1354 2638 1544 2726; x_wconf 81' lang='lat' dir='ltr'>ccxiiii</span> 
     </span>
    </p>
   </div>
   <div class='ocr_carea' id='block_1_10' title="bbox 1092 2827 1805 2987">
    <p class='ocr_par' dir='ltr' id='par_1_11' title="bbox 1092 2827 1805 2987">
     <span class='ocr_line' id='line_1_80' title="bbox 1092 2827 1805 2902; baseline -0.001 -11"><span class='ocrx_word' id='word_1_438' title='bbox 1092 2830 1145 2892; x_wconf 84' lang='lat' dir='ltr'>Ad</span> <span class='ocrx_word' id='word_1_439' title='bbox 1158 2831 1325 2890; x_wconf 79' lang='lat' dir='ltr'>decanum</span> <span class='ocrx_word' id='word_1_440' title='bbox 1341 2828 1375 2888; x_wconf 85' lang='lat' dir='ltr'>et</span> <span class='ocrx_word' id='word_1_441' title='bbox 1388 2827 1576 2901; x_wconf 82' lang='lat' dir='ltr'>capitulum</span> <span class='ocrx_word' id='word_1_442' title='bbox 1592 2828 1805 2902; x_wconf 77' lang='lat' dir='ltr'>thcllcttscs</span> 
     </span>
     <span class='ocr_line' id='line_1_81' title="bbox 1234 2927 1658 2987; baseline -0.005 0"><span class='ocrx_word' id='word_1_443' title='bbox 1234 2927 1476 2987; x_wconf 82' lang='lat' dir='ltr'>Noviomcnsis</span> <span class='ocrx_word' id='word_1_444' title='bbox 1492 2927 1658 2986; x_wconf 81' lang='lat' dir='ltr'>dioeccsts.</span> 
     </span>
    </p>
   </div>
   <div class='ocr_carea' id='block_1_11' title="bbox 1092 3079 1810 3256">
    <p class='ocr_par' dir='ltr' id='par_1_12' title="bbox 1092 3079 1810 3256">
     <span class='ocr_line' id='line_1_82' title="bbox 1342 3079 1556 3141; baseline -0.009 -1"><span class='ocrx_word' id='word_1_445' title='bbox 1342 3081 1377 3141; x_wconf 78' lang='lat'>28</span> <span class='ocrx_word' id='word_1_446' title='bbox 1390 3079 1460 3140; x_wconf 77' lang='lat' dir='ltr'>febr.</span> <span class='ocrx_word' id='word_1_447' title='bbox 1476 3083 1556 3141; x_wconf 74' lang='lat' dir='ltr'>llll.</span> 
     </span>
     <span class='ocr_line' id='line_1_83' title="bbox 1092 3189 1810 3256; baseline 0 -16"><span class='ocrx_word' id='word_1_448' title='bbox 1092 3191 1200 3254; x_wconf 80' lang='lat' dir='ltr'>[liegest.</span> <span class='ocrx_word' id='word_1_449' title='bbox 1216 3189 1262 3242; x_wconf 73' lang='lat' dir='ltr'>lib·</span> <span class='ocrx_word' id='word_1_450' title='bbox 1273 3190 1293 3249; x_wconf 92' lang='lat'>1,</span> <span class='ocrx_word' id='word_1_451' title='bbox 1307 3189 1383 3256; x_wconf 84' lang='lat' dir='ltr'>epist.</span> <span class='ocrx_word' id='word_1_452' title='bbox 1394 3189 1449 3240; x_wconf 76' lang='lat'>293.</span> <span class='ocrx_word' id='word_1_453' title='bbox 1465 3191 1522 3242; x_wconf 83' lang='lat' dir='ltr'>llsn</span> <span class='ocrx_word' id='word_1_454' title='bbox 1535 3191 1571 3241; x_wconf 85' lang='lat' dir='ltr'>La</span> <span class='ocrx_word' id='word_1_455' title='bbox 1583 3191 1660 3242; x_wconf 81' lang='lat' dir='ltr'>Porta</span> <span class='ocrx_word' id='word_1_456' title='bbox 1670 3189 1703 3240; x_wconf 92' lang='lat' dir='ltr'>du</span> <span class='ocrx_word' id='word_1_457' title='bbox 1715 3189 1810 3254; x_wconf 75' lang='lat' dir='ltr'>ituit]</span> 
     </span>
    </p>
   </div>
   <div class='ocr_carea' id='block_1_12' title="bbox 1052 3349 1851 3603">
    <p class='ocr_par' dir='ltr' id='par_1_13' title="bbox 1052 3349 1851 3603">
     <span class='ocr_line' id='line_1_84' title="bbox 1052 3349 1851 3427; baseline -0.008 -13"><span class='ocrx_word' id='word_1_458' title='bbox 1052 3355 1087 3414; x_wconf 84' lang='lat' dir='ltr'>tn</span> <span class='ocrx_word' id='word_1_459' title='bbox 1111 3355 1281 3427; x_wconf 86' lang='lat' dir='ltr'>magistrum</span> <span class='ocrx_word' id='word_1_460' title='bbox 1301 3355 1332 3412; x_wconf 91' lang='lat' dir='ltr'>P.</span> <span class='ocrx_word' id='word_1_461' title='bbox 1350 3352 1386 3410; x_wconf 89' lang='lat' dir='ltr'>da</span> <span class='ocrx_word' id='word_1_462' title='bbox 1400 3352 1468 3425; x_wconf 88' lang='lat' dir='ltr'>Capi</span> <span class='ocrx_word' id='word_1_463' title='bbox 1490 3352 1637 3420; x_wconf 87' lang='lat' dir='ltr'>clericum,</span> <span class='ocrx_word' id='word_1_464' title='bbox 1654 3351 1698 3409; x_wconf 93' lang='lat' dir='ltr'>cui</span> <span class='ocrx_word' id='word_1_465' title='bbox 1716 3353 1793 3424; x_wconf 86' lang='lat' dir='ltr'>Papa</span> <span class='ocrx_word' id='word_1_466' title='bbox 1821 3349 1851 3408; x_wconf 91' lang='lat' dir='ltr'>in</span> 
     </span>
     <span class='ocr_line' id='line_1_85' title="bbox 1088 3439 1847 3515; baseline -0.003 -17"><span class='ocrx_word' id='word_1_467' title='bbox 1088 3443 1214 3515; x_wconf 90' lang='lat' dir='ltr'>ipsorum</span> <span class='ocrx_word' id='word_1_468' title='bbox 1232 3441 1364 3511; x_wconf 88' lang='lat' dir='ltr'>ecclesia,</span> <span class='ocrx_word' id='word_1_469' title='bbox 1379 3439 1562 3513; x_wconf 86' lang='lat' dir='ltr'>praebendam</span> <span class='ocrx_word' id='word_1_470' title='bbox 1573 3455 1660 3512; x_wconf 89' lang='lat' dir='ltr'>quum</span> <span class='ocrx_word' id='word_1_471' title='bbox 1674 3440 1751 3496; x_wconf 89' lang='lat' dir='ltr'>nulla</span> <span class='ocrx_word' id='word_1_472' title='bbox 1762 3453 1847 3496; x_wconf 87' lang='lat' dir='ltr'>vaca·</span> 
     </span>
     <span class='ocr_line' id='line_1_86' title="bbox 1087 3528 1775 3603; baseline -0.001 -17"><span class='ocrx_word' id='word_1_473' title='bbox 1087 3537 1138 3600; x_wconf 87' lang='lat' dir='ltr'>ret,</span> <span class='ocrx_word' id='word_1_474' title='bbox 1156 3531 1364 3603; x_wconf 85' lang='lat' dir='ltr'>assignaverat,</span> <span class='ocrx_word' id='word_1_475' title='bbox 1382 3530 1411 3586; x_wconf 89' lang='grc'>111</span> <span class='ocrx_word' id='word_1_476' title='bbox 1426 3528 1597 3585; x_wconf 90' lang='lat' dir='ltr'>canonicum</span> <span class='ocrx_word' id='word_1_477' title='bbox 1614 3528 1775 3585; x_wconf 85' lang='lat' dir='ltr'>admittant.</span> 
     </span>
    </p>
   </div>
   <div class='ocr_carea' id='block_1_13' title="bbox 1052 3694 1852 3874">
    <p class='ocr_par' dir='ltr' id='par_1_14' title="bbox 1052 3694 1852 3874">
     <span class='ocr_line' id='line_1_87' title="bbox 1091 3694 1852 3769; baseline -0.004 -9"><span class='ocrx_word' id='word_1_478' title='bbox 1091 3698 1271 3769; x_wconf 89' lang='lat' dir='ltr'>Honorius,</span> <span class='ocrx_word' id='word_1_479' title='bbox 1299 3697 1374 3768; x_wconf 72' lang='lat' dir='ltr'>etc„</span> <span class='ocrx_word' id='word_1_480' title='bbox 1405 3695 1534 3757; x_wconf 90' lang='lat' dir='ltr'>dilectis</span> <span class='ocrx_word' id='word_1_481' title='bbox 1564 3694 1641 3756; x_wconf 90' lang='lat' dir='ltr'>liliis</span> <span class='ocrx_word' id='word_1_482' title='bbox 1667 3694 1794 3756; x_wconf 88' lang='lat' dir='ltr'>decano</span> <span class='ocrx_word' id='word_1_483' title='bbox 1817 3694 1852 3757; x_wconf 93' lang='lat' dir='ltr'>et</span> 
     </span>
     <span class='ocr_line' id='line_1_88' title="bbox 1052 3791 1775 3874; baseline -0.007 -16"><span class='ocrx_word' id='word_1_484' title='bbox 1052 3795 1197 3874; x_wconf 89' lang='lat' dir='ltr'>capitulo</span> <span class='ocrx_word' id='word_1_485' title='bbox 1213 3794 1378 3870; x_wconf 85' lang='lat' dir='ltr'>Nigallen.</span> <span class='ocrx_word' id='word_1_486' title='bbox 1395 3792 1591 3854; x_wconf 89' lang='lat' dir='ltr'>Novioman.</span> <span class='ocrx_word' id='word_1_487' title='bbox 1609 3791 1775 3854; x_wconf 87' lang='lat' dir='ltr'>dioecesis.</span> 
     </span>
    </p>
   </div>
   <div class='ocr_carea' id='block_1_14' title="bbox 1092 3891 1952 3970">
    <p class='ocr_par' dir='ltr' id='par_1_15' title="bbox 1092 3891 1952 3970">
     <span class='ocr_line' id='line_1_89' title="bbox 1092 3891 1952 3970; baseline -0.005 -14"><span class='ocrx_word' id='word_1_488' title='bbox 1092 3895 1238 3956; x_wconf 83' lang='lat' dir='ltr'>Dilectus</span> <span class='ocrx_word' id='word_1_489' title='bbox 1255 3893 1344 3954; x_wconf 87' lang='lat' dir='ltr'>iilius</span> <span class='ocrx_word' id='word_1_490' title='bbox 1360 3892 1519 3968; x_wconf 82' lang='lat' dir='ltr'>magister</span> <span class='ocrx_word' id='word_1_491' title='bbox 1531 3894 1569 3952; x_wconf 86' lang='lat' dir='ltr'>P.</span> <span class='ocrx_word' id='word_1_492' title='bbox 1583 3891 1623 3953; x_wconf 90' lang='lat' dir='ltr'>de</span> <span class='ocrx_word' id='word_1_493' title='bbox 1638 3891 1729 3970; x_wconf 84' lang='lat' dir='ltr'>Capi,</span> <span class='ocrx_word' id='word_1_494' title='bbox 1747 3891 1850 3952; x_wconf 90' lang='lat' dir='ltr'>cleri·-</span> <span class='ocrx_word' id='word_1_495' title='bbox 1948 3953 1952 3960; x_wconf 82' lang='grc'><em>,</em></span> 
     </span>
    </p>
   </div>
   <div class='ocr_carea' id='block_1_15' title="bbox 1052 3989 1931 5438">
    <p class='ocr_par' dir='ltr' id='par_1_16' title="bbox 1052 3989 1931 5438">
     <span class='ocr_line' id='line_1_90' title="bbox 1053 3989 1851 4066; baseline -0.006 -10"><span class='ocrx_word' id='word_1_496' title='bbox 1053 4009 1122 4066; x_wconf 91' lang='lat' dir='ltr'>cus,</span> <span class='ocrx_word' id='word_1_497' title='bbox 1158 4009 1219 4054; x_wconf 90' lang='lat' dir='ltr'>sua</span> <span class='ocrx_word' id='word_1_498' title='bbox 1253 3991 1349 4054; x_wconf 86' lang='lat' dir='ltr'>nobis</span> <span class='ocrx_word' id='word_1_499' title='bbox 1382 3991 1609 4052; x_wconf 89' lang='lat' dir='ltr'>insinuatione</span> <span class='ocrx_word' id='word_1_500' title='bbox 1643 3989 1851 4062; x_wconf 88' lang='lat' dir='ltr'>monstravit,</span> 
     </span>
     <span class='ocr_line' id='line_1_91' title="bbox 1053 4087 1852 4171; baseline -0.008 -17"><span class='ocrx_word' id='word_1_501' title='bbox 1053 4092 1230 4171; x_wconf 91' lang='lat' dir='ltr'>quodcum</span> <span class='ocrx_word' id='word_1_502' title='bbox 1247 4089 1341 4151; x_wconf 90' lang='lat' dir='ltr'>vobis</span> <span class='ocrx_word' id='word_1_503' title='bbox 1356 4089 1547 4150; x_wconf 89' lang='lat' dir='ltr'>dederimus</span> <span class='ocrx_word' id='word_1_504' title='bbox 1566 4089 1602 4148; x_wconf 94' lang='lat' dir='ltr'>in</span> <span class='ocrx_word' id='word_1_505' title='bbox 1623 4087 1799 4160; x_wconf 88' lang='lat' dir='ltr'>mandatis,</span> <span class='ocrx_word' id='word_1_506' title='bbox 1817 4089 1852 4148; x_wconf 91' lang='lat' dir='ltr'>ut</span> 
     </span>
     <span class='ocr_line' id='line_1_92' title="bbox 1053 4183 1851 4262; baseline -0.013 -10"><span class='ocrx_word' id='word_1_507' title='bbox 1053 4189 1204 4252; x_wconf 90' lang='lat' dir='ltr'>eumdem</span> <span class='ocrx_word' id='word_1_508' title='bbox 1215 4189 1249 4248; x_wconf 93' lang='lat' dir='ltr'>in</span> <span class='ocrx_word' id='word_1_509' title='bbox 1260 4183 1851 4262; x_wconf 83' lang='lat' dir='ltr'>canonicumreciperitisettratrem,</span> 
     </span>
     <span class='ocr_line' id='line_1_93' title="bbox 1052 4281 1852 4357; baseline -0.009 -8"><span class='ocrx_word' id='word_1_510' title='bbox 1052 4304 1112 4350; x_wconf 88' lang='lat' dir='ltr'>vos</span> <span class='ocrx_word' id='word_1_511' title='bbox 1126 4287 1159 4347; x_wconf 92' lang='lat' dir='ltr'>id</span> <span class='ocrx_word' id='word_1_512' title='bbox 1176 4285 1309 4347; x_wconf 84' lang='lat' dir='ltr'>allicere</span> <span class='ocrx_word' id='word_1_513' title='bbox 1326 4300 1392 4344; x_wconf 90' lang='lat' dir='ltr'>non</span> <span class='ocrx_word' id='word_1_514' title='bbox 1408 4282 1563 4354; x_wconf 88' lang='lat' dir='ltr'>curastis,</span> <span class='ocrx_word' id='word_1_515' title='bbox 1581 4282 1658 4343; x_wconf 90' lang='lat' dir='ltr'>licet</span> <span class='ocrx_word' id='word_1_516' title='bbox 1674 4297 1774 4357; x_wconf 89' lang='lat' dir='ltr'>super</span> <span class='ocrx_word' id='word_1_517' title='bbox 1789 4281 1852 4342; x_wconf 91' lang='lat' dir='ltr'>hoc</span> 
     </span>
     <span class='ocr_line' id='line_1_94' title="bbox 1053 4377 1853 4446; baseline -0.01 0"><span class='ocrx_word' id='word_1_518' title='bbox 1053 4403 1072 4446; x_wconf 92' lang='lat' dir='ltr'>a</span> <span class='ocrx_word' id='word_1_519' title='bbox 1097 4383 1228 4445; x_wconf 89' lang='lat' dir='ltr'>dilectis</span> <span class='ocrx_word' id='word_1_520' title='bbox 1255 4382 1333 4442; x_wconf 86' lang='lat' dir='ltr'>filiis</span> <span class='ocrx_word' id='word_1_521' title='bbox 1359 4380 1479 4442; x_wconf 88' lang='lat' dir='ltr'>abbata</span> <span class='ocrx_word' id='word_1_522' title='bbox 1502 4379 1610 4440; x_wconf 89' lang='lat' dir='ltr'>sancti</span> <span class='ocrx_word' id='word_1_523' title='bbox 1630 4379 1793 4441; x_wconf 87' lang='lat' dir='ltr'>Johannis</span> <span class='ocrx_word' id='word_1_524' title='bbox 1817 4377 1853 4439; x_wconf 91' lang='lat' dir='ltr'>in</span> 
     </span>
     <span class='ocr_line' id='line_1_95' title="bbox 1053 4475 1851 4556; baseline -0.011 -11"><span class='ocrx_word' id='word_1_525' title='bbox 1053 4483 1168 4545; x_wconf 86' lang='lat' dir='ltr'>Vineis</span> <span class='ocrx_word' id='word_1_526' title='bbox 1186 4481 1219 4542; x_wconf 94' lang='lat' dir='ltr'>et</span> <span class='ocrx_word' id='word_1_527' title='bbox 1233 4479 1369 4556; x_wconf 83' lang='lat' dir='ltr'>collegis</span> <span class='ocrx_word' id='word_1_528' title='bbox 1390 4479 1494 4556; x_wconf 87' lang='lat' dir='ltr'>ipsius</span> <span class='ocrx_word' id='word_1_529' title='bbox 1514 4477 1646 4538; x_wconf 80' lang='lat' dir='ltr'>inieritis</span> <span class='ocrx_word' id='word_1_530' title='bbox 1663 4475 1781 4556; x_wconf 85' lang='lat' dir='ltr'>moniti</span> <span class='ocrx_word' id='word_1_531' title='bbox 1796 4475 1851 4536; x_wconf 92' lang='lat' dir='ltr'>di-</span> 
     </span>
     <span class='ocr_line' id='line_1_96' title="bbox 1054 4573 1852 4657; baseline -0.006 -16"><span class='ocrx_word' id='word_1_532' title='bbox 1054 4573 1852 4657; x_wconf 81' lang='lat' dir='ltr'>ligenter,hujusmodiaxcusationisobstaculum</span> 
     </span>
     <span class='ocr_line' id='line_1_97' title="bbox 1054 4673 1850 4758; baseline -0.008 -18"><span class='ocrx_word' id='word_1_533' title='bbox 1054 4677 1308 4758; x_wconf 88' lang='lat' dir='ltr'>praetendentes,</span> <span class='ocrx_word' id='word_1_534' title='bbox 1331 4675 1416 4754; x_wconf 90' lang='lat' dir='ltr'>quod</span> <span class='ocrx_word' id='word_1_535' title='bbox 1442 4691 1517 4736; x_wconf 92' lang='lat' dir='ltr'>cum</span> <span class='ocrx_word' id='word_1_536' title='bbox 1537 4673 1629 4734; x_wconf 89' lang='lat' dir='ltr'>nulla</span> <span class='ocrx_word' id='word_1_537' title='bbox 1651 4673 1687 4733; x_wconf 92' lang='lat' dir='ltr'>in</span> <span class='ocrx_word' id='word_1_538' title='bbox 1707 4673 1850 4734; x_wconf 86' lang='lat' dir='ltr'>ecclesia</span> 
     </span>
     <span class='ocr_line' id='line_1_98' title="bbox 1054 4771 1854 4853; baseline -0.013 -13"><span class='ocrx_word' id='word_1_539' title='bbox 1054 4777 1165 4840; x_wconf 89' lang='lat' dir='ltr'>vestra</span> <span class='ocrx_word' id='word_1_540' title='bbox 1187 4774 1365 4853; x_wconf 86' lang='lat' dir='ltr'>praebenda</span> <span class='ocrx_word' id='word_1_541' title='bbox 1384 4775 1530 4846; x_wconf 88' lang='lat' dir='ltr'>vacaret,</span> <span class='ocrx_word' id='word_1_542' title='bbox 1543 4789 1602 4834; x_wconf 92' lang='lat' dir='ltr'>vos</span> <span class='ocrx_word' id='word_1_543' title='bbox 1622 4771 1663 4832; x_wconf 89' lang='lat' dir='ltr'>ad</span> <span class='ocrx_word' id='word_1_544' title='bbox 1685 4771 1854 4848; x_wconf 91' lang='lat' dir='ltr'>recipien-</span> 
     </span>
     <span class='ocr_line' id='line_1_99' title="bbox 1056 4861 1931 4951; baseline -0.008 -15"><span class='ocrx_word' id='word_1_545' title='bbox 1056 4876 1132 4936; x_wconf 92' lang='lat' dir='ltr'>dum</span> <span class='ocrx_word' id='word_1_546' title='bbox 1154 4874 1299 4951; x_wconf 90' lang='lat' dir='ltr'>aliquem</span> <span class='ocrx_word' id='word_1_547' title='bbox 1327 4873 1361 4932; x_wconf 91' lang='lat' dir='ltr'>in</span> <span class='ocrx_word' id='word_1_548' title='bbox 1387 4871 1595 4941; x_wconf 89' lang='lat' dir='ltr'>canonicum,</span> <span class='ocrx_word' id='word_1_549' title='bbox 1622 4884 1688 4930; x_wconf 92' lang='lat' dir='ltr'>non</span> <span class='ocrx_word' id='word_1_550' title='bbox 1711 4869 1854 4930; x_wconf 88' lang='lat' dir='ltr'>vacante</span> <span class='ocrx_word' id='word_1_551' title='bbox 1930 4861 1931 4866; x_wconf 68' lang='grc'>’</span> 
     </span>
     <span class='ocr_line' id='line_1_100' title="bbox 1056 4964 1854 5050; baseline -0.01 -16"><span class='ocrx_word' id='word_1_552' title='bbox 1056 4971 1246 5050; x_wconf 88' lang='lat' dir='ltr'>praebenda,</span> <span class='ocrx_word' id='word_1_553' title='bbox 1276 4969 1386 5030; x_wconf 89' lang='lat' dir='ltr'>dicitis</span> <span class='ocrx_word' id='word_1_554' title='bbox 1416 4984 1482 5029; x_wconf 91' lang='lat' dir='ltr'>non</span> <span class='ocrx_word' id='word_1_555' title='bbox 1509 4966 1628 5038; x_wconf 91' lang='lat' dir='ltr'>teneri,</span> <span class='ocrx_word' id='word_1_556' title='bbox 1658 4981 1759 5042; x_wconf 90' lang='lat' dir='ltr'>super</span> <span class='ocrx_word' id='word_1_557' title='bbox 1790 4964 1854 5026; x_wconf 89' lang='lat' dir='ltr'>hoc</span> 
     </span>
     <span class='ocr_line' id='line_1_101' title="bbox 1057 5061 1852 5142; baseline -0.011 -11"><span class='ocrx_word' id='word_1_558' title='bbox 1057 5067 1329 5131; x_wconf 89' lang='lat' dir='ltr'>consuetudinem</span> <span class='ocrx_word' id='word_1_559' title='bbox 1351 5066 1384 5126; x_wconf 89' lang='lat' dir='ltr'>at</span> <span class='ocrx_word' id='word_1_560' title='bbox 1402 5064 1554 5142; x_wconf 86' lang='lat' dir='ltr'>quaedam</span> <span class='ocrx_word' id='word_1_561' title='bbox 1574 5061 1761 5139; x_wconf 80' lang='lat' dir='ltr'>privilegia,</span> <span class='ocrx_word' id='word_1_562' title='bbox 1779 5078 1852 5138; x_wconf 78' lang='lat' dir='ltr'>quaa</span> 
     </span>
     <span class='ocr_line' id='line_1_102' title="bbox 1057 5159 1854 5237; baseline -0.013 -7"><span class='ocrx_word' id='word_1_563' title='bbox 1057 5159 1854 5237; x_wconf 82' lang='lat' dir='ltr'>contrahoc,tenorediligenterinspect0,iacara</span> 
     </span>
     <span class='ocr_line' id='line_1_103' title="bbox 1057 5256 1851 5336; baseline -0.015 -8"><span class='ocrx_word' id='word_1_564' title='bbox 1057 5281 1124 5328; x_wconf 91' lang='lat' dir='ltr'>non</span> <span class='ocrx_word' id='word_1_565' title='bbox 1150 5261 1341 5330; x_wconf 89' lang='lat' dir='ltr'>creduntur,</span> <span class='ocrx_word' id='word_1_566' title='bbox 1370 5259 1628 5336; x_wconf 84' lang='lat' dir='ltr'>superficialiter</span> <span class='ocrx_word' id='word_1_567' title='bbox 1656 5256 1851 5333; x_wconf 78' lang='lat' dir='ltr'>allegantes.</span> 
     </span>
     <span class='ocr_line' id='line_1_104' title="bbox 1057 5355 1853 5438; baseline -0.013 -13"><span class='ocrx_word' id='word_1_568' title='bbox 1057 5365 1137 5425; x_wconf 86' lang='lat' dir='ltr'>Cum</span> <span class='ocrx_word' id='word_1_569' title='bbox 1162 5361 1266 5438; x_wconf 78' lang='lat' dir='ltr'>igitur</span> <span class='ocrx_word' id='word_1_570' title='bbox 1279 5358 1374 5436; x_wconf 91' lang='lat' dir='ltr'>quod</span> <span class='ocrx_word' id='word_1_571' title='bbox 1397 5358 1437 5420; x_wconf 89' lang='lat' dir='ltr'>da</span> <span class='ocrx_word' id='word_1_572' title='bbox 1456 5355 1594 5434; x_wconf 90' lang='lat' dir='ltr'>praelato</span> <span class='ocrx_word' id='word_1_573' title='bbox 1616 5355 1778 5431; x_wconf 83' lang='lat' dir='ltr'>magistro</span> <span class='ocrx_word' id='word_1_574' title='bbox 1800 5355 1853 5432; x_wconf 92' lang='lat' dir='ltr'>pia</span> 
     </span>
    </p>
   </div>
   <div class='ocr_carea' id='block_1_16' title="bbox 1056 5453 1855 5734">
    <p class='ocr_par' dir='ltr' id='par_1_17' title="bbox 1056 5453 1855 5734">
     <span class='ocr_line' id='line_1_105' title="bbox 1056 5453 1855 5538; baseline -0.011 -15"><span class='ocrx_word' id='word_1_575' title='bbox 1056 5461 1253 5538; x_wconf 89' lang='lat' dir='ltr'>incepimus,</span> <span class='ocrx_word' id='word_1_576' title='bbox 1284 5457 1427 5518; x_wconf 90' lang='lat' dir='ltr'>nolimus</span> <span class='ocrx_word' id='word_1_577' title='bbox 1457 5454 1647 5532; x_wconf 87' lang='lat' dir='ltr'>relinquere</span> <span class='ocrx_word' id='word_1_578' title='bbox 1677 5453 1855 5532; x_wconf 87' lang='lat' dir='ltr'>imperiec-</span> 
     </span>
     <span class='ocr_line' id='line_1_106' title="bbox 1057 5551 1855 5634; baseline -0.011 -12"><span class='ocrx_word' id='word_1_579' title='bbox 1057 5561 1137 5631; x_wconf 93' lang='lat' dir='ltr'>tum,</span> <span class='ocrx_word' id='word_1_580' title='bbox 1155 5573 1207 5630; x_wconf 90' lang='lat' dir='ltr'>na,</span> <span class='ocrx_word' id='word_1_581' title='bbox 1223 5555 1308 5634; x_wconf 92' lang='lat' dir='ltr'>qnod</span> <span class='ocrx_word' id='word_1_582' title='bbox 1324 5554 1421 5627; x_wconf 88' lang='lat' dir='ltr'>absit,</span> <span class='ocrx_word' id='word_1_583' title='bbox 1438 5553 1525 5614; x_wconf 90' lang='lat' dir='ltr'>idam</span> <span class='ocrx_word' id='word_1_584' title='bbox 1539 5551 1596 5629; x_wconf 90' lang='lat' dir='ltr'>qui</span> <span class='ocrx_word' id='word_1_585' title='bbox 1609 5553 1666 5614; x_wconf 92' lang='lat' dir='ltr'>diu</span> <span class='ocrx_word' id='word_1_586' title='bbox 1678 5553 1855 5615; x_wconf 90' lang='lat' dir='ltr'>scholasti-</span> 
     </span>
     <span class='ocr_line' id='line_1_107' title="bbox 1058 5650 1851 5734; baseline -0.01 -16"><span class='ocrx_word' id='word_1_587' title='bbox 1058 5656 1105 5718; x_wconf 92' lang='lat' dir='ltr'>cis</span> <span class='ocrx_word' id='word_1_588' title='bbox 1130 5654 1327 5734; x_wconf 77' lang='lat' dir='ltr'>discipliniS,</span> <span class='ocrx_word' id='word_1_589' title='bbox 1352 5653 1438 5714; x_wconf 91' lang='lat' dir='ltr'>sicut</span> <span class='ocrx_word' id='word_1_590' title='bbox 1461 5650 1661 5728; x_wconf 73' lang='lat' dir='ltr'>accepimus</span> <span class='ocrx_word' id='word_1_591' title='bbox 1672 5650 1851 5723; x_wconf 88' lang='lat' dir='ltr'>insudavit,</span> 
     </span>
    </p>
   </div>
   <div class='ocr_carea' id='block_1_17' title="bbox 0 0 2135 6404">
    <p class='ocr_par' dir='ltr' id='par_1_18' title="bbox 0 0 2135 6404">
     <span class='ocr_line' id='line_1_108' title="bbox 0 0 2135 6404; baseline 0 0"><span class='ocrx_word' id='word_1_592' title='bbox 0 0 2135 6404; x_wconf 95' lang='lat' dir='ltr'> </span> 
     </span>
    </p>
   </div>
  </div>
 </body>
</html>
