4162 6424
360 241 420 298 aas
773 315 776 322 .
982 247 1155 310 rrcsonn
1179 251 1223 310 nr
1245 251 1392 312 ornan.
1937 272 1976 334 nl

360 397 525 477 episcopis
540 401 574 462 in
588 419 727 478 quorum
741 404 938 466 dioecesibus
951 412 1028 468 sunt
1042 407 1159 468 domus
1370 410 1378 424 ⁴
1544 421 1683 510 CXXX

359 497 580 572 carthusien,
602 500 729 562 ordinis
750 501 950 576 constituta,
969 504 1159 568 salutemet
1799 555 1802 562 ·

358 595 574 672 apostolicam
590 596 865 660 benedictionem.
1211 562 1427 635 adpeterent
1437 562 1690 626 etconventum
1700 568 1974 642 compendiensem.

399 692 503 763 Quum
536 693 649 756 dilecti
672 694 734 756 nhi
760 696 881 759 iratres
908 697 1156 760 carthusiensis
1517 675 1605 735 Meh-
1622 679 1707 738 ¹²¹⁸·

358 790 495 861 ordinis,
512 790 657 868 acceptis
677 795 794 870 pennis
814 795 975 857 columbae
988 795 1023 855 ln
1036 796 1156 857 mentis
1242 778 1362 843 [neget.‚
1377 780 1422 831 fib·
1433 781 1465 840 ¹¹·
1476 782 1551 845 ⁰9³⁸&
1562 782 1618 833 ⁸³³·
1634 785 1695 834 ⁵¹⁵⁸·
1709 785 1747 835 ¹⁴²
1759 787 1829 836 P⁰¹2⁶
1840 788 1871 838 ‘¹¹¹
1881 791 1954 858 nem

357 885 568 949 solitudinem
589 890 764 958 evolarint,
790 893 924 969 illicque
948 893 1100 970 proauis
1123 895 1157 955 et
1210 876 1252 933 ΝΘ
1262 892 1400 950 l0l⁸⁰¹¹⁸⁸
1410 879 1454 980 01}
1465 879 1593 938 subditas
1603 881 1712 954 alihuiss
1721 889 1974 950 excommunicatione

356 985 498 1046 aliorum
523 988 666 1062 peccatis
692 990 862 1064 gemendis
887 990 922 1051 in
946 1005 1005 1052 ara
1032 990 1152 1061 cordis,
1380 966 1426 1023 vel
1441 967 1591 1026 'meldim
1606 971 1841 1045 ⁸¹¹issflf⁰ll⁰⁸⁸¹i

356 1083 509 1145 mactatis
537 1085 726 1146 carnalibus
753 1085 945 1159 desideriis,
973 1087 1154 1149 holocaus-
1249 1082 1428 1155 H0n0rius‚
1451 1085 1527 1157 eth,
1551 1085 1685 1148 dilectis
1709 1087 1823 1150 filiis..
1845 1093 1931 1167 priori
1951 1097 1972 1157 et

356 1181 425 1240 tum
436 1180 613 1243 offerentes
624 1183 763 1245 Domino
774 1185 1032 1262 semetipsos,ne
1041 1184 1152 1262 pedes,
1209 1180 1386 1240 conventui
1399 1181 1666 1258 Compendiansi.

355 1294 438 1355 quos
458 1277 620 1352 laverant,
642 1283 805 1356 cogantur
822 1281 942 1344 iterum
964 1283 1151 1360 inquinare,
1247 1275 1352 1338 Justis
1367 1278 1562 1353 petentium,
1579 1296 1690 1355 usque
1706 1299 1718 1342 .·
1737 1284 1922 1360 complere...
1941 1291 1971 1350 Ea

355 1374 554 1438 fraternitati
579 1378 698 1439 vestrae
725 1395 784 1455 per
811 1379 1000 1456 apostolica
1030 1381 1153 1458 scripta
1208 1373 1344 1450 propter
1357 1390 1464 1450 usone
1476 1393 1489 1436 .·
1499 1392 1679 1439 assensu...
1697 1381 1892 1444 anctoritate
1908 1401 1970 1460 pra-

354 1473 562 1546 mandamus‚
575 1477 738 1551 qnatenus
753 1476 891 1553 quilibet
902 1478 1048 1539 vestrum
1060 1493 1154 1554 paro-
1208 1471 1352 1533 sentium
1376 1472 1567 1538 inhibemus
1582 1492 1624 1537 lle
1641 1477 1768 1554 aliquis
1782 1479 1969 1558 archiepisco-

353 1570 492 1631 chianos
505 1588 593 1642 succ,
608 1573 663 1649 qui
675 1587 731 1634 eos
744 1574 1152 1652 praesumpserinttemere
1208 1583 1335 1644 limum,
1363 1570 1415 1631 vel
1438 1571 1683 1649 epiSCOPOPUm,
1714 1591 1773 1636 seu
1787 1575 1849 1636 fllia
1864 1593 1968 1653 persona

353 1668 542 1740 molestare,
569 1671 604 1731 ut
618 1685 718 1746 super
737 1670 799 1732 hoc
820 1671 869 1734 eis
884 1669 1028 1733 debitam
1050 1671 1152 1733 satis·
1207 1665 1450 1738 ecclesiastica,
1478 1668 1722 1732 ministeriales
1742 1687 1801 1732 seu
1825 1675 1968 1734 servientes

351 1765 528 1829 factionem
543 1767 748 1844 impendant,
764 1769 945 1831 monitione
965 1768 1150 1846 praemissa,
1207 1763 1400 1825 monasterii
1422 1766 1524 1827 vestri
1539 1766 1574 1827 in
1589 1767 1700 1844 ipsius
1722 1767 1879 1846 obsequiis
1894 1771 1967 1831 insis-

351 1878 411 1940 per
438 1880 613 1926 censuram
642 1866 905 1930 ecclesiasticam
927 1867 1152 1946 appellatione
1206 1861 1322 1934 tantos,
1336 1861 1546 1936 interdicere,
1559 1864 1612 1926 Vel
1624 1867 1903 1927 0¹00m1111111i0³r0
1912 1884 1968 1944 oth

351 1963 478 2022 remota
496 1964 682 2040 compellat.
1207 1959 1325 2030 sumat,
1347 1960 1494 2035 quandiu
1510 1976 1569 2022 vos
1592 1962 1704 2038 parati
1728 1963 1806 2024 estis
1827 1963 1862 2024 de
1875 1963 1966 2024 illish

392 2059 431 2120 Et
443 2059 599 2135 quoniam
612 2060 723 2132 iidem,
738 2061 774 2122 ut
788 2061 964 2134 eredimus,
977 2061 1017 2122 ad
1030 2061 1152 2124 calum·
1206 2055 1300 2117 curia
1324 2057 1436 2118 restra
1460 2056 1596 2120 cuilibet
1626 2060 1841 2137 conquerenti
1863 2059 1966 2137 justitie

352 2155 442 2216 niam
465 2157 685 2233 proiecerunt,
711 2159 908 2220 auctoritate
936 2159 1150 2235 praesentium
1206 2153 1443 2228 plenitudinem
1454 2155 1625 2224 exhibere,
1640 2157 1708 2217 nisi
1726 2157 1835 2217 forsan
1846 2172 1964 2217 excessus

351 2252 551 2325 inhibemus,
568 2269 609 2316 ne
624 2253 698 2331 quis
711 2255 839 2332 priores
855 2271 914 2316 seu
929 2254 1049 2318 iratres
1064 2257 1151 2318 ordi·
1205 2250 1248 2312 Sil
1280 2249 1363 2312 ἃᾶθο
1393 2252 1604 2325 manifestus,
1642 2254 1732 2332 quod
1758 2253 1964 2332 jusfiflfflfiffllit

350 2350 403 2411 nis
432 2353 606 2413 memorati
634 2351 745 2412 subire
770 2352 945 2430 compellat
972 2352 1149 2416 calumniae
1205 2347 1297 2408 locus
1319 2348 1431 2410 nullus
1446 2350 1579 2422 existat,
1603 2367 1665 2413 seu
1680 2351 1728 2413 ita
1744 2352 1886 2423 enormia,
1904 2349 1961 2426 quod

346 2449 583 2523 juramentum,
612 2464 674 2510 nec
695 2449 795 2512 iidem
811 2451 852 2511 ad
868 2449 1151 2514 terendumtesti·
1205 2444 1246 2505 ad
1272 2447 1420 2507 vestrum
1446 2446 1611 2524 iudicium
1643 2463 1712 2510 non
1742 2448 1903 2526 pertineat,
1928 2445 1961 2504 ill

349 2544 497 2606 monium
513 2545 796 2621 coganturinviti.
1199 2542 1416 2619 judiciarium
1448 2543 1598 2606 ordinem
1625 2562 1695 2622 non
1725 2543 1873 2623 requirat.
1898 2543 1960 2603 Nulli

389 2644 507 2704 hatum
534 2645 701 2717 Laterani,
730 2645 845 2722 quinto
873 2645 949 2707 idus
976 2646 1146 2719 februarii,
1204 2655 1294 2716 θΐεθ,
1314 2642 1389 2714 ete,
1409 2644 1533 2704 nosirae
1553 2629 1777 2706 inhibitionis·
1798 2642 1831 2702 Si
1845 2641 1960 2718 luisti·

349 2739 560 2818 pontificatus
575 2742 681 2804 nostri
696 2758 786 2804 anno
801 2743 957 2806 secundo.
1203 2739 1280 2807 tem,
1306 2739 1368 2798 ete.
1397 2739 1516 2801 Datum
1538 2739 1698 2802 Laterani
1722 2739 1831 2818 quinto
1848 2737 1909 2798 idus
1927 2734 1960 2793 ie

1203 2833 1332 2896 bruarii
1343 2850 1432 2898 anno
1447 2837 1603 2900 secundo.

433 3071 485 3129 Ad
499 3069 655 3130 montem
670 3071 704 3131 et
718 3071 925 3133 concentione
943 3071 1064 3132 Sancti
1522 2997 1681 3085 CXXXI
1904 3137 1908 3148 Ι

528 3169 773 3240 summersam
788 3169 967 3231 Maiensis,
1202 3141 1253 3200 Ad
1266 3141 1433 3200 decessum
1442 3141 1638 3213 Suconcct„
1652 3139 1956 3202 corttorernb'ooson.

1242 3237 1276 3297 θΐ
1283 3239 1439 3310 militem
1453 3239 1565 3299 soracti
1578 3240 1716 3302 Nicolol
1730 3237 1888 3298 suession.
1897 3233 1956 3290 dic·

659 3297 676 3355 e
691 3295 746 3356 leb.
761 3299 840 3356 liltl.
1241 3336 1339 3396 oms·

379 3411 498 3476 [Regest.,
514 3409 559 3462 lib.
572 3412 603 3471 ll,
614 3412 689 3476 epist.
700 3413 756 3463 83l.
767 3415 825 3465 llas.
838 3413 875 3465 La
889 3415 966 3464 Porte
976 3413 1012 3465 du
1022 3414 1115 3482 rhen]
1508 3412 1525 3470 9
1539 3409 1595 3470 seh.
1613 3413 1694 3472 lala
1733 3381 1734 3386 Ἰ

416 3518 630 3577 'Possessioues
644 3520 720 3578 illius
734 3528 893 3579 conventus
906 3521 1066 3580 contlrmat.
1234 3518 1355 3584 [Raima
1366 3517 1413 3568 lib.
1429 3518 1460 3575 11,
1473 3517 1548 3584 eptst.
1559 3519 1614 3570 ⁸³⁹·
1628 3521 1690 3571 llss.
1701 3521 1736 3570 le
1748 3519 1817 3570 Pone
1826 3515 1855 3565 du
1865 3509 1933 3572 nh]

386 3637 568 3710 honorius,
600 3639 675 3706 ete,
707 3638 839 3701 oslacus
867 3639 945 3700 nisis
976 3639 1088 3702 aunan
1114 3641 1147 3702 et
1201 3614 1951 3696 tunulumetmitramwnoehtsbbaticomnndirt·

347 3735 525 3796 conventui
541 3737 654 3797 Sancti
671 3737 906 3812 symphoriani
924 3739 1045 3799 Meten.
1241 3737 1419 3810 Honorius,
1440 3741 1518 3810 etc,
1532 3737 1664 3800 dilectis
1686 3736 1764 3798 nliis
1778 3733 1890 3794 decem
1906 3724 1951 3828 Sil.

386 3833 492 3903 Quum
509 3847 528 3890 a
545 3831 641 3892 nohis
656 3833 815 3908 petitur...
834 3848 940 3908 usqne
952 3851 963 3895 .·
978 3835 1145 3912 perduca-
1201 3836 1399 3897 vanecten...
1423 3835 1551 3897 cantori
1571 3835 1780 3902 Noriomen„
1803 3831 1865 3890 el...
1879 3823 1949 3900 privil

345 3927 578 3989 tureffectum.
592 3931 638 3988 lia
654 3931 797 4005 propter,
823 3945 930 4004 usone
945 3948 956 3991 .·
967 3947 1143 3994 assensu...
1202 3933 1314 3993 Sancti
1336 3932 1467 3994 Nicolai
1488 3933 1523 3994 in
1546 3935 1651 3995 Bosco
1677 3930 1876 3994 Suessiones.
1892 3919 1950 3980 die·

347 4024 529 4086 Ecclesiam
550 4026 663 4087 Sancti
691 4026 850 4103 Stephani
870 4028 910 4088 de
931 4031 1049 4105 drajes
1070 4047 1145 4091 cum
1201 4030 1297 4091 ceste.
1929 4108 1933 4120 Ι

347 4121 500 4184 omnihus
514 4123 1145 4200 pertinentiissuisavenerabililratri
1241 4131 1346 4200 Quum
1376 4126 1471 4190 vobis
1499 4128 1632 4189 nostras
1661 4128 1777 4190 demus
1802 4121 1910 4182 litteras
1927 4123 1949 4167 h

345 4220 496 4282 nostro...
526 4221 648 4282 Meten.
671 4221 828 4300 episcopo
849 4223 1033 4300 imperialis
1059 4226 1145 4287 aulae
1201 4223 1376 4298 mandatis,
1392 4225 1427 4285 ut
1442 4225 1631 4286 examinata
1644 4223 1804 4286 electione
1817 4205 1948 4276 dedileoto

345 4316 558 4390 cancellario
582 4318 695 4380 dilecti
715 4319 776 4380 lilii
791 4320 917 4381 Ellonis
940 4323 1061 4384 Meter.
1084 4339 1137 4384 ar-
1201 4321 1268 4384 lilio
1283 4321 1417 4382 alberto
1433 4319 1595 4383 monacho
1608 4316 1836 4396 compendien.
1851 4315 1949 4410 monas

344 4415 543 4488 chidiacoui,
560 4417 596 4476 in
618 4419 713 4494 cujus
731 4418 1006 4480 archidiaconatu
1029 4420 1144 4482 eadem
1199 4417 1275 4480 terii
1287 4419 1323 4479 in
1336 4419 1451 4480 eodem
1464 4417 1667 4480 monasterio
1678 4410 1847 4479 celebrata,
1858 4400 1948 4510 parter

346 4513 498 4575 consistit
520 4513 663 4574 ecclesia
690 4514 933 4577 interveniente
962 4532 1143 4590 consensu,
1199 4515 1232 4577 'et
1253 4516 1368 4588 electo,
1397 4515 1425 4576 si
1445 4530 1519 4576 eam
1538 4515 1579 4577 de
1596 4529 1738 4592 persona
1756 4509 1866 4571 idonea
1881 4507 1948 4558 ΗΝΘ·

343 4609 437 4672 robis
461 4611 516 4687 pia
543 4609 746 4672 liberalitate
772 4611 938 4684 collatam,
969 4629 1043 4674 cum
1068 4617 1144 4692 jure
1200 4613 1315 4674 neritis
1335 4613 1495 4674 canonice
1514 4612 1725 4682 celebratam,
1745 4609 1844 4684 ipsam
1862 4589 1946 4699 auth·

344 4709 550 4785 patronatus,
565 4708 650 4784 quod
667 4706 791 4770 habere
806 4708 956 4771 dicimini
968 4711 1003 4772 in
1016 4712 1141 4785 eadem
1197 4711 1297 4772 ritate
1332 4710 1523 4788 apostolica
1555 4707 1756 4771 confirmetis
1789 4702 1820 4761 et
1853 4687 1947 4800 lacinus
2013 4777 2014 4798 Χ

344 4807 431 4868 sicut
449 4821 489 4868 ea
511 4806 602 4884 juste
628 4820 667 4867 ac
688 4805 826 4882 pacillce
852 4805 1021 4882 obtinetis,
1051 4811 1084 4872 et
1110 4809 1142 4869 in
1199 4809 1302 4870 electo
1312 4811 1409 4886 juxta
1422 4808 1529 4884 ipsius
1538 4804 1731 4868 monasterii
1743 4790 1946 4879 prisile8¹⁰fl¹¹n

343 4904 532 4968 eorumdem
549 4903 696 4983 episcopi
712 4905 745 4966 et
765 4904 996 4969 archidiaconi
1011 4907 1141 4980 litteris,
1198 4907 1346 4966 tenorem
1360 4920 1480 4966 munus
1494 4901 1734 4964 benedictionis
1748 4885 1886 4970 impendi.
1896 4881 1948 4938 llll·

342 5005 463 5065 dicitur
485 5005 659 5077 contineri,
683 5002 789 5075 nobie,
807 5004 841 5065 et
861 5020 921 5081 per
933 5020 991 5067 vos
1009 5022 1145 5088 monas·
1198 5001 1338 5066 crationi
1352 5004 1473 5063 vestrae
1488 5015 1548 5078 per
1559 5000 1745 5078 apostolica
1757 4986 1867 5092 scripta
1879 4985 1947 5038 man·

340 5099 426 5161 tario
460 5100 572 5161 vestro
606 5100 804 5162 auctoritate
836 5101 1026 5177 apostolica
1062 5119 1145 5164 con-
1198 5100 1314 5160 damus
1329 5099 1492 5176 quatenus
1506 5113 1581 5159 curn
1596 5098 1668 5160 haec
1683 5095 1744 5158 rite
1758 5083 1945 5172 fuerihsesc·

340 5199 510 5258 lirmamus
546 5197 580 5257 et
610 5198 785 5273 praesentis
814 5197 929 5276 scripti
957 5199 1142 5276 patrocinio
1197 5197 1276 5269 cuti,
1291 5212 1387 5257 usum
1407 5196 1513 5257 mitrae
1535 5211 1574 5256 ac
1589 5187 1815 5256 annulieidem
1831 5171 1944 5238 aucton-

341 5293 594 5356 communimus.
611 5293 704 5354 Nulli
719 5309 810 5370 ergo,
828 5297 904 5362 etc..
925 5297 1050 5359 nostrae
1067 5313 1143 5359 con·
1196 5295 1264 5358 tate
1286 5298 1399 5356 nostra
1423 5292 1642 5370 personaliter
1666 5277 1852 5353 concedatis.
1878 5253 1944 5337 Ωῑῑθ(Ι

341 5391 550 5464 firmationis,
570 5393 631 5452 etc.
652 5391 776 5467 Siquis
795 5395 917 5464 autem,
935 5394 997 5456 etc.
1024 5396 1141 5456 Datum
1197 5393 1225 5453 si
1240 5407 1306 5454 non
1321 5407 1447 5462 omnes,
1464 5391 1538 5461 etc,
1557 5389 1781 5451 duovestrum
1796 5375 1851 5436 0i0·
1916 5449 1930 5462 ,,

342 5490 496 5551 laterani
524 5489 640 5572 quinto
671 5489 746 5552 idus
772 5487 933 5552 februarii
964 5506 1052 5552 anno
1082 5507 1139 5554 se·
1235 5490 1353 5552 Datum
1380 5487 1536 5550 Laterani
1569 5487 1683 5566 quinto
1708 5482 1778 5544 idus
1806 5465 1943 5532 inruere,

342 5587 460 5648 eundo.
1195 5587 1455 5651 annoseoundo.
