4234 6408
176 242 231 304 tu

174 401 330 462 riisancti
344 401 460 464 Jacobi
472 400 533 478 ipsi
543 404 743 464 monasterio
753 403 974 482 insoopedirta

175 499 319 560 ecclesia
343 501 450 560 sancti
473 499 563 560 l’etri
583 501 803 562 construendo
828 504 868 564 de
885 521 972 564 6616

176 597 305 672 integre
324 596 520 657 accessuris.
545 598 635 659 Nulli
662 614 752 674 ergo,
781 602 856 671 616,
886 601 972 660 banc

176 695 332 770 pagiuam
355 696 478 756 nostrae
493 695 729 766 concessionis,
754 699 815 759 etc.
843 699 972 776 Siquis

175 791 299 862 autem,
325 792 387 854 616.
413 793 531 852 Datum
545 795 658 854 Romae
673 794 759 872 apud
776 797 809 854 S.
824 797 970 868 Petrum,

174 890 236 950 llll
261 888 423 950 kalendas
444 890 606 966 januarii,
632 891 842 967 pontificatus
867 895 971 956 nostri

174 985 393 1062 annoprimo.

533 1193 616 1278 cxl

245 1415 296 1474 Art
312 1417 526 1475 Dorrztnieum
541 1420 696 1490 priorem
706 1420 741 1478 S.
758 1421 889 1479 Roman

450 1516 696 1576 Tolosanensts.

471 1625 577 1682 221166·
601 1627 678 1684 1216.

309 1747 622 1812 (116111111111166166116,
643 1754 661 1799 t.
676 1751 716 1808 lll,
734 1765 759 1814 6.
773 1751 839 1814 aot.)

229 1909 403 1982 ,1661616116
418 1909 525 1967 ordinis
540 1913 571 1968 B.
586 1913 726 1969 Dominicl
745 1913 797 1970 sub
816 1915 918 1987 regula

472 2001 500 2056 S.
516 2001 679 2073 Augustini.

214 2162 381 2222 Honorius
395 2162 578 2237 episcopus,
593 2179 708 2223 servus
719 2179 890 2225 serrorum
902 2167 971 2238 Dei,

174 2257 307 2319 dilectis
332 2258 410 2318 tiliis
436 2260 619 2331 Dominico,
636 2261 739 2336 priori
768 2263 879 2323 Sancti
907 2266 975 2324 Ro-

173 2356 266 2415 mani
287 2356 533 2427 Tolosunensis,
557 2359 694 2433 ejusque
719 2357 878 2419 tratribus
906 2364 972 2421 tam

174 2452 396 2529 praesentibus
413 2469 511 2530 quam
528 2453 647 2514 tuturis
668 2457 855 2529 regularem
870 2459 972 2518 vitam

176 2549 348 2626 protessis,
371 2551 512 2612 salutem
530 2553 563 2612 et
577 2553 792 2628 apostolicam
812 2553 972 2614 benedic-

174 2648 314 2710 tionem.

215 2745 972 2824 ReligiosamvitameligentibusApostolirum

173 2843 332 2904 convenit
342 2843 459 2904 adesse
475 2845 726 2920 praesidiumue
735 2847 913 2923 cujuslibet
929 2850 973 2908 te-

171 2941 337 3002 meritatis
351 2942 514 3013 incursus,
530 2945 587 3002 aut
598 2959 654 3002 eos
665 2958 684 3002 a
693 2945 861 3020 proposito
875 2961 973 3005 1616-

171 3040 237 3108 cet,
248 3039 305 3099 aut
319 3037 422 3099 robur
434 3037 534 3118 (quod
554 3037 654 3119 absit)
675 3057 779 3102 sacrae
800 3043 971 3116 religionis

171 3135 346 3210 infringat.

213 3235 273 3307 51.
297 3234 498 3310 eapropter,
527 3235 638 3298 dilecti
670 3237 703 3296 in
729 3238 868 3298 Domino
897 3238 968 3309 tilii,

172 3330 296 3391 1661116
306 3331 407 3408 justis
421 3332 697 3407 postulationibus
711 3335 892 3395 clementer
905 3352 970 3395 an-

172 3426 320 3500 nuimus,
345 3429 378 3490 61
401 3429 577 3489 ecclesiam
604 3433 637 3490 S.
667 3433 808 3492 Romani
828 3433 970 3492 ’161666-

172 3526 300 3597 666616,
316 3525 352 3585 16
368 3543 431 3602 qua
450 3525 563 3587 divino
583 3529 761 3604 mancipati
781 3530 861 3589 estis
875 3527 972 3590 obse·

171 3623 262 3700 quio,
276 3622 336 3683 sub
349 3625 384 3684 B.
397 3624 488 3684 Petri
503 3625 536 3685 61
551 3627 664 3685 666116
679 3627 888 3701 61616611666
901 3644 971 3686 sus·

171 3720 325 3796 cipimus
338 3725 372 3781 61
379 3722 553 3798 praesentis
565 3723 680 3798 scripti
692 3721 868 3798 privilegio
880 3739 971 3784 com-

173 3818 353 3878 munimus.
370 3819 534 3894 Inprimis
548 3819 711 3894 siquidem
725 3821 918 3892 statuentes
936 3824 971 3882 ut

172 3913 255 3974 ordo
280 3915 476 3984 canonicus,
514 3915 570 3990 qui
597 3914 779 3974 secundum
809 3918 911 3977 Deum
938 3919 970 3978 et

171 4014 209 4072 B.
239 4011 417 4086 Augustini
447 4010 596 4086 regulam
622 4012 657 4072 in
683 4013 799 4073 eadem
828 4015 970 4075 66616616

171 4109 344 4170 institutus
353 4124 426 4168 esse
439 4109 654 4184 dignoscitur,
668 4112 835 4187 perpetuis
849 4111 969 4172 ibidem

172 4205 375 4282 temporibus
391 4206 628 4267 inviolabiliter
641 4207 847 4269 observetur.

212 4305 287 4378 §ll
311 4305 477 4364 Praeterea
493 4319 716 4381 quascumque
729 4307 967 4381 possessiones,

172 4415 389 4476 quaecumque
399 4400 485 4462 bona
499 4401 613 4461 eadem
625 4402 766 4461 66616616
775 4402 968 4478 inpraesen-

171 4497 393 4574 tiarumjuste
409 4498 441 4558 et
456 4498 615 4559 canonice
629 4499 787 4578 possidet,
805 4500 970 4561 6611616-

171 4595 284 4656 turum
309 4597 522 4656 concessione
552 4597 767 4668 Pontificum,
791 4597 969 4672 largitione

171 4707 290 4767 regum
300 4693 351 4752 161
365 4686 563 4769 principum,
577 4692 743 4754 oblatione
755 4693 900 4755 fidelium
911 4712 968 4756 seu

172 4789 250 4850 aliis
254 4789 354 4866 iustis
370 4791 487 4862 modis,
498 4791 676 4867 praestante
690 4792 839 4864 Domino,
851 4793 970 4870 poterit

165 4887 325 4963 adipisci,
347 4887 442 4948 firma
461 4887 555 4948 vobis
581 4889 766 4966 vestrisque
794 4907 969 4951 successo·

173 4983 267 5046 ribus
278 4986 309 5045 et
324 4985 452 5045 illibata
467 4988 693 5061 permaneant.

213 5083 303 5157 5111.
329 5085 366 5142 ln
395 5082 514 5159 quibus
544 5082 616 5143 11666
640 5085 785 5159 61661116
813 5083 969 5145 duximus

172 5179 390 5255 6161666616
409 5177 591 5249 vocabulis
613 5179 757 5239 scilicet:
776 5181 897 5240 Locum
912 5183 968 5257 ip-

173 5291 247 5336 sum
267 5275 301 5336 in
326 5293 389 5354 quo
405 5275 543 5353 praetuta
562 5275 703 5336 ecclesia
723 5277 786 5337 6116
810 5279 870 5348 661,
895 5295 968 5338 cum

173 5373 969 5450 omnibuspertinentiissuis.EcclesiamdePrul-

173 5472 263 5533 liano
275 5488 348 5532 cum
361 5473 513 5533 omnibus
526 5471 734 5548 pertinentiis
750 5472 830 5532 suis.
848 5473 968 5536 t'illani

174 5569 966 5646 deCassenolic,cumomnibuspertinentiissuis.

809 246 1036 308 EPlS'l'OLAE.
1061 249 1138 308 LIB.
1164 251 1187 307 I.

1768 251 1825 308 1112

1028 409 1207 468 Ecclesiam
1224 410 1256 468 S.
1274 408 1389 467 Mariae
1405 407 1445 466 de
1459 409 1615 478 Lesbum,
1629 423 1704 467 cum
1720 410 1823 468 omni-

1027 505 1087 564 bus
1101 505 1310 581 pertinentiis
1326 505 1406 564 suis.
1422 505 1593 580 Hospitale
1608 505 1820 576 tolosanam,

1027 601 1113 678 quod
1128 602 1249 663 dicitur
1262 602 1400 663 Arnaldi
1416 603 1589 672 Bernardi,
1617 619 1692 663 curn
1713 604 1823 663 omni-

1027 699 1087 758 bus
1111 699 1319 778 pertinentiis
1343 699 1423 759 suis.
1449 701 1631 762 Ecclesiam
1655 703 1687 760 S.
1713 695 1826 760 ’11161-

1026 797 1103 857 16116
1117 797 1157 856 de
1178 797 1316 870 Lobana,
1339 813 1413 858 cum
1434 797 1587 858 omnibus
1613 798 1824 874 pertinentiis

1027 895 1106 954 suis.
1133 895 1283 956 Decimus
1312 911 1331 954 a
1363 895 1548 955 venerabili
1577 895 1680 956 tratre
1709 897 1822 956 nostro

1028 992 1172 1052 Fulcone
1187 991 1403 1054 Tolosanensi
1424 992 1594 1069 episcopo,
1618 991 1659 1052 de
1681 1009 1821 1053 assensu

1028 1089 1164 1166 capituli
1179 1090 1231 1151 sui
1241 1089 1334 1152 vobis
1350 1090 1403 1166 pia
1419 1091 1452 1151 61
1467 1090 1603 1166 provida
1619 1089 1820 1152 liberalitate

1028 1201 1213 1258 concessas,
1230 1186 1326 1262 prout
1340 1188 1375 1247 in
1399 1187 1589 1247 eorumdem
1605 1186 1725 1248 11116116
1747 1187 1822 1263 ple-

1029 1284 1104 1344 nius
1117 1285 1316 1346 continetur.

894 1423 904 1478 ἱ
997 1385 1003 1458 i
1068 1383 1156 1456 §1V.
1180 1383 1269 1442 Sane
1284 1382 1452 1443 novalium
1467 1383 1626 1453 nostrum,
1653 1397 1822 1459 (6166616,-

999 1467 1003 1514 ⁸
1028 1478 1111 1554 priis
1124 1478 1276 1540 manibus
1290 1479 1340 1539 161
1356 1479 1541 1556 sumptibus
1555 1481 1674 1550 colitis,
1697 1481 1767 1541 6116
1784 1481 1823 1541 de

1029 1579 1213 1636 vestrorum
1242 1577 1437 1637 animalium
1463 1576 1684 1648 nutrimentis,
1711 1577 1823 1638 nullus

1029 1673 1152 1735 6161116
1163 1674 1450 1750 decimosexigere
1461 1675 1512 1735 vel
1524 1677 1722 1752 extorquere
1733 1689 1822 1752 prte-

1029 1772 1148 1832 sumat.

1036 1895 1039 1902 ·
1068 1871 1140 1944 §V-
1165 1870 1277 1931 Liceat
1301 1887 1428 1948 quoque
1457 1869 1573 1942 robis,
1602 1869 1742 1931 clericos
1771 1870 1824 1930 161

1029 1967 1142 2040 161666,
1166 1967 1289 2028 liberos
1315 1970 1348 2028 et
1371 1968 1550 2039 absolutos
1579 1983 1597 2028 e
1622 1967 1745 2028 saeculo
1771 1965 1824 2026 tu-

1028 2063 1166 2140 gientes‚
1189 2064 1230 2124 ad
1255 2065 1506 2125 conversionem
1527 2065 1687 2140 recipere,
1709 2064 1741 2124 et
1765 2079 1823 2124 666

1028 2161 1151 2238 absque
1167 2162 1427 2222 contradictione
1439 2162 1551 2238 aliqua
1567 2162 1723 2222 retinere.

1068 2261 1155 2334 §Vl
1180 2258 1397 2320 Proliibemus
1420 2261 1567 2336 insuper,
1589 2259 1625 2321 ut
1649 2258 1731 2318 nulli
1755 2257 1824 2318 sra-

1029 2359 1115 2416 trum
1140 2357 1326 2416 vestrorum
1360 2358 1434 2433 post
1471 2355 1591 2417 tactam
1618 2356 1651 2416 in
1681 2355 1822 2416 ecclesia

1029 2455 1139 2514 vestra
1154 2454 1405 2531 professionem,
1420 2453 1469 2514 tas
1486 2454 1529 2515 sit
1548 2454 1620 2514 sine
1633 2454 1755 2530 prioris
1770 2454 1821 2513 sui

1029 2551 1163 2613 licentia
1183 2551 1223 2612 de
1245 2551 1359 2611 eodem
1381 2551 1465 2619 loco,
1481 2553 1544 2612 nisi
1561 2551 1714 2610 arctioris
1735 2551 1820 2609 reli-

1028 2649 1137 2723 gionis
1152 2649 1288 2709 obtentu
1303 2649 1483 2709 discedere.
1498 2647 1728 2709 Discedentem
1742 2664 1823 2707 vero

1028 2745 1151 2824 absque
1165 2748 1332 2807 communi
1345 2747 1529 2808 litterarum
1542 2747 1728 2806 vestrarum
1742 2759 1824 2805 cau-

1027 2845 1128 2916 tione,
1144 2844 1254 2904 uullus
1270 2843 1390 2904 audeat
1403 2844 1559 2904 retinere.

1066 2943 1170 3018 §Vll
1195 2943 1232 3001 ln
1273 2941 1520 3018 parochialibus
1557 2955 1637 3001 1616
1670 2939 1821 3000 ecclesiis

1027 3055 1109 3116 quas
1131 3038 1270 3110 habetis,
1299 3039 1397 3099 liceat
1424 3038 1516 3099 vobis
1543 3037 1730 3099 sacerdotes
1753 3037 1819 3097 eli·

1026 3153 1115 3214 gere,
1144 3138 1177 3198 et
1202 3137 1390 3196 dioecesano
1415 3137 1570 3212 episcopo
1599 3137 1819 3212 praesentare,

1027 3235 1156 3311 quibus,
1179 3233 1207 3293 si
1227 3233 1339 3293 idonei
1354 3231 1489 3304 tuerint,
1509 3233 1682 3308 episcopus
1705 3247 1819 3292 curam

1026 3332 1213 3392 animarum
1229 3330 1420 3397 committat,
1436 3331 1472 3390 ut
1482 3331 1513 3389 ei
1526 3330 1566 3390 de
1578 3329 1818 3406 spiritualibus,

1026 3429 1118 3490 vobis
1131 3444 1210 3489 1616
1224 3427 1263 3486 de
1276 3425 1514 3502 temporalibus
1530 3427 1671 3486 debeant
1682 3441 1822 3502 respon-

1026 3527 1115 3587 dere.

1065 3624 1182 3697 §vnn
1209 3618 1822 3696 Statuimusprreterea,utnulliliceat

1025 3720 1175 3782 ecclesiae
1199 3721 1318 3779 vestra
1344 3733 1447 3778 novas
1476 3719 1509 3778 61
1534 3715 1699 3777 indebitas
1720 3731 1823 3776 exac-

1025 3819 1131 3878 tiones
1156 3817 1336 3894 imponere,
1363 3816 1420 3876 aut
1441 3816 1547 3876 16166
1563 3815 1614 3876 161
1629 3813 1820 3890 praedictam

1025 3915 1199 3976 ecclesiam
1214 3914 1370 3985 vestram,
1388 3913 1460 3972 sine
1479 3911 1653 3973 manifesta
1669 3911 1819 3972 6116116-

1025 4012 1127 4074 nabili
1141 4027 1254 4082 causa,
1280 4010 1632 4072 excommunicationis
1647 4009 1700 4070 vel
1716 4008 1821 4069 inter-

1025 4111 1104 4171 dicti
1133 4109 1313 4170 sententias
1342 4108 1563 4184 promulgare.
1601 4109 1681 4166 Cum
1710 4109 1821 4166 autem

1024 4207 1179 4280 generale
1212 4206 1424 4266 interdictum
1452 4205 1551 4265 terrae
1578 4201 1698 4273 tuerit,
1722 4202 1822 4262 liceat

1025 4304 1128 4374 tobis,
1142 4303 1265 4363 clausis
1276 4303 1402 4378 januis,
1420 4300 1565 4360 exclusis
1586 4298 1819 4359 excommuni-

1024 4402 1107 4461 catis
1123 4402 1156 4461 et
1170 4398 1368 4469 interdictis,
1387 4413 1454 4457 non
1474 4396 1614 4473 pulsatis
1631 4395 1817 4472 campanis,

1025 4513 1201 4575 suppressa
1215 4513 1306 4565 voce,
1319 4495 1432 4557 divina
1447 4494 1557 4554 ottlcia
1573 4493 1753 4554 celebrare.

1063 4597 1152 4671 snt.
1176 4594 1327 4654 chrisma
1355 4609 1435 4653 1616
1461 4592 1494 4653 61
1520 4591 1629 4652 oleum
1649 4594 1818 4660 sanctum,

1024 4694 1292 4754 consecrationes
1315 4692 1482 4761 altarium,
1505 4707 1564 4750 seu
1590 4689 1818 4762 basilicarum,

1024 4791 1250 4852 ordinationes
1267 4790 1476 4860 clericorum,
1492 4789 1547 4866 qui
1567 4787 1608 4847 ad
1625 4803 1739 4848 sacros
1760 4803 1819 4847 or-

1024 4889 1117 4949 dines
1130 4888 1255 4948 luerint
1267 4887 1522 4964 promovendi,a
1538 4885 1726 4945 dioecesano
1742 4901 1819 4943 sus-

1025 4987 1155 5062 cipiatis
1164 4986 1331 5061 66166666,
1345 4984 1506 5060 siquidem
1515 4982 1698 5042 catholicus
1706 4982 1818 5052 tuerit,

1025 5085 1057 5143 et
1082 5083 1224 5158 gratiam
1245 5082 1279 5142 et
1304 5080 1568 5140 communionem
1597 5078 1819 5137 sacrosancta

1025 5185 1181 5241 Romanae
1202 5175 1296 5238 Sedis
1317 5175 1480 5246 hahuerit,
1498 5175 1530 5235 et
1543 5190 1580 5234 ea
1596 5175 1689 5234 robis
1703 5174 1820 5235 volue-

1024 5278 1150 5340 msne
1166 5255 1455 5352 probatamque
1471 5271 1641 5332 esuriere.
1663 5271 1818 5349 Alioquin

1025 5374 1479 5450 1666116116616616616666
1498 5369 1682 5432 malueritis
1703 5371 1820 5432 661116-

1025 5475 1124 5535 licum
1149 5471 1242 5534 adire
1258 5469 1450 5538 antistitem,
1472 5468 1613 5543 gratiam
1628 5468 1818 5530 6166166111-

1024 5574 1157 5633 nionem
1185 5568 1384 5646 spostolicae
1424 5567 1518 5628 Sedis
1550 5565 1724 5628 habentem
1761 5569 1816 5646 qui
