4162 6424
940 327 1121 390 trenortii·
1139 330 1183 390 111
1205 327 1355 390 OPERA.

640 494 807 584 CLXXX

437 643 490 702 Ad
502 642 699 716 meconem
710 643 1005 718 aurelianensem.

608 751 645 812 ³0
658 759 741 811 mart.
755 751 835 813 lits.

355 859 474 924 tumet,
487 858 532 910 lib.
545 859 577 918 ll,
590 861 662 926 epist.
676 859 732 909 990.
745 861 802 910 llas.
813 860 848 910 La
857 860 933 910 Porta
948 858 981 910 du
993 857 1088 922 ilion]

324 971 471 1026 lieeauruu
488 966 672 1026 commendat
686 967 734 1040 qui
751 965 860 1040 dignus
877 966 915 1024 slt
934 965 1121 1040 amplioribus

583 1055 732 1114 beneficiis
746 1056 857 1115 donari.

362 1173 541 1246 Honorius,
550 1174 626 1246 etc,
638 1172 823 1235 venerabili
838 1172 934 1237 tratri
942 1169 1119 1252 (Manassi)

322 1271 536 1344 aurelianen,
553 1270 720 1349 episcopo.

363 1369 456 1431 Sicut
468 1367 682 1430 lucidissimae
696 1369 774 1431 sunt
791 1368 825 1430 et
838 1366 951 1446 plures
971 1367 1007 1430 iti
1018 1367 1119 1430 domo

322 1465 467 1528 ccelesiis
483 1465 733 1544 patrisfamilias
754 1465 966 1538 mansiones,
988 1463 1121 1527 siese-

323 1563 425 1625 clesia
440 1563 598 1635 militans,
615 1571 690 1641 qum
704 1562 895 1641 praedictam
909 1551 1044 1624 domurn
1058 1563 1120 1623 lio-

323 1661 405 1723 mini
433 1661 573 1740 mystic'e
603 1661 823 1738 repraesentat
830 1693 841 1729 =,
870 1660 1118 1724 circumamicta

321 1755 1119 1822 varietatedecorisetordinissedesbabeivarias

322 1858 356 1918 et
368 1857 518 1928 decoras,
534 1856 569 1918 in
585 1855 704 1933 quibus
717 1853 866 1932 quotidie
878 1853 952 1926 dlii,
964 1854 1024 1932 qui
1041 1853 1120 1918 sunl

322 1954 353 2016 ei
364 1953 446 2027 uati,
460 1971 519 2031 pro
530 1953 680 2031 patribus
689 1953 896 2016 ordinantur.
906 1951 1119 2014 Licetautem

322 2051 470 2128 ejusdem
483 2050 639 2112 Ecclesiae
655 2049 836 2126 amplitudo
849 2048 1032 2114 mansionis
1045 2053 1118 2111 etta-

322 2148 416 2210 lesiis
428 2148 581 2225 exemplo
588 2147 738 2225 recipere
746 2147 856 2209 valeat
865 2147 1051 2218 universos,
1061 2144 1117 2223 qul

322 2245 469 2307 uestibus
492 2245 640 2308 decorati
661 2242 866 2320 nuptialibus
884 2245 1118 2321 promerentur

322 2344 358 2404 in
372 2347 445 2421 ejus
460 2342 594 2404 sedibus
605 2341 881 2414 collocari,decet
892 2342 1002 2404 tamen
1017 2341 1054 2404 ut
1067 2339 1117 2401 illi

321 2441 520 2520 propensius
531 2441 725 2503 recreentur
738 2439 780 2502 ab
795 2438 952 2501 uberibm
964 2437 1120 2504 consola-

321 2539 422 2602 tionis
436 2539 554 2616 ipsius,
571 2545 711 2618 quorum
728 2537 897 2610 honestas,
916 2537 952 2598 et
971 2535 1118 2614 probitas

322 2637 412 2700 circe
432 2637 522 2714 ipsas
541 2637 651 2700 arctas
670 2635 797 2698 iaciunt
811 2633 1014 2707 mansiones,
1035 2647 1117 2714 quas

321 2735 356 2796 in
377 2751 418 2796 ea
441 2751 502 2812 pro
523 2733 651 2796 meritis
672 2735 750 2795 sunt
772 2732 894 2810 adepti.
916 2733 963 2794 Ea
983 2735 1120 2810 propter

1922 334 1983 394 684

1174 487 1266 550 tuam
1279 495 1446 564 rogamus,
1464 500 1637 550 monemus
1656 489 1827 564 edendus,
1844 491 1881 553 et
1894 491 1984 552 hor-

1177 585 1352 662 tumurper
1361 585 1551 662 Apostolica
1561 585 1622 647 tibi
1633 585 1757 664 scripta
1766 587 1984 660 mandantes,

1175 683 1338 761 quatenns
1353 683 1462 760 ipsum
1470 683 1528 760 qui
1538 683 1605 745 tuis
1618 683 1705 761 apud
1718 701 1778 747 nos
1791 683 1985 748 eiiicaciter

1175 781 1208 844 et
1225 781 1406 858 prudenter
1425 778 1625 842 utilitatibus
1635 781 1827 856 deservivit,
1845 781 1983 844 liabens

1174 878 1373 956 propensius,
1383 877 1660 952 commendatum,
1677 895 1754 941 cum
1768 879 1843 958 ipso
1854 885 1983 942 aucto-

1174 975 1274 1040 ritate
1289 975 1403 1038 nostra
1418 975 1607 1052 dispenses,
1629 978 1663 1040 et
1683 977 1719 1038 ln
1733 975 1847 1056 aliqua
1862 980 1984 1040 eccle-

1174 1072 1299 1134 siarum
1332 1073 1400 1135 tuae
1432 1073 1588 1135 diaecesis
1612 1075 1837 1151 competenter
1866 1076 1985 1138 eidem

1174 1169 1350 1249 provideas
1361 1171 1459 1249 pruut
1477 1187 1547 1234 sum
1566 1170 1769 1234 venerabilis
1782 1173 1904 1235 titulus
1922 1174 1981 1234 di-
2069 1181 2070 1232 l

1173 1267 1309 1344 gnitatis
1332 1267 1482 1345 exposcit
1513 1268 1671 1346 tuamque
1703 1267 1797 1332 decet
1831 1267 1985 1334 lionori-

1175 1363 1476 1430 ilceutiamtantum
1484 1365 1592 1428 uirum
1603 1365 1785 1428 bonoribus
1794 1368 1982 1446 ampliare.

1215 1460 1334 1524 Datum
1355 1463 1513 1525 Laterani
1537 1463 1637 1526 tertio
1665 1463 1827 1528 kalendas
1853 1466 1983 1544 aprilis

1174 1572 1263 1622 anno
1278 1555 1437 1622 secundo.

1481 1675 1669 1773 CLXXXI

1240 1819 1399 1894 pmoccm
1415 1818 1598 1894 circuires
1615 1819 1820 1882 monasterti
1836 1822 1982 1882 Soractia

1384 1919 1512 1978 Martae
1525 1918 1566 1978 dc
1582 1920 1760 1980 Prultcrto.

1458 2038 1496 2098 to
1507 2045 1592 2096 mart.
1607 2039 1686 2098 tiit.

1235 2141 1568 2209 [supermirabiliter.
1579 2141 1725 2205 Praedicta,
1734 2147 1754 2194 l.
1769 2145 1791 2204 l,
1799 2144 1861 2205 dm
1873 2144 1916 2208 7.]

1173 2251 1378 2310 uermerium
1393 2251 1504 2309 sancte
1516 2251 1615 2309 llario
1624 2249 1660 2308 de
1678 2251 1814 2310 Pruliano
1827 2253 1882 2310 sub
1897 2252 1978 2310 besti

1209 2340 1285 2397 Petri
1297 2347 1328 2397 et
1341 2353 1393 2398 stra
1408 2340 1585 2413 protectione
1598 2339 1727 2414 suscipit,
1738 2347 1767 2398 et
1778 2339 1844 2415 lura
1859 2355 1897 2399 ac
1910 2343 1970 2416 pri·

1207 2427 1314 2501 vteris
1327 2426 1479 2487 coullrmat
1489 2427 1546 2502 (l).

1213 2535 1381 2599 Honorius
1391 2537 1706 2614 episcopusservus
1716 2548 1890 2600 serrorum
1902 2541 1977 2611 Dei,

1173 2633 1302 2696 dilectis
1317 2633 1407 2706 dliis,
1425 2634 1530 2712 priori
1544 2635 1740 2697 monasterii
1757 2637 1889 2698 Sanctae
1901 2637 1978 2697 bia-

1173 2729 1233 2792 rias
1260 2731 1304 2792 de
1330 2729 1507 2804 Pruliano,
1534 2733 1673 2809 ejusque
1698 2731 1870 2806 iratribus,
1902 2738 1975 2798 tam

1172 1820 1225 1880 Ad

322 2847 422 2910 quum
445 2831 586 2893 dilectus
610 2830 709 2902 illius,
731 2829 878 2892 decanus
901 2829 1116 2891 Aurelianen.
1173 2827 1403 2905 praesentibus,
1416 2843 1515 2906 quam
1528 2827 1648 2892 tuturis
1662 2831 1853 2906 regularem
1868 2831 1977 2894 vitam

320 2932 390 2990 tum
399 2929 586 2991 litterarum
596 2927 810 2989 scientiatum
819 2925 937 2988 decore
944 2927 1116 2998 rutulum,
1173 2925 1343 3003 protessis,
1357 2925 1393 2987 iu
1407 2926 1602 3004 perpetuam
1611 2927 1663 2988 rei
1677 2929 1884 2990 memoriam.

321 3027 441 3103 quibus
457 3025 498 3086 ab
515 3025 615 3096 intus,
633 3025 791 3101 unquam
808 3025 898 3100 regis
913 3023 983 3085 illia
995 3039 1116 3086 eorus-
1213 3023 1418 3099 Religiosam
1433 3021 1481 3104 (2)
1497 3025 1599 3086 vitam
1612 3025 1814 3101 eligentibus
1828 3027 1977 3103 Aposto-

322 3138 400 3185 care
414 3121 571 3193 creditur,
588 3121 783 3197 dignitatem
798 3120 958 3182 meruerit
969 3119 1120 3182 obtinere
1173 3119 1274 3184 licum
1295 3121 1452 3188 convenii
1472 3122 1591 3184 adesse
1609 3122 1812 3200 praesidium,
1828 3139 1872 3184 ne
1886 3123 1978 3186 forte

322 3235 396 3297 quae
416 3218 494 3282 licet
510 3218 622 3294 magni
638 3217 794 3290 nominis,
811 3219 924 3280 oneris
936 3219 969 3282 'et
982 3217 1118 3283 honoris
1172 3217 1351 3294 ctu'uslibet
1370 3219 1568 3284 temeritatis
1594 3219 1759 3293 incursus,
1789 3221 1849 3283 aut
1869 3225 1931 3283 eos
1951 3237 1974 3282 a

321 3317 454 3386 existat,
477 3317 560 3378 adeo
579 3317 691 3379 tamen
707 3316 793 3377 sicut
811 3331 855 3377 ex
869 3315 988 3378 litteris
1007 3315 1118 3393 pluri-
1173 3313 1342 3393 proposito
1370 3318 1514 3389 reuocet,
1538 3317 1597 3378 aut
1618 3317 1730 3389 robur,
1754 3315 1846 3395 quod
1870 3317 1976 3392 absit,

321 3411 1117 3491 morumiratrumetcoepiscoporumnostrorum
1173 3426 1278 3474 sacrae
1288 3412 1462 3490 religionis
1478 3413 1650 3490 infringat.
1662 3416 1856 3497 eapropter,
1872 3416 1976 3477 dilec-
2073 3473 2074 3476 ,

321 3513 520 3590 accepimus,
551 3513 624 3589 ejus
649 3510 801 3573 redditus
831 3511 910 3572 sunt
933 3511 1061 3582 exiles,
1083 3513 1119 3572 ut
1173 3509 1722 3590 dionominoitlii,vestrisjustis
1733 3512 1974 3589 postulationi-

318 3612 633 3687 tantaenequaquam
643 3595 986 3684 sufficiantdignitatl,
997 3608 1118 3670 volen·
1172 3607 1236 3668 bus
1249 3607 1429 3673 clementer
1443 3609 1632 3681 annuimus,
1649 3609 1682 3672 et
1699 3609 1874 3688 praelatum
1895 3627 1972 3672 mo-

320 3710 368 3770 tes
384 3705 1067 3784 utilloquidignushebitusestinvautus,
1082 3708 1118 3770 ut
1173 3705 1356 3768 nestorium
1382 3708 1514 3770 Sanctae
1529 3706 1645 3772 Mariae
1670 3707 1712 3768 de
1737 3707 1910 3780 Pruliano,
1936 3709 1972 3769 in

320 3820 394 3866 sam
410 3803 474 3865 sibi
484 3804 643 3880 iungeret
652 3803 747 3880 quasi
759 3817 926 3879 sponsam,
938 3802 1118 3865 mediocris
1173 3819 1236 3880 quo
1248 3803 1362 3865 divino
1374 3803 1455 3866 estis
1470 3803 1629 3882 obsequis
1643 3805 1837 3883 mancipati,
1858 3805 1919 3868 sub
1933 3809 1970 3868 B.

320 3901 480 3962 ubertatis
493 3899 589 3980 copia
599 3900 705 3977 posslt
714 3900 822 3978 ipsam
835 3899 975 3962 reddere
985 3899 1119 3976 dignio-
1173 3901 1274 3973 Petri,
1295 3901 1460 3963 sinestra
1479 3902 1684 3978 proiectione
1704 3903 1919 3981 suscipimus,
1939 3905 1973 3965 et

319 4015 390 4061 rem
403 3997 876 4075 sicquemutuotampersona
891 4007 989 4073 quam
1004 3996 1117 4074 digni-
1172 3997 1350 4075 presentis
1373 3999 1489 4076 scripti
1514 3999 1691 4077 privilegio
1714 4001 1967 4063 communimus

318 4099 370 4160 tas
387 4096 424 4158 iu
447 4094 610 4156 decanum
624 4095 805 4156 exerceant
816 4093 904 4156 uires
923 4109 1013 4166 suaa,
1030 4095 1116 4172 quod
1173 4098 1210 4156 ln
1220 4094 1510 4178 primissiquidem
1520 4098 1713 4169 statuentes,
1725 4099 1763 4160 ut
1772 4098 1855 4160 ordo
1867 4113 1970 4160 cano-

319 4211 386 4256 una
410 4207 470 4271 per
493 4173 632 4255 al'teram
656 4192 848 4266 honoretur,
874 4190 1115 4254 fraternitatem
1173 4192 1268 4253 uicus
1285 4190 1332 4272 (3)
1347 4193 1402 4270 qui
1418 4193 1601 4258 secundum
1613 4196 1730 4267 Deum,
1742 4199 1776 4258 el
1788 4197 1826 4256 Β.
1841 4199 1970 4272 Augus·

355 4324 396 4399 (l)
410 4327 470 4384 Hoc
484 4323 559 4382 idern
569 4321 740 4384 benolloium
753 4322 789 4381 ab
801 4323 969 4381 innocentio
988 4325 1039 4393 lll,
1054 4339 1113 4381 mo·
1173 4325 1271 4392 toml,
1281 4317 1342 4383 set
1362 4325 1493 4382 lemorel.
1504 4340 1572 4398 pag.
1587 4323 1632 4394 ii,
1646 4325 1752 4400 legitur
1763 4343 1791 4382 :r
1805 4323 1875 4387 Sunt
1889 4329 1970 4386 intro

319 4397 444 4456 nasterio
459 4397 594 4453 Prulieno
610 4394 648 4478 ab
663 4409 740 4452 enno
760 4395 882 4478 MCCXV
902 4394 1038 4478 collatum
1060 4395 1114 4451 sci·
1172 4394 1247 4451 ducti
1261 4340 1585 4478 ali.PXilippoep'usdem
1598 4395 1711 4454 Ordinis
1726 4397 1970 4470 (Praedicatorum)

319 4483 402 4538 musa
423 4473 549 4524 attamen
589 4481 635 4522 uia
655 4468 891 4524 innocentianum
908 4466 1037 4540 Drploma
1051 4473 1117 4522 urite
1171 4479 1320 4534 carronrco,
1342 4471 1497 4523 constituto
1516 4474 1707 4538 procuratore.
1724 4470 1823 4528 »ilinc
1838 4468 1973 4528 Glrardus

319 4537 518 4596 coullrrnatunr
532 4481 667 4620 iternem
682 4534 779 4592 datum
792 4542 862 4604 erat,
879 4549 915 4592 ne
930 4537 958 4592 iu
973 4534 1114 4619 discepta-
1172 4535 1268 4606 arebla
1289 4535 1349 4594 isco
1389 4551 1404 4594 s
1428 4537 1591 4620 bisuntinus
1610 4539 1639 4594 in
1654 4539 1819 4620 'liiplomate
1841 4539 1909 4597 dato
1923 4555 1971 4597 au.

318 4611 426 4668 tlonern
458 4605 1115 4690 uaestronemquevocarenturiratresPrulmni,
1173 4551 1336 4690 llCCXXlV
1351 4551 1526 4690 ngseruatur
1540 4623 1567 4665 ur
1583 4608 1699 4666 archivo
1714 4609 1864 4668 Ordinisl:
1888 4612 1971 4670 ‹lle-

319 4679 424 4738 bullam
439 4622 599 4759 quocentu
614 4683 651 4734 ita
668 4685 834 4759 renovatam
854 4677 942 4734 voluit
966 4677 995 4733 S.
1017 4677 1117 4736 Domi«
1172 4691 1281 4747 moriae,
1303 4693 1332 4734 ru
1354 4686 1404 4746 uit,
1428 4677 1549 4762 dignum
1571 4677 1704 4738 duximus
1728 4680 1843 4741 tradere
1862 4681 1972 4739 tuturo-

320 4751 411 4816 uicus,
422 4757 453 4805 ut
464 4745 601 4819 quidquid
616 4745 651 4804 ad
665 4745 799 4804 Ordinem
811 4745 1040 4806 eonnrmandum
1054 4745 1114 4804 ltre-
1172 4763 1252 4817 rum,
1280 4763 1317 4820 uu
1382 4749 1560 4806 venerabiles
1585 4747 1687 4808 iratres
1716 4753 1804 4809 nostri
1831 4751 1973 4820 decanus,

320 4829 372 4891 rai,
389 4818 456 4876 illud
465 4817 540 4876 idem
552 4817 725 4874 monasterio
735 4818 875 4876 Proliooo
886 4818 1058 4892 adscriptum
1069 4819 1115 4888 sit,
1172 4825 1318 4892 totumquo
1345 4821 1501 4892 capitulum
1530 4829 1635 4878 nostre
1666 4822 1820 4881 Bisuntiue
1846 4824 1975 4880 inautus

320 4893 359 4951 uti
375 4890 472 4947 videre
486 4896 530 4947 est
542 4903 578 4946 er
592 4897 712 4959 utraque
723 4885 810 4946 bulla.
1172 4889 1301 4948 ecclesiae
1314 4891 1342 4950 S.
1358 4889 1498 4949 lobannis
1512 4892 1699 4966 evengelistae
1711 4893 1901 4962 attendentes,
1918 4905 1973 4952 etc.

356 4960 397 5036 (Ξ)
412 4959 553 5032 Quidquid
566 4955 1114 5033 offendesnicinexplicitum,=inbullts:
1172 4959 1345 5018 reverendos
1368 4959 1470 5020 iratres
1488 4964 1643 5020 canonicos
1666 4961 1775 5022 ordinis
1799 4963 1971 5022 Praedicato-

318 5033 584 5104 increpatorium,
601 5030 697 5088 datum
713 5031 780 5091 Vlll
798 5029 921 5089 octobris
940 5031 1072 5101 liccxv,
1089 5038 1118 5090 et
1172 5045 1245 5100 rum,
1260 5030 1296 5088 ad
1310 5033 1454 5090 dvitamm
1479 5041 1605 5092 nostram
1621 5035 1757 5092 instinctu
1771 5037 1867 5098 senen
1884 5037 1972 5108 Spiri-

318 5105 498 5178 llclipiosom,
515 5103 613 5161 dotum
626 5101 719 5162 XXVI
735 5101 865 5160 decemb.
876 5098 1118 5176 llCCXVLerpe·
1172 5108 1217 5158 tus
1231 5111 1416 5171 vocaverunt,
1437 5112 1503 5172 otc„
1526 5111 1555 5160 et
1570 5105 1752 5186 'quicumque
1777 5107 1805 5164 iu
1825 5105 1914 5164 domo
1927 5109 1973 5163 illa

319 5178 408 5234 ditum
420 5175 501 5232 scito.
1172 5187 1223 5244 pro
1234 5180 1361 5242 tempore
1377 5175 1453 5244 prior
1466 5176 1600 5242 extiterit,
1617 5174 1782 5233 fidelitatem
1793 5184 1822 5234 et
1836 5191 1973 5234 reveren·

355 5247 397 5320 (3)
417 5249 458 5304 lta
486 5244 593 5318 passim
614 5259 663 5316 per
682 5241 712 5302 ld
725 5250 838 5316 tempus
854 5241 1007 5323 uocabatur
1020 5260 1027 5301 :
1041 5241 1117 5302 Ordo
1173 5243 1240 5300 iiam
1253 5242 1338 5301 debet
1354 5245 1483 5302 ecclesie
1495 5243 1666 5318 supradictae
1678 5248 1707 5304 S.
1728 5247 1880 5318 lobannis,
1902 5250 1976 5306 siem

320 5317 437 5376 iratrum
459 5315 693 5396 predicatorum,
717 5329 774 5386 quo
791 5314 958 5396 cireardom
974 5315 1117 5372 Honorius
1171 5313 1326 5396 canonicus
1337 5315 1491 5398 spiritualis
1505 5317 1644 5383 ecclesie,
1660 5324 1744 5376 etc.»
1766 5319 1879 5376 lllnclu
1890 5321 1976 5376 Claro

318 5385 1117 5518 initiabitur.nolitetanill!
1172 5385 1977 5520 iniiillii‘iriiti.'iiiiiiliiidie?

319 5539 450 5682 iltis
465 5527 1117 5682 tilla{illitteraturamtlt?
1170 5524 1974 5682 itli‘liiliilrni:torritiiiiiut:

319 5673 397 5730 obitu
410 5679 438 5729 et
451 5670 596 5729 miraculis
610 5671 642 5730 B.
659 5671 889 5742 usurumque
903 5667 1114 5727 reiertEchard.
1170 5667 1259 5752 cobus
1282 5667 1318 5726 de
1340 5669 1467 5730 Vrtrraoo
1492 5678 1600 5728 sanctae
1624 5671 1793 5743 patriarche
1822 5674 1977 5732 Dominico
