4104 6392
297 241 358 299 '715
918 235 1092 299 HONORII
1116 238 1160 296 111
1182 239 1330 300 OPERA.
1913 244 1981 302 'ilc

294 394 441 473 capitulo
457 395 670 458 Laudunensi
689 395 721 458 et
736 395 927 458 hominibus
948 396 1018 458 suis
1039 395 1092 458 ni·
1130 396 1189 458 'sit
1202 395 1348 470 inventa,
1358 397 1573 474 praesentium
1587 397 1649 460 tibi
1661 399 1881 464 aucmritate
1894 415 1983 462 con-

295 494 478 556 hilominus
493 507 595 568 grave
617 492 773 554 damnum
788 495 821 554 et
840 492 983 571 injurias
1006 493 1096 555 irro-
1147 493 1306 567 cedimus,
1323 497 1360 555 ut
1372 495 1402 555 si
1410 495 1598 568 ecclesiam,
1612 512 1673 558 sen
1682 497 1873 558 hominum
1894 499 1982 558 tuo-

298 591 418 668 gando,
429 592 563 668 propter
575 590 661 668 quod
673 591 740 652 tam
753 591 824 667 ipse
839 607 938 668 quam
954 591 1019 664 sui,
1035 605 1095 667 per
1147 607 1220 652 rum
1235 607 1449 668 oppressores
1460 593 1617 670 injustia
1632 595 1665 656 te
1680 595 1786 656 semel
1803 595 1978 655 secundo

296 705 379 768 quos
392 689 501 750 scelus
520 688 711 764 hujusmodi
726 689 939 766 perpetravit,
954 703 1093 750 excom·-
1146 690 1287 751 tertiove
1298 690 1500 762 commoniti,
1513 690 1777 754 satisfactionem
1788 692 1979 753 exhibere

296 786 532 850 municationie
553 787 687 848 vinculo
703 785 771 847 sint
784 786 934 848 adstricti
953 789 987 849 et
1004 787 1094 848 terra
1147 787 1407 865 contempserint
1420 789 1669 865 competentem,
1685 789 1888 861 liceattibi,
1904 807 1978 850 non

297 889 370 963 ejus
385 883 557 962 supposita
571 884 766 961 interdicto;
783 885 862 961 quia
875 884 987 946 tamen
1007 881 1093 944 idem
1147 883 1299 948 obstante
1322 882 1525 948 frustatorie
1546 885 1785 963 appellationis
1799 886 1973 963 ¹objecto,

299 983 434 1056 nobilis,
457 982 544 1044 sicut
560 981 656 1044 nobis
679 997 747 1058 per
757 985 887 1044 vestras
909 983 943 1044 et
956 979 1093 1058 capituli
1147 981 1182 1042 in
1197 997 1255 1044 eos
1269 996 1445 1044 censuram
1458 981 1654 1044 canonicam
1668 998 1853 1045 exercere.
1868 984 1975 1044 Nulli

298 1078 530 1143 Laudunensis
545 1078 579 1141 et
590 1079 769 1157 plurimum
789 1079 932 1142 aliorum
948 1077 1094 1141 innotuit
1146 1093 1263 1156 ergo...
1281 1081 1403 1142 nostrae
1425 1080 1652 1142 concessionis
1676 1080 1895 1158 infringere,
1917 1083 1971 1142 vel

301 1178 551 1254 litteras,plene
565 1193 665 1254 snper
683 1177 736 1237 bis
750 1176 898 1254 praefatis
920 1175 1046 1238 decano
1061 1176 1095 1237 et
1147 1175 1196 1248 ei,
1223 1175 1333 1248 etc...,
1363 1192 1469 1254 usque
1496 1178 1675 1240 contraire.
1706 1179 1742 1240 Si
1773 1178 1860 1256 quis
1900 1194 1972 1240 au-

299 1275 445 1352 capitulo
466 1290 506 1336 ac
533 1290 647 1336 eorum
671 1273 822 1336 ecclesiae
847 1273 1028 1349 satisfecit3
1057 1272 1093 1333 in
1148 1273 1226 1346 tem,
1249 1275 1339 1336 etc...

297 1374 415 1453 quibus
440 1371 536 1433 nobis
551 1372 652 1434 etiam
664 1371 843 1434 intimastis
861 1387 960 1448 quam
974 1369 1093 1434 devota
1187 1373 1305 1437 natum
1340 1373 1454 1433 Romae
1485 1371 1572 1449 apud
1606 1373 1765 1434 Sanctum
1816 1374 1971 1434 Petrum

297 1473 330 1534 et
346 1470 463 1532 bamili
476 1469 703 1532 satisfactione
719 1467 820 1548 (idem
842 1467 979 1548 nobilis)
997 1467 1093 1530 vetus
1147 1471 1191 1529 IV
1215 1466 1283 1530 kal.
1305 1469 1398 1542 maii,
1419 1469 1629 1546 pontificatus
1651 1471 1770 1542 nostri,
1791 1487 1894 1532 anno
1917 1489 1972 1532 se-

297 1567 718 1646 expurgassetfermentum
726 1565 774 1646 (et
784 1567 873 1628 esset
884 1563 984 1644 nova)
995 1579 1095 1626 cons-
1148 1566 1268 1627 cundo.

297 1667 409 1745 persio
425 1682 537 1728 coram
553 1668 631 1737 Dec,
644 1665 802 1728 attentius
818 1663 1034 1742 supplicando
1045 1663 1091 1732 ut,
1471 1681 1628 1767 CCXIII

299 1781 374 1826 cum
389 1767 525 1842 propter
545 1762 743 1824 insidiarum
766 1778 924 1824 occursus
938 1762 1007 1824 tam
1021 1760 1094 1838 ipse

298 1877 397 1940 qnam
410 1862 463 1924 sui
477 1860 753 1937 adapostolicam
768 1859 884 1922 Sedem
898 1859 1015 1920 venire
1027 1872 1094 1919 non
1251 1825 1304 1884 Ad
1323 1823 1593 1948 mmmm
1616 1827 1836 1897 emmam·

298 1959 444 2020 audeant
465 1973 525 2034 pro
546 1973 684 2018 munere
696 1957 917 2019 absolutionis
929 1956 1091 2026 habendo,
1432 1937 1467 1994 ²⁸
1482 1937 1563 2010 θΡΝΙ·
1580 1937 1660 1994 ¹²¹⁸·

299 2055 559 2118 misericorditer
573 2070 647 2116 cum
674 2055 798 2116 eisdem
820 2069 921 2130 agere
939 2053 1096 2128 dignare-
1159 2041 1277 2106 [aegest.
1295 2041 1340 2092 fib·
1360 2041 1391 2103 Π,
1416 2041 1490 2107 θΡῑΰῑ·
1507 2041 1575 2094 ¹⁰²⁸·
1598 2043 1799 2094 uestraene
1811 2045 1850 2095 ἀΰ
1867 2046 1966 2110 rnen}

299 2169 393 2214 mur:
410 2169 470 2214 nos
485 2154 639 2228 gerentes
656 2151 817 2223 interris,
834 2151 912 2212 licet
922 2150 1092 2223 immeriti,
1148 2149 1323 2207 anctoritate
1336 2149 1497 2222 apostolica
1513 2149 1663 2207 confirmat
1675 2153 1862 2209 senoennanv
1886 2153 1962 2210 arbi·

298 2252 389 2314 vices
415 2253 487 2326 ejus
506 2250 563 2326 qui
585 2252 778 2326 peccatores
801 2248 843 2310 ad
867 2247 1094 2326 poenstentiam
1183 2245 1289 2295 trorum
1304 2238 1379 2295 intel·
1397 2239 1786 2310 episeoposAllllssiodorell.
1801 2249 1834 2299 θῑ
1850 2241 1964 2299 Edueu.
2025 2257 2026 2262 ’

299 2349 477 2409 miseratus
488 2348 670 2423 exspectat,
681 2347 771 2422 ipsos
784 2345 1095 2422 vestraeprudentiae
1183 2326 1220 2384 (¹0
1231 2326 1324 2400 burgi>
1341 2326 1499 2385 Bethleem.

299 2445 455 2506 duximus
463 2443 724 2514 committendos,
734 2443 990 2520 perApcsthica
1000 2442 1093 2504 vebis
1187 2442 1365 2514 Honorius,
1395 2443 1471 2516 etc„
1501 2443 1686 2506 venerabili
1706 2443 1869 2507 fratri...
1892 2451 1964 2508 An-

301 2542 425 2621 scripta
446 2541 643 2604 mandantes
659 2542 820 2619 quatenus
839 2540 900 2608 eis,
911 2539 1007 2617 juxta
1021 2539 1093 2600 for·
1147 2539 1359 2602 tissiodoren.
1382 2541 1547 2618 episcopo.

299 2656 387 2702 mam
403 2639 566 2711 ecclesiae,
581 2638 655 2701 vice
677 2640 790 2700 nostra
805 2653 906 2716 super
920 2637 983 2700 hoc
996 2637 1095 2699 absc-
1187 2637 1385 2700 Terminatae
1401 2639 1528 2715 J'ndicio
1546 2639 1748 2716 quaestiones
1762 2642 1964 2717 apostolice

299 2738 437 2800 lutionis
450 2737 649 2799 beneficium
665 2735 875 2813 impendatis,
886 2737 919 2797 et
935 2735 1094 2796 relaxetis
1149 2734 1268 2798 debent
1280 2735 1462 2796 munimine
1479 2735 1641 2809 roborari,
1658 2752 1700 2796 ne
1715 2737 1821 2814 lapsu
1837 2741 1964 2816 tempe

301 2835 493 2913 praedictam
506 2833 704 2896 sententiam
719 2832 899 2905 interdicti,
915 2833 1096 2911 injungen-
1147 2833 1195 2895 ris
1210 2833 1245 2894 in
1260 2832 1415 2911 abyssum
1430 2831 1609 2895 oblivionis
1632 2835 1769 2912 elapsae,
1786 2835 1828 2896 in
1844 2841 1961 2914 poste·

301 2937 351 2995 tes
367 2933 492 2994 eisdem
505 2929 712 3008 postmodum
722 2930 807 3006 quod
818 2929 941 2990 talibus
954 2945 1096 2992 cousue-
1148 2947 1222 2992 rum
1235 2930 1303 3007 pati
1318 2929 1448 3008 possint
1460 2930 1683 2993 contentionis
1702 2931 1958 2994 incommodum

301 3031 351 3091 vit
364 3029 505 3106 injungi.
529 3027 620 3100 Quod
645 3028 674 3089 si
692 3043 757 3090 non
782 3027 889 3096 ambo,
911 3028 996 3089 alter
1017 3042 1096 3089 ves·
1148 3027 1314 3089 recidivae.
1331 3029 1377 3088 Ba
1389 3028 1533 3104 propter,
1548 3027 1751 3090 venerabilis
1765 3028 1805 3089 in
1822 3031 1957 3092 Christo

302 3131 401 3195 trum,
414 3128 476 3187 etc.
489 3127 607 3187 Datum
618 3127 742 3198 Rcmae,
755 3125 841 3202 apud
855 3125 1011 3187 Sanctum
1026 3129 1093 3186 Pe·
1148 3124 1262 3198 frater,
1271 3125 1339 3187 tuis
1344 3124 1445 3202 Justis
1457 3125 1736 3203 postulationihus
1749 3132 1956 3198 annuentes,

299 3227 398 3298 trum,
416 3223 746 3296 IVkal.1naii,anno
764 3223 921 3285 secundo.
1148 3221 1359 3284 diffinitivam
1375 3223 1574 3284 sententiam
1588 3239 1687 3298 qnam
1702 3239 1764 3300 pro
1786 3227 1823 3286 te
1840 3228 1956 3286 contra

1148 3317 1372 3380 venerabilem
1403 3317 1539 3380 fratrem
1571 3320 1719 3381 nostrum
1722 3363 1801 3381 ......
1826 3321 1953 3382 Bduen

628 3404 766 3491 CCXII
1148 3417 1339 3493 episcopum
1373 3415 1574 3477 venerabilis
1605 3415 1709 3480 frater
1739 3420 1859 3480 noster
1881 3421 1954 3480 Ma-

412 3549 464 3608 Ad
489 3547 682 3609 mmmm
696 3547 990 3620 archiepiscopum
1150 3529 1264 3576 nasses
1286 3513 1500 3574 aurelianen.
1530 3513 1706 3591 episcopus
1727 3517 1763 3576 et
1777 3516 1952 3578 Hnmbau·

575 3647 821 3705 &nemmem
1148 3613 1210 3672 dus
1224 3611 1385 3687 magister
1404 3611 1593 3672 scholarum
1607 3613 1875 3676 Autissiodoren.
1891 3631 1947 3677 ar·
2025 3675 2026 3698 ἦ

690 3773 696 3786 ,
1148 3709 1237 3780 bitri,
1254 3709 1333 3771 binc
1358 3708 1436 3771 inde
1457 3708 1565 3782 electi,
1583 3709 1624 3772 de
1648 3709 1824 3788 utriusque
1846 3716 1946 3789 partis

586 3775 621 3831 ²⁸
636 3775 718 3847 ⁸⁹³¹·
733 3774 811 3831 ¹²¹⁸·
1149 3806 1369 3883 capitulorum
1403 3820 1544 3867 assensu
1582 3821 1683 3883 super
1714 3808 1949 3886 jurisdictione

394 3889 700 3954 [Theinenllonnmenta
715 3887 838 3946 Poloniae,
852 3888 908 3963 Μ,
926 3887 1002 3952 aa]
1148 3904 1265 3966 domus
1301 3903 1484 3979 religiosae,
1521 3904 1678 3980 capessae’
1710 3921 1750 3966 30
1780 3905 1883 3984 burgi
1914 3909 1949 3970 de

302 4001 338 4058 Ut
356 3998 385 4056 in
409 4011 470 4056 ⁹¹1oe
485 3995 638 4068 limittit8³
653 3995 740 4053 duoefl
756 4003 783 4055 θῑ
802 4001 965 4069 fflflssssilflb
983 3995 1030 4068 qui
1052 4009 1096 4052 ec
1148 4000 1317 4064 Bethleem
1331 3999 1416 4079 apud
1433 3999 1671 4063 Clametiacum
1685 4004 1869 4079 protulisse
1882 4021 1948 4068 nos

337 4087 440 4146 tlssssifls
476 4098 632 4158 etrum(1¹¹⁰
660 4083 793 4142 h⁰¹¹l¹¹¹³⁸
825 4091 945 4154 vexant,
972 4097 1093 4141 ⁰⁰¹¹⁸¹¹fl
1148 4099 1279 4170 cuntur,
1302 4099 1389 4160 sicut
1413 4099 1448 4159 in
1475 4098 1595 4161 litteris
1621 4099 1828 4162 arbitrorum
1857 4104 1946 4180 ipso-

336 4175 474 4234 ⁰³¹¹⁰¹¹¹⁰³
490 4174 707 4232 fflifflfflfflfl‘·
1148 4213 1222 4258 rum
1235 4195 1411 4257 didicimus
1430 4197 1605 4268 contineri,
1630 4199 1831 4261 auctoritate
1845 4205 1947 4277 Apos-

341 4301 508 4362 Honorius
520 4299 697 4375 episeopus
710 4313 827 4360 servus
840 4312 1012 4359 servorum
1022 4297 1092 4368 Dei,
1149 4295 1249 4356 telica
1282 4293 1533 4366 confirmamus,
1568 4297 1602 4356 et
1629 4297 1804 4372 praesentis
1834 4299 1947 4375 scripti

300 4395 486 4459 venerabili
523 4395 657 4456 fratri...
693 4394 944 4471 archiepiscopo
983 4397 1093 4455 Gnez-
1150 4391 1334 4470 patrocinio
1360 4392 1612 4454 communimus.
1633 4392 1682 4454 Ad
1705 4397 1867 4471 majorem
1891 4412 1948 4456 au·
2025 4397 2026 4404 ’

302 4494 410 4565 nensi,
433 4491 631 4568 apostolicae
656 4491 750 4552 Sedis
772 4489 1050 4567 legato,'ealutem
1064 4493 1096 4552 et
1148 4493 1215 4552 tem
1230 4489 1418 4552 firmitatem
1442 4489 1676 4565 praedictarum
1698 4491 1886 4553 litterarum
1901 4495 1947 4554 te-

302 4588 518 4667 apcstolicam
533 4587 809 4650 benedictionem.
1023 4613 1027 4626 ·
1149 4603 1265 4650 norem
1288 4587 1329 4648 de
1361 4585 1462 4648 verbo
1490 4586 1532 4648 ad
1562 4587 1700 4649 verbum
1728 4591 1948 4667 praesentibus

340 4690 412 4749 Tua
446 4685 542 4748 nobis
576 4685 769 4747 fraternitas
796 4683 980 4757 intimavit,
1010 4685 1095 4764 quod
1150 4685 1306 4746 duximus
1317 4683 1542 4756 inserendum,
1555 4685 1612 4762 qui
1623 4685 1701 4748 talis
1716 4688 1785 4749 est:

303 4784 448 4847 duceset
472 4784 646 4861 magnates
670 4782 852 4860 provinciae
875 4784 953 4856 tuae,
977 4781 1038 4845 tibi
1065 4784 1098 4844 et
1190 4785 1363 4844 Manassae
1382 4781 1441 4844 Dei
1458 4783 1565 4858 gratia
1578 4783 1790 4845 aurelianen.
1817 4785 1947 4862 episcc-

301 4883 452 4947 ecclesiis
473 4881 539 4944 tuis
563 4879 755 4959 frequenter
783 4880 903 4942 damna
922 4881 1045 4958 gravia·
1065 4882 1097 4942 et
1152 4897 1212 4958 pus
1226 4880 1260 4943 et
1280 4882 1324 4940 M.
1351 4879 1614 4942 antissiodoren.
1631 4883 1826 4955 canonicus,
1843 4885 1947 4945 omni·
2025 4869 2026 4942 ἒ

301 4982 444 5058 injurias
459 4979 651 5052 inferentes,
675 4978 716 5043 ad
742 4977 976 5057 appellationis
997 4977 1098 5040 diffu-
1151 4979 1212 5040 bus
1224 4979 1405 5056 praesentes
1416 4977 1543 5042 litteras
1553 4978 1755 5054 inspecturis
1766 4979 1801 5040 in
1813 4982 1945 5043 Domino
2025 4971 2026 4992 ¹

301 5081 393 5156 gium
404 5095 440 5141 se
454 5077 663 5146 convertunt,
679 5078 716 5138 nt
734 5076 783 5138 sic
801 5077 997 5139 canonicam
1016 5091 1097 5153 pos·
1152 5075 1302 5136 salutem.
1317 5075 1481 5136 Noverint
1497 5075 1646 5135 universi
1659 5079 1840 5152 praesentes
1856 5081 1944 5153 pari-

302 5177 517 5239 sinteludere
540 5191 580 5238 ac
606 5187 768 5237 enervare
792 5189 980 5236 censuram.
1005 5172 1098 5238 Unde
1152 5171 1548 5249 teretfuturi,quodcum
1563 5172 1872 5235 intervenerabiles
1887 5175 1944 5237 lra-

303 5274 399 5336 nobis
426 5272 596 5335 humiliter
619 5271 813 5350 supplicasti
845 5274 882 5335 ut
909 5270 1099 5350 hujusmodi
1152 5273 1221 5332 tres
1231 5271 1422 5332 Gualterum
1438 5269 1828 5332 Bduen.etWillelmum
1842 5275 1944 5334 Antis
2025 5275 2026 5340 ζ

303 5371 439 5432 obviare
461 5371 598 5433 malitiae
620 5369 846 5446 dignaremur.
869 5373 973 5442 Quum
997 5369 1101 5444 igitur
1154 5367 1318 5429 sicdoren.
1338 5367 1510 5444 episcopos
1532 5382 1632 5444 super
1650 5367 1791 5444 capella,
1808 5373 1842 5431 et
1855 5371 1944 5432 dome
2025 5351 2026 5430 t

303 5467 483 5545 appellatio
505 5483 573 5528 non
588 5467 624 5528 in
639 5466 814 5544 diffugium
829 5466 1097 5544 opprimentium,
1153 5466 1193 5527 de
1222 5465 1393 5527 Bethleem
1419 5464 1453 5526 et
1479 5463 1584 5538 burgo
1606 5464 1646 5525 de
1670 5465 1843 5527 Bethleem
1866 5469 1943 5545 apud
2025 5439 2026 5522 l

304 5565 362 5624 sed
390 5564 559 5624 incorum
588 5564 643 5641 qui
668 5565 909 5642 opprimuntur,
933 5563 1098 5638 refugium
1154 5563 1402 5632 Clametiacum,
1418 5561 1472 5622 cui
1484 5563 1561 5637 jure
1574 5561 1763 5624 dioecesano
1783 5563 1945 5626 subessent
