4200 6394
154 325 218 388 iae
614 325 687 387 xil.
702 353 742 370 -
762 323 808 398 IN
830 323 1018 392 timeum
1037 325 1189 392 ‘saitem
1209 325 1348 390 PETRI.
1748 334 1806 400 lle

153 483 259 548 etiam
284 483 421 562 peccata
447 499 507 547 sua
535 499 609 563 ques
640 485 734 563 prius
760 485 956 564 ignoranter
1010 485 1099 549 enim
1125 486 1256 565 quando
1282 487 1354 551 baec
1382 485 1484 564 dixit,
1519 489 1694 555 trinomius
1720 497 1803 558 erat.

154 581 380 654 commiserat,
408 596 647 660 recognoscere
666 584 815 663 incipiat,
841 586 954 648 dicens
1009 584 1121 646 Prtmo
1136 584 1225 646 enim
1237 585 1373 646 vocatus
1386 584 1448 647 luit
1463 585 1588 661 Simon,
1605 590 1691 666 quod
1706 591 1807 653 luter-

155 697 232 742 cum
266 680 465 758 propbeta:
492 683 718 757 iniquitatem
746 699 861 746 meam
893 699 955 760 epo
1009 682 1159 758 pretatur
1177 681 1346 744 obediens,
1364 683 1516 746 &cundo
1531 687 1703 761 Dertona,
1719 687 1807 752 idest

154 793 304 854 agnosco
324 778 358 839 et
376 780 537 841 delictum
553 795 671 842 mcum
688 781 810 843 contra
827 795 883 843 aaa
904 781 955 843 est
1009 779 1098 841 lilius
1129 779 1304 852 columbae,
1336 779 1422 842 idest
1449 781 1656 846 humilitatis.
1693 785 1806 848 Tertio

154 889 297 950 semper
311 874 381 954 (Ps.
397 875 448 946 50,
465 875 510 958 4).
986 903 991 914 ·
1009 879 1128 940 Petrus
1140 877 1197 956 qui
1211 877 1450 954 interpretatur
1470 879 1595 942 tirmus.
1618 882 1732 944 Simon
1747 884 1805 945 in-

199 972 293 1034 Unde
308 972 479 1035 sciendum
496 975 647 1053 estquod
664 977 841 1053 antequam
856 976 955 1038 homo
1008 975 1209 1051 terpretatur
1223 973 1392 1046 obediens,
1418 977 1451 1038 et
1467 976 1546 1054 quid
1559 978 1603 1040 sit
1616 978 1805 1042 obedientia

155 1071 331 1143 moriatur,
353 1087 462 1132 sermo
477 1071 608 1134 divinus
633 1075 683 1136 est
705 1090 780 1135 cum
795 1089 846 1147 eo,
872 1089 956 1151 quo-
1009 1073 1042 1135 et
1056 1072 1170 1150 quanti
1184 1071 1293 1134 meriti
1308 1071 1362 1145 sit,
1379 1074 1497 1135 Petrus
1512 1075 1545 1138 et
1558 1076 1708 1138 Andreas
1721 1077 1807 1139 indi·

152 1169 247 1229 niam
273 1169 347 1230 eta
373 1183 527 1231 sermone
550 1169 663 1233 divino
687 1172 795 1248 potest
820 1171 952 1245 instrui,
1009 1171 1096 1232 cant.
1117 1170 1280 1231 Continuo
1299 1171 1472 1247 postquam
1490 1174 1587 1235 Jesus
1612 1173 1717 1238 dixit:
1739 1179 1806 1238 Ve-

151 1267 187 1329 et
208 1281 269 1344 per
295 1281 480 1328 sermonem
507 1266 657 1330 divinum
680 1268 765 1330 alios
789 1267 955 1332 instruere
1009 1268 1080 1330 otte
1089 1267 1171 1342 post
1190 1282 1257 1339 ma,
1278 1267 1350 1329 sine
1365 1283 1469 1342 mora,
1492 1270 1618 1350 relictis
1632 1271 1758 1334 retibus
1773 1274 1806 1336 et

151 1363 278 1442 potest,
311 1363 396 1441 quod
432 1365 508 1442 post
539 1365 678 1428 mortem
711 1367 848 1429 minime
882 1367 955 1428 lieri
1009 1365 1087 1428 navi
1111 1364 1468 1428 secutisuuteum.Et
1486 1367 1661 1445 sicutipse
1680 1371 1806 1448 recepit

151 1461 275 1538 potest.
302 1461 364 1522 llic
387 1462 439 1524 est
465 1476 545 1540 ergo
572 1463 630 1524 ille
655 1464 795 1539 angelus
821 1463 862 1526 de
890 1481 954 1542 quo
1009 1461 1148 1522 mortem
1167 1460 1203 1521 in
1218 1475 1317 1522 cruce
1331 1476 1391 1539 pro
1406 1461 1466 1534 eis,
1482 1462 1529 1524 ita
1545 1463 1578 1525 et
1598 1465 1663 1540 ipsi
1681 1480 1741 1542 pro
1755 1466 1806 1528 eis

151 1557 236 1621 dicit
259 1558 408 1620 Ecclesia
425 1581 433 1620 z
449 1560 533 1632 Quia
554 1561 646 1623 misit
667 1561 826 1622 Dominus
850 1577 956 1637 ange·
1009 1558 1206 1636 receperunt
1219 1558 1369 1618 eamdem
1384 1559 1535 1620 mortem.

152 1655 224 1716 lum
239 1671 347 1717 suum.
375 1657 437 1716 Sed
453 1658 540 1718 Deus
564 1657 664 1718 Pater
686 1658 841 1734 angelum
859 1675 954 1719 suum
1050 1655 1144 1718 Unde
1158 1654 1256 1716 datur
1276 1655 1464 1734 exemplum
1479 1658 1525 1728 ut,
1547 1655 1576 1716 si
1591 1657 1722 1736 quando
1737 1660 1805 1720 ali·

152 1753 257 1826 misit,
279 1769 345 1814 non
360 1753 550 1831 quemlibet,
573 1753 631 1817 sed
647 1771 754 1828 suum,
777 1755 873 1824 idest,
899 1756 956 1818 Ei·
1010 1753 1084 1831 quis
1099 1752 1257 1830 praelatus
1271 1753 1422 1830 praecipit
1436 1752 1566 1816 subdito
1579 1770 1639 1816 suo
1661 1755 1701 1817 de
1715 1757 1806 1818 omni

152 1849 236 1911 lium
251 1850 314 1911 sibi
330 1850 657 1924 consubstantialem,
673 1869 740 1915 non
751 1853 952 1930 adoptatum,
1009 1846 1115 1924 gradu
1136 1848 1170 1909 et
1193 1846 1232 1908 de
1252 1845 1342 1908 omni
1356 1847 1483 1920 ordine,
1500 1848 1612 1910 stetim
1629 1849 1701 1911 sine
1716 1851 1806 1912 omni

152 1949 186 2010 et
202 1947 357 2010 liberauit
371 1965 446 2010 eum
460 1949 501 2009 de
517 1965 616 2012 manu
629 1951 783 2012 Herodis.
1010 1943 1224 2007 excusatione
1247 1959 1322 2006 cum
1348 1945 1533 2020 gratiarum
1558 1945 1687 2008 actione
1711 1962 1808 2007 man-

195 2045 344 2107 Herodes
359 2044 511 2106 diabolus
526 2047 587 2107 est.
613 2046 770 2108 Diabolus
786 2047 868 2108 duas
883 2063 956 2109 ma·
1009 2041 1122 2104 datum
1136 2041 1334 2104 obedientiae
1349 2041 1446 2104 debet
1459 2043 1620 2120 recipere,
1638 2043 1717 2121 quia
1733 2060 1807 2106 me-

152 2159 218 2204 nus
238 2142 349 2205 babet.
379 2145 460 2204 Duae
489 2160 607 2206 manus
629 2144 752 2206 diaboli
778 2146 856 2208 sunt
880 2145 954 2206 duae
1008 2139 1074 2202 lius
1098 2140 1149 2202 θεῖ
1171 2137 1306 2201 obedire
1328 2156 1427 2217 quam
1450 2140 1652 2214 sacrificare,
1669 2143 1701 2204 et
1722 2141 1806 2204 obe·

34 2273 38 2277 ·
153 2239 284 2319 species
299 2241 501 2317 iniquorum.
527 2243 669 2304 Dextera
690 2258 808 2304 manus
830 2241 956 2319 signiti-
1010 2238 1135 2300 dientia
1149 2237 1246 2300 debet
1264 2253 1338 2300 esse
1355 2239 1427 2298 sine
1442 2254 1545 2300 mora.
1560 2239 1692 2300 Primus
1706 2239 1806 2302 homo

154 2339 209 2400 cat
219 2337 307 2411 illos,
318 2338 373 2415 qui
384 2337 508 2400 habent
517 2340 711 2416 potestatem
723 2341 952 2416 temporalem
1008 2335 1203 2398 inobediens
1231 2335 1347 2409 exivit,
1372 2335 1537 2398 secundus
1566 2336 1723 2399 obediens
1747 2354 1807 2401 re-

154 2436 294 2498 sinistra
315 2435 467 2512 designat
490 2436 565 2499 illos
589 2437 645 2514 qui
669 2437 793 2500 babent
816 2438 953 2515 sapien·
1008 2450 1161 2512 gressum
1176 2434 1315 2511 accepit.

151 2533 236 2595 tiam
256 2533 440 2606 carnalem,
470 2549 530 2610 per
551 2549 633 2613 quos
654 2533 773 2611 affligit
794 2534 953 2613 quosdam
1049 2533 1114 2593 Bar
1137 2533 1222 2594 Jona
1250 2530 1488 2607 interpretatur
1514 2531 1603 2593 illius
1631 2532 1805 2596 columbae.

153 2629 196 2692 de
220 2629 379 2694 Ecclesia.
401 2629 508 2694 Aliter
528 2629 603 2694 duae
624 2647 743 2694 manus
766 2632 955 2709 significant
1009 2631 1075 2690 Bar
1088 2630 1173 2691 Jona
1188 2643 1308 2689 nomen
1328 2626 1498 2689 hebraeum
1517 2629 1568 2690 est
1589 2630 1807 2706 compositum

153 2727 239 2789 duas
253 2729 444 2804 potestates,
460 2744 543 2806 quas
562 2727 662 2791 babet
676 2729 838 2791 diabolus.
863 2732 955 2792 Dex-
1009 2741 1053 2787 ex
1071 2725 1202 2801 integro
1217 2725 1251 2786 et
1261 2724 1429 2800 corrupto.
1446 2725 1496 2786 Ex
1509 2723 1639 2800 integro
1656 2725 1742 2803 quod
1757 2727 1809 2789 est

152 2825 227 2887 tera
241 2823 409 2900 significat
420 2826 614 2903 potestatem
626 2827 776 2888 tentandi
792 2827 952 2904 animam;
1009 2825 1086 2895 Bar,
1100 2822 1186 2884 idest
1200 2821 1303 2897 illius3
1321 2836 1364 2882 ex
1376 2823 1532 2898 corrupto
1551 2821 1636 2899 quod
1657 2823 1708 2884 est
1721 2825 1807 2886 lona

154 2922 293 2984 sinistra
317 2923 485 2998 significat
505 2925 700 3001 potestatem
719 2924 861 2986 nocendi
879 2941 956 2987 cor·
1009 2935 1069 2998 pro
1087 2922 1232 2991 loanne,
1257 2919 1342 2981 idest
1366 2917 1454 2980 dlius
1469 2919 1619 2980 ioannis.
1643 2922 1808 2983 BarJona

154 3019 306 3098 poribus.
323 3021 388 3084 lde
402 3021 562 3098 ilerodes,
579 3021 674 3094 idest,
691 3021 843 3085 diabolus
856 3023 956 3086 mittit
1008 3018 1096 3080 idest
1114 3015 1203 3079 illius
1227 3015 1398 3079 columbae.
1415 3015 1570 3078 colomba
1592 3017 1642 3079 est
1664 3017 1807 3094 Spiritus

155 3133 276 3178 manus
297 3133 388 3188 suas,
414 3117 508 3192 idest,
535 3117 591 3180 dat
614 3133 750 3196 operam
773 3121 809 3183 ut
830 3121 956 3197 adligat
1010 3117 1151 3176 Sanetus
1171 3113 1227 3191 qui
1253 3113 1345 3175 venit
1366 3128 1466 3190 super
1485 3113 1652 3176 Christum
1673 3113 1709 3174 in
1730 3116 1809 3177 Jor-

155 3215 315 3292 quosdam
332 3215 372 3276 de
387 3214 546 3289 Ecclesia,
562 3216 640 3294 quia
654 3217 849 3294 potestatem
862 3234 956 3280 exer-
1009 3213 1096 3276 dane
1111 3211 1258 3272 llumine.
1279 3211 1402 3273 Beatus
1426 3211 1546 3272 Petrus
1561 3209 1623 3272 tuit
1642 3209 1731 3272 illius
1751 3225 1810 3272 co-

154 3312 223 3385 cet,
248 3314 286 3375 ut
308 3313 454 3389 flagellet
480 3313 609 3392 aliquos
632 3313 672 3377 de
696 3316 976 3392 congregatione·
1009 3308 1141 3381 tumbae,
1157 3308 1234 3386 quia
1251 3307 1394 3385 Spiritus
1417 3308 1557 3370 Sanctus
1578 3307 1717 3370 nutrivit
1733 3307 1810 3369 ani·

155 3410 316 3472 fidelium.
353 3411 518 3482 Quosdam
549 3411 668 3488 affligit
697 3415 806 3475 mente
835 3429 956 3491 sugge-
1010 3421 1097 3467 mam
1122 3407 1205 3482 ejus,
1229 3403 1315 3466 sicut
1341 3403 1442 3464 Pater
1462 3403 1566 3465 nutrit
1590 3403 1722 3464 Filium.
1747 3402 1809 3465 Vel

154 3507 259 3569 nendo
283 3508 333 3569 eis
356 3523 507 3586 peccare,
533 3509 693 3587 quosdam
715 3525 795 3572 vero
817 3527 955 3588 corpore
1010 3501 1132 3565 dicitur
1146 3500 1235 3562 tilius
1258 3500 1419 3562 columbae
1440 3516 1500 3577 pro
1522 3498 1625 3562 multa
1647 3499 1810 3576 simplici-

157 3605 313 3667 iaciendo
335 3621 393 3666 eos
414 3606 564 3682 graviter
583 3606 748 3680 laborare,
774 3609 860 3670 sicut
878 3609 956 3671 iecit
1009 3600 1088 3672 tate,
1104 3598 1367 3669 mansuetudine,
1385 3597 1418 3658 θῒ
1430 3612 1490 3672 D1'0
1502 3596 1605 3657 multa
1618 3595 1806 3670 dilectione,

157 3702 219 3765 Job
242 3704 275 3765 et
298 3703 420 3764 multos
441 3703 536 3765 alios.
560 3705 599 3766 Et
622 3703 697 3766 ideo
715 3703 799 3766 bene
821 3705 954 3778 dicitur,
1011 3713 1084 3775 1111ae
1097 3697 1133 3757 in
1147 3696 1244 3757 b08t0
1262 3693 1448 3756 Petr0suit·

155 3799 234 3878 quia
250 3799 341 3862 misit
361 3799 521 3862 Dominus
540 3802 695 3877 angelum
710 3817 806 3862 suum
821 3803 854 3864 et
872 3801 957 3864 libe-
1050 3795 1116 3855 Bar
1134 3794 1230 3865 J011⁸‚
1248 3791 1333 3853 idest
1353 3790 1442 3853 filius
1455 3791 1606 3864 J0³ss1¹is2
1631 3791 1688 3868 qui
1702 3791 1810 3853 intel·

156 3897 244 3960 rauit
259 3899 393 3959 Petrum
415 3897 456 3959 de
473 3914 573 3959 manu
589 3898 740 3971 Herodis,
764 3900 797 3961 et
811 3900 851 3961 de
866 3901 956 3961 omni
1011 3891 1159 3968 pretatur
1170 3890 1280 3967 gratia
1294 3889 1366 3961 Dei,
1394 3890 1427 3951 et
1441 3889 1512 3966 ipse
1527 3887 1644 3952 habuit
1664 3889 1808 3966 gratiam

156 3996 389 4072 expectatione
401 3995 506 4074 plebis
516 3995 719 4059 Judaeorum.
734 3996 848 4058 Plebis
862 3997 953 4071 dicit,
1010 3989 1070 4051 Dei
1085 4004 1185 4068 super
1196 4003 1311 4050 omnes
1327 3987 1422 4059 alios,
1439 3987 1517 4065 (illia
1532 3985 1621 4050 dedit
1636 3987 1667 4049 ei
1683 3987 1810 4064 princi·

155 4109 223 4154 non
245 4093 374 4170 populi,
404 4108 471 4154 non
496 4093 702 4166 senatorum,
730 4109 798 4154 non
825 4095 954 4170 princi·
1010 4088 1123 4164 patum
1154 4088 1186 4149 et
1212 4085 1339 4148 clavem
1369 4086 1464 4161 regni
1488 4085 1659 4145 coelorum.
1687 4086 1808 4146 Petrus

155 4207 245 4268 pum.
267 4189 357 4252 Unde
371 4189 527 4251 Salomon
545 4212 552 4251 :
567 4194 776 4266 Lepacscmus
785 4194 880 4265 plebs
901 4196 957 4253 m-
1010 4184 1118 4246 dictus
1139 4184 1190 4246 est
1210 4199 1230 4245 a
1252 4182 1356 4261 petra,
1380 4183 1459 4259 quia
1474 4186 1541 4244 tres
1556 4180 1810 4243 considerantur

154 4291 272 4350 aalide
287 4287 399 4366 (Prov.
413 4303 495 4360 xxx,
509 4286 575 4367 26),
599 4289 737 4361 seilicet,
752 4290 771 4351 J
774 4288 954 4351 udaeorum.
1011 4282 1230 4360 proprietates
1245 4281 1346 4352 inea,
1360 4294 1421 4356 per
1439 4293 1520 4356 quas
1539 4275 1643 4339 bonos
1658 4277 1811 4353 designat

154 4384 292 4448 Judaeus
309 4385 545 4462 interpretatur
568 4385 740 4457 confitens,
766 4387 799 4448 et
820 4385 891 4448 haec
906 4388 957 4449 est
1012 4377 1257 4457 significatione
1285 4375 1472 4438 manifesta.
1507 4375 1564 4437 Est
1593 4375 1683 4435 enlm
1715 4375 1809 4452 petra

154 4483 245 4544 mala
259 4482 425 4544 consessio
440 4499 513 4560 quae
532 4497 646 4558 regem
667 4483 830 4544 Herodem
853 4483 958 4545 conil-
1011 4477 1128 4548 solida,
1148 4491 1279 4553 aspera,
1296 4474 1329 4535 θῒ
1341 4471 1482 4534 aediflOiO
1498 4472 1586 4550 apta.
1604 4471 1687 4544 Quia
1703 4472 1810 4534 solida

154 4581 255 4643 tetur.
282 4581 322 4642 Et
348 4579 389 4642 de
415 4579 479 4642 hac
504 4579 712 4643 consessione
738 4579 880 4643 liberata
906 4582 957 4643 θεῖ
1011 4575 1072 4644 θεῖ,
1087 4571 1558 4650 eosdesignatquivitiisnon
1573 4568 1704 4631 cedunt.
1725 4571 1809 4642 Quia

154 4677 316 4740 Ecclesia.
1010 4687 1131 4749 aspera
1153 4671 1213 4743 est,
1239 4686 1297 4732 eos
1313 4669 1465 4744 designat
1479 4669 1536 4747 qui
1550 4683 1668 4745 aspere
1680 4667 1806 4730 vivunt.

195 4777 276 4837 Haec
291 4775 402 4837 autem
420 4777 608 4852 expectatio
627 4777 772 4838 maxime
793 4777 830 4839 in
847 4776 956 4840 tribus
1012 4771 1096 4842 Quia
1109 4768 1251 4831 aedificio
1266 4767 1343 4845 apta
1359 4767 1420 4839 est,
1435 4783 1492 4828 eos
1506 4765 1660 4843 designat
1674 4767 1731 4843 qui
1746 4766 1811 4828 vir-

156 4870 335 4932 consistit:
357 4869 393 4931 in
415 4869 550 4931 vincalo
571 4872 695 4942 carnis,
720 4871 755 4932 in
777 4871 956 4949 concupis·
1011 4868 1135 4931 tutibus
1157 4866 1344 4944 proliciunt.
1364 4866 1482 4927 Petrus
1504 4865 1614 4926 autem
1628 4863 1719 4926 vitiis
1743 4878 1810 4924 non

156 4965 267 5027 centia
286 4963 471 5037 oculorum,
494 4964 531 5025 in
550 4963 706 5042 superbia
726 4965 815 5028 ritae.
839 4965 957 5026 (tarnis
1011 4965 1123 5036 cessit,
1140 4979 1258 5043 aspere
1271 4963 1367 5034 vixit,
1383 4961 1562 5024 virtutibus
1577 4959 1726 5038 proiecit.
1750 4959 1812 5021 Vi-

155 5061 327 5123 vinculum
356 5061 455 5138 ligat,
488 5063 755 5140 concupiscentia
784 5063 956 5126 oculorum
1010 5063 1067 5126 tiis
1081 5078 1148 5124 non
1162 5061 1263 5124 cessit
1277 5076 1338 5138 per
1358 5059 1612 5122 delectationem
1634 5057 1812 5134 concupis·

156 5159 362 5236 coinquinat,
377 5157 533 5236 superbia
550 5159 627 5220 vitae
643 5160 791 5222 devorat.
809 5161 956 5222 Ecclesia
1011 5160 1145 5235 centiam
1169 5174 1287 5236 aspere
1309 5159 1397 5220 vixit
1418 5173 1477 5235 per
1497 5156 1693 5232 religionem
1714 5171 1812 5216 mun·

156 5273 237 5333 ergo
247 5257 288 5318 de
301 5273 362 5318 sua
372 5255 570 5318 liberatione
581 5257 825 5320 exultansdicit
837 5280 844 5319 ε
856 5261 957 5322 Nteac
1011 5259 1117 5333 ditiae3
1141 5255 1319 5318 virtutibus
1335 5255 1475 5332 proiecit
1495 5270 1555 5332 per
1571 5251 1810 5314 exhibitionem

155 5359 226 5417 acto
237 5370 326 5425 vere,
337 5355 415 5430 quia
426 5353 686 5414 misitDominus
695 5355 848 5430 angelum
860 5371 956 5416 suum
1007 5356 1158 5436 justitiae.
1183 5357 1221 5417 Et
1242 5353 1316 5415 ideo
1339 5352 1528 5414 benedixit
1551 5349 1739 5412 Dominus:
1762 5355 1811 5414 Pu
1926 5342 1933 5352 '

157 5455 191 5514 et
205 5451 360 5514 liberavit
374 5467 436 5513 me.
458 5452 571 5514 Potest
585 5450 686 5512 etiam
710 5467 776 5512 vox
794 5451 858 5514 ista
881 5468 957 5530 spe-
1011 5471 1048 5518 es
1060 5455 1190 5517 Petrus
1207 5453 1240 5515 et
1256 5455 1465 5527 superbene
1481 5449 1621 5524 petram
1638 5449 1811 5521 aedificabo

158 5551 254 5613 cialis
269 5565 342 5610 esse
364 5549 670 5626 contemplantium,
695 5564 761 5610 non
781 5551 958 5626 cujuslibet
1012 5555 1199 5616 Ecclesiam
1209 5565 1335 5618 meum,
1350 5550 1384 5611 ct
1396 5547 1509 5624 porto
1523 5549 1629 5622 inferi
1641 5559 1709 5608 non
1720 5562 1812 5622 prcc-

159 5647 215 5710 sed
241 5648 297 5727 qui
320 5647 498 5732 trinomius
522 5647 588 5722 est,
617 5648 653 5710 ut
675 5649 805 5710 Petrus.
838 5649 956 5710 Petrus
1013 5651 1169 5716 valebant
1194 5651 1364 5712 adversus
1387 5659 1465 5710 eom
1489 5639 1620 5728 (Matth.
1645 5659 1714 5718 xvi,
1744 5643 1807 5725 18).
