4104 6392
128 271 186 328 769
755 266 981 328 EPISTOLAE.
1008 267 1084 327 LIB.
1110 268 1148 326 ll.

126 427 313 490 resistendi.
339 428 408 490 Hoc
434 424 591 488 nimirum
616 425 768 506 exemplo
794 428 827 488 et
848 426 924 488 aliis
1308 451 1454 540 Gfflfl

127 527 252 594 multis,
277 524 396 604 quibus
419 524 546 586 erudiri
576 524 745 596 debuerat,
773 524 926 602 arguitur

127 625 268 701 populus
283 623 503 695 Christianus,
521 623 576 699 qui
593 623 625 684 st
637 637 712 684 eum
732 623 781 682 sic
795 623 837 682 ad
850 623 924 684 ira·
979 596 1032 656 Ad
1052 597 1247 670 ⁶P5⁸⁰⁰Pm⁷i
1265 593 1553 656 *ςῑῑυαηθθῑθηδθῃῑ
1569 596 1603 657 θί
1620 599 1776 662 abbatem

127 721 281 783 cundiam
294 721 497 799 provocavit,
507 719 549 782 ab
564 723 637 797 ejus
647 719 811 781 mandatis
829 719 926 781 audi·
1020 694 1197 754 camum
1223 706 1265 752 αθ
1293 694 1573 755 mmmmm
1606 697 1774 758 Camera-

126 819 206 891 tum,
237 819 270 880 et
296 834 448 895 gressum
476 833 496 879 a
523 817 649 878 semitis
677 816 868 888 avertendo,
891 817 926 878 ut
1018 803 1165 850 mem·
1275 867 1388 924 {smmi
1402 865 1471 926 me

125 917 261 992 propter
274 918 347 993 ejus
369 916 516 977 offensas
532 915 566 976 in
582 931 677 976 suam
697 914 925 977 haereditatem
1159 979 1164 992 ,
1280 981 1285 992 ,
1472 910 1481 926 “
1706 985 1712 998 g

125 1016 241 1088 gentes
267 1015 382 1075 venire
410 1011 608 1090 permiserit,
636 1014 669 1075 ot
691 1013 800 1090 ipsum
826 1011 925 1087 digna
1012 979 1746 1052 [Regast.,lib.ll,ap1st.t093.llss.Lal’orteduTberl.]

126 1109 354 1174 satisfactione
381 1111 525 1188 placare,
554 1111 596 1172 ad
623 1111 860 1187 percutientem
889 1125 926 1170 se
1003 1088 1119 1146 “³⁰⁶⁸st
1133 1094 1163 1145 ¹¹¹
1175 1089 1253 1146 litem
1267 1088 1340 1146 1⁰¹⁰?
1354 1090 1519 1162 ⁰P¹⁸⁰⁰l¹¹¹¹¹
1534 1091 1717 1151 ⁸⁰0⁸⁸¹⁰¹¹0¹b
1731 1101 1761 1152 θῑ

126 1207 299 1270 humiliter
307 1209 516 1277 revertendo,
530 1209 692 1270 hactenus
705 1224 771 1272 non
784 1208 924 1280 curavit,
1068 1176 1207 1250 ¹¹¹⁸j⁰fe¹¹¹
1220 1177 1348 1250 ⁰ju³d⁶m
1363 1179 1486 1236 mmm
1499 1188 1682 1253 mmmm·

126 1306 358 1384 propterquod
369 1307 769 1382 adliberationemTerrae
783 1306 924 1378 Sanciae,
1021 1303 1199 1375 Honorius,
1214 1306 1290 1373 etc„
1303 1303 1500 1366 venerabilii
1512 1306 1609 1368 fratri
1623 1307 1778 1385 episcopo

129 1402 225 1480 quasi
268 1403 391 1465 frustra
429 1403 626 1466 laborarunt
667 1404 927 1481 praedecessores
981 1401 1015 1462 et
1039 1399 1275 1462 archidiacono
1303 1402 1527 1474 cameracen,
1559 1405 1641 1465 et...
1667 1404 1778 1468 abbati

128 1500 233 1562 noshi
250 1501 391 1562 Romani
405 1500 577 1578 pontifices
592 1523 600 1574 ς
617 1499 742 1562 frustra
763 1497 928 1562 laboravit
983 1497 1160 1560 caroliloci
1171 1498 1365 1561 cistercien.
1377 1498 1462 1572 ord,
1473 1500 1780 1564 Silvanecten.dioe-

128 1599 161 1658 et
173 1598 316 1674 populus
330 1597 550 1670 Christianus,
565 1587 632 1658 nisi
646 1597 724 1676 quia
735 1597 829 1658 multi
840 1596 880 1657 ad
894 1595 926 1656 id
983 1595 1080 1656 cesis

128 1694 271 1757 ferventi
285 1696 450 1758 desiderio
465 1695 672 1766 insistentes,
684 1695 746 1758 etsi
759 1695 927 1757 terrenam
1022 1692 1231 1756 Venerabilis
1252 1693 1355 1756 frater
1378 1695 1528 1757 noster...
1553 1695 1728 1774 episcopus
1748 1699 1782 1759 et

128 1793 337 1854 Hierusalem
352 1809 550 1871 recuperare
572 1792 792 1872 nequiverint,
810 1792 929 1854 coeles-
983 1790 1095 1854 dilecti
1107 1791 1167 1852 filii
1178 1791 1578 1869 capitulumSuessionen.
1589 1795 1782 1858 transmissa

128 1893 194 1952 tem
207 1893 319 1953 tamen
338 1907 399 1968 par
413 1890 565 1969 martyrii
582 1891 738 1968 palmam,
756 1892 793 1952 ut
819 1890 930 1952 credi·
983 1887 1079 1950 nobis
1107 1889 1333 1952 insinuatione
1354 1893 1591 1960 monstrarunt,
1613 1893 1698 1970 quod
1722 1907 1781 1953 vos

128 2003 212 2060 mus,
224 1991 301 2050 sunt
311 1989 432 2065 adepti.
984 1986 1018 2047 in
1033 2002 1135 2049 causa
1149 2001 1223 2064 quae
1236 1987 1392 2049 intereos
1407 1989 1556 2064 exparte
1576 2005 1652 2061 una,
1669 1991 1703 2051 et
1716 2005 1784 2050 ma·

167 2083 366 2146 lneumdem
380 2085 512 2146 modum
523 2085 669 2161 regibus,
685 2084 823 2146 ducibus
834 2085 929 2146 caete-
980 2085 1100 2159 joram,
1113 2085 1245 2159 juratos
1271 2085 1305 2144 et
1329 2086 1550 2146 communiam
1569 2085 1781 2148 suessionen.

127 2181 239 2259 risque
254 2182 462 2260 principibus
476 2183 611 2244 illarum
625 2183 812 2259 regionum.
984 2178 1119 2250 exalia,
1136 2196 1238 2257 super
1252 2182 1592 2244 excommunciatonis
1615 2187 1648 2245 st
1671 2183 1780 2245 inter-

984 2277 1064 2338 dicti
1077 2277 1250 2340 sententiis
1263 2277 1303 2340 ah
1321 2279 1445 2340 eisdem
1460 2279 1614 2357 episcopo
1629 2283 1663 2344 et
1687 2281 1784 2358 capi-

469 2371 596 2458 GGLX
985 2373 1054 2437 tulo
1065 2375 1283 2452 promulgatis
1295 2376 1331 2437 in
1342 2377 1431 2448 illos,
1445 2377 1567 2453 agitari
1578 2378 1785 2454 dignoscitur

200 2511 251 2570 Ad
273 2509 567 2583 archiepiscopum
592 2507 856 2569 mmmmm
985 2471 1345 2582 abahpostolicavobis
1366 2473 1450 2534 Sede
1466 2475 1654 2547 commissa,
1676 2491 1783 2552 oppo-

429 2631 463 2688 13
476 2628 544 2687 maii
557 2629 634 2686 ηις,
985 2570 1060 2631 Slus
1070 2583 1114 2630 0¹
1125 2570 1218 2646 l)arte
1231 2569 1379 2646 majoris,
1392 2572 1581 2647 iuratorum
1591 2575 1624 2634 et
1637 2589 1786 2634 commu-

289 2738 294 2748 ·
416 2736 421 2748 Ι
869 2732 875 2744 ,
986 2667 1052 2728 niae
1070 2666 1302 2743 praedictorum
1322 2668 1518 2744 quibusdam
1536 2670 1786 2747 exceptionibus

145 2734 610 2812 [augustan11,ep1st.losl.llo.
626 2733 908 2798 LitPortaduThcrf.]
986 2764 1126 2837 sfiVOHS,
1150 2765 1331 2842 procedere
1354 2766 1541 2837 dubitastis,
1566 2770 1635 2830 mm
1663 2784 1724 2846 pm
1745 2785 1785 2832 eo

237 2841 424 2903 fflmfflessdii
443 2843 613 2917 ”tigillum
628 2841 822 2914 dimdium·
986 2862 1072 2938 quod
1085 2862 1121 2924 in
1136 2863 1256 2926 litteris
1276 2863 1318 2925 ad
1339 2880 1398 2928 vos
1420 2881 1521 2942 super
1543 2865 1605 2928 hoc
1625 2882 1668 2927 ex
1692 2869 1787 2945 parte

170 2962 349 3030 Honorius,
375 2961 451 3033 etc,
473 2957 658 3022 venerabili
678 2958 774 3020 fratri
798 2957 932 3021 archie-
985 2961 1099 3022 nostra
1135 2960 1341 3024 transmissis
1372 2963 1424 3034 tu,
1451 2962 1500 3023 fili
1530 2963 1784 3037 archidiacone,

131 3059 268 3138 piscopo
283 3059 462 3122 Bituricen.
986 3058 1179 3135 priusquam
1205 3059 1252 3130 tu,
1274 3059 1322 3120 fili
1348 3059 1461 3130 abbas,
1480 3059 1514 3121 in
1537 3063 1701 3125 solutione
1727 3079 1788 3140 po-

171 3157 316 3218 Sudores
329 3172 444 3218 sorum
455 3155 559 3220 linteo
571 3155 811 3218 consolationis
824 3153 931 3216 exter·
987 3155 1070 3217 situs
1085 3155 1246 3234 reperiris
1258 3156 1292 3219 at
1306 3156 1341 3218 in
1358 3157 1484 3220 eisdem
1501 3157 1621 3221 litteris
1642 3161 1733 3222 nulla
1746 3161 1787 3223 de

129 3269 208 3330 gere
234 3254 357 3316 nostrae
378 3253 474 3315 decet
486 3253 722 3314 munificentiae
744 3252 928 3322 caritatem,
987 3253 1104 3315 caries.
1120 3253 1154 3314 in
1165 3253 1296 3318 Christo
1309 3253 1378 3316 filio
1391 3258 1505 3318 nostro
1519 3257 1673 3335 Philippo
1691 3259 1789 3320 illus·

128 3352 185 3429 qui
198 3351 269 3412 dies
294 3351 479 3414 laboriosos
503 3349 538 3410 in
554 3349 679 3412 scholis
693 3351 727 3410 et
744 3348 858 3410 noctes
874 3347 931 3409 diu
987 3351 1029 3411 tri
1057 3365 1136 3426 rege
1161 3352 1365 3414 Francorum
1389 3351 1476 3414 facta
1497 3355 1547 3415 est
1570 3357 1706 3430 mentio,
1732 3361 1790 3436 qui

129 3448 289 3509 duxerint
303 3448 483 3517 insomnes,
507 3448 544 3508 ut
566 3445 759 3506 thesaurum
782 3445 931 3507 scientiae
986 3447 1073 3509 sicut
1085 3447 1161 3510 aliae
1172 3448 1213 3508 ad
1226 3449 1269 3520 ts,
1281 3448 1329 3509 fili
1344 3448 1457 3522 abbas,
1469 3451 1502 3512 et
1511 3453 1586 3514 tuos
1597 3456 1787 3532 conjudices

132 3545 292 3608 studiosae
316 3544 542 3607 meditationis
569 3543 730 3606 exercitio
754 3557 931 3619 compara·
987 3543 1122 3606 directae
1155 3544 1275 3607 litterae
1303 3546 1525 3620 continebant,
1548 3565 1608 3625 pro
1640 3554 1787 3628 praefatis

129 3644 216 3705 rant.
242 3643 341 3704 Tales
355 3641 444 3704 enim
460 3657 535 3702 curn
547 3639 696 3702 moribus
710 3640 931 3703 litteraturam
987 3644 1125 3718 majore,
1138 3642 1261 3719 juratis
1279 3658 1319 3704 ac
1334 3645 1522 3707 communia
1546 3647 1641 3709 nobis
1669 3666 1787 3727 porre-

130 3742 296 3804 adornant
319 3741 352 3804 et
375 3739 549 3804 scientiam
577 3737 736 3802 condiunt
759 3737 931 3800 honestate
987 3739 1083 3802 xerat
1108 3753 1224 3815 preces
1249 3741 1424 3814 sossium
1448 3742 1526 3820 quia
1553 3746 1785 3811 continebatur

134 3841 292 3917 tanquam
305 3839 433 3914 lignum
461 3851 557 3898 secus
582 3836 743 3898 decursus
771 3851 931 3912 aquarum
988 3837 1021 3898 iu
1045 3837 1113 3898 illis
1128 3839 1165 3899 ut
1181 3853 1291 3901 causae
1310 3838 1375 3917 ipsi
1395 3856 1468 3917 quae
1488 3841 1581 3904 vobis
1600 3849 1652 3907 ast
1665 3847 1784 3910 termi-

132 3937 317 4016 plantatum
332 3935 568 3998 suavissimum
581 3933 661 3994 dare
676 3934 784 3996 solent
793 3933 828 3994 in
842 3937 931 3994 tem·
987 3935 1098 3996 nanda
1123 3935 1313 4008 commissa,
1338 3937 1368 3998 si
1393 3938 1433 3999 de
1456 3942 1600 4017 partium
1616 3945 1785 4010 voluntate

131 4051 212 4114 pore
240 4049 300 4098 suo
320 4033 474 4094 fructum.
502 4033 549 4094 Ea
578 4031 713 4108 propter
731 4045 791 4107 pro
811 4030 931 4092 dilecto
986 4031 1319 4110 procederetjudicio
1334 4035 1387 4096 vel
1400 4038 1639 4115 compositione
1655 4044 1785 4108 amica·

132 4132 202 4194 filio
225 4131 385 4207 magistro
408 4130 585 4208 aymerico
612 4128 654 4190 de
677 4130 781 4190 Fonte
796 4127 929 4198 clerico,
986 4131 1047 4192 bili
1069 4132 1116 4202 tu,
1135 4131 1185 4192 fili
1204 4131 1318 4203 abbae,
1335 4147 1375 4194 ac
1392 4134 1442 4196 tui
1460 4135 1558 4210 primi
1582 4141 1783 4217 conjudices,

131 4231 187 4308 qui
198 4243 372 4307 perannos
383 4227 627 4305 pluresinagro
637 4225 932 4288 scholasticolabo·
987 4228 1085 4290 finem
1100 4227 1272 4305 imponere
1280 4230 1444 4292 curaretis
1456 4252 1464 4291 ε
1476 4231 1624 4314 alioquin
1637 4238 1786 4301 eamdem

131 4327 236 4389 raudo
255 4327 434 4406 pretiosam
454 4324 575 4386 ibidem
596 4324 744 4386 scientiae
761 4323 930 4400 margari-
986 4326 1027 4388 ad
1050 4341 1110 4388 nos
1125 4325 1337 4388 remitteretis
1358 4327 1561 4392 sufficienter
1574 4332 1782 4410 instructam,

131 4425 198 4487 tam
214 4425 381 4487 distractis
395 4423 465 4486 fere
483 4422 636 4484 omnibus
648 4419 743 4483 bonis
757 4421 827 4482 suis
842 4420 930 4482 dici·
987 4422 1187 4500 praefigendo
1193 4423 1782 4508 partibustarmiuumcompetentem,

130 4525 185 4586 tur
206 4537 427 4600 comparasse,
451 4521 694 4582 fraternitatem
718 4519 807 4581 tuam
828 4535 930 4595 roga·
986 4537 1051 4598 quo
1066 4535 1125 4597 per
1142 4523 1374 4598 procuratores
1389 4522 1527 4588 idoneos
1545 4532 1786 4604 praesentarent

131 4637 215 4693 mus,
240 4635 411 4684 monemus
425 4620 457 4681 et
471 4618 654 4689 hortamur,
668 4633 728 4694 par
742 4617 932 4694 apostolica
986 4633 1024 4680 sc
1033 4620 1145 4682 nostro
1153 4621 1356 4696 conspectui,
1364 4622 1450 4698 quod
1457 4625 1677 4689 statueremus
1686 4647 1786 4708 super

132 4719 255 4796 scripta
278 4716 503 4796 precipiendo
525 4715 742 4786 mandantes,
768 4716 931 4792 quatenus
988 4713 1274 4798 [exceptionibus]
1291 4717 1481 4796 hujusmodi
1500 4726 1699 4801 recepturas,
1717 4731 1786 4791 tum

131 4831 207 4876 eum
237 4814 295 4893 qui
317 4815 387 4891 jam
416 4812 512 4890 quasi
538 4812 677 4874 maritus
708 4811 749 4872 ad
774 4811 931 4874 Ecclesiae
987 4815 1143 4890 quoniam
1158 4815 1193 4876 in
1206 4816 1326 4878 litteris
1341 4832 1406 4878 non
1422 4819 1611 4882 continetur
1625 4823 1666 4885 de
1684 4826 1786 4889 verbo

132 4915 255 4974 sauctae
270 4911 435 4987 refugium
452 4911 625 4986 singulare
639 4909 797 4986 confugit,
814 4924 854 4971 na
870 4924 930 4972 co·
987 4913 1028 4973 ad
1044 4912 1180 4973 verbum
1195 4913 1343 4989 priorum
1366 4917 1570 4978 continentia
1586 4920 1783 4996 litterarum,

131 5012 228 5086 gatur
243 5011 279 5072 in
293 5010 346 5070 sui
362 5008 576 5088 opprobrium
600 5007 728 5069 ordinis
742 5008 844 5070 vitam
864 5006 930 5068 du·
987 5025 1062 5070 cum
1082 5009 1118 5070 in
1139 5009 1206 5072 illis
1221 5010 1363 5083 dicatur,
1384 5013 1485 5074 nullis
1507 5015 1626 5078 litteris
1646 5020 1785 5084 obstan-

131 5124 208 5170 cere
224 5108 444 5180 inhonestam,
461 5107 497 5167 in
512 5107 624 5184 aliqua
633 5105 850 5168 ecclesiarum
865 5105 931 5166 tuse
987 5105 1087 5178 tibus,
1104 5105 1132 5166 si
1143 5121 1217 5182 quae
1232 5108 1460 5184 apparuerint,
1475 5109 1592 5173 harum
1606 5116 1720 5178 tenore
1735 5121 1788 5181 ta-

132 5205 334 5282 provinciae,
371 5204 427 5265 ubi
460 5205 579 5266 melius
604 5203 728 5265 videris
752 5201 930 5280 expedire,
988 5203 1102 5276 cito,a
1126 5202 1211 5266 Sede
1231 5205 1422 5281 apostolica
1441 5208 1636 5284 impetratae,
1655 5217 1789 5293 propter

132 5304 329 5366 auctoritate
351 5303 467 5364 nostra
492 5303 596 5379 recipi
620 5301 723 5364 facias
743 5301 777 5362 in
793 5300 933 5362 canoni·
988 5317 1061 5378 quae
1074 5303 1186 5363 omnia
1201 5301 1329 5380 praefati
1345 5307 1461 5380 major,
1478 5309 1577 5383 jurati
1590 5313 1623 5372 et
1637 5327 1787 5376 commu-

131 5419 206 5464 cum
218 5403 250 5463 et
263 5401 297 5462 in
310 5400 464 5475 fratrem;
481 5400 742 5462 contradictores
758 5399 851 5476 siqui
859 5397 933 5459 fue·
987 5401 1044 5462 nia
1059 5401 1305 5476 proposuerunt
1318 5401 1501 5466 destinatas
1517 5405 1557 5466 ad
1579 5423 1639 5469 vos
1660 5411 1788 5476 litteras

132 5501 209 5575 rint,
226 5499 279 5561 vel
298 5498 453 5570 rebellas,
476 5498 539 5560 etc.
563 5498 682 5560 Datum
707 5501 819 5560 Romae
843 5496 931 5574 apud
988 5498 1083 5576 quasi
1099 5498 1140 5559 de
1154 5499 1357 5561 conscientia
1383 5503 1497 5564 nostra
1524 5520 1590 5566 non
1605 5522 1787 5574 emanave-

135 5599 168 5658 S.
184 5599 318 5660 Petrum
328 5596 557 5658 XVkalsndas
569 5596 657 5674 junii
672 5611 760 5656 anno
774 5593 930 5658 secundo.
988 5597 1065 5668 rint,
1082 5597 1210 5672 priores
1235 5597 1369 5659 minime
1395 5613 1583 5666 revocasse.
1605 5607 1689 5678 Quia
1709 5627 1788 5674 vero

278 5741 391 5786 ramos.
412 5742 486 5784 rous
506 5729 543 5786 ll.
1612 5737 1647 5795 25
