4104 6392
115 341 176 401 iis
736 335 964 398 brisacam.
987 335 1065 396 tin.
1090 293 1129 398 ii.
1699 342 1758 400 iic

118 514 285 575 unumque
298 498 412 560 contra
428 511 543 557 omnes
554 494 665 572 pestes
676 495 818 558 conmclt
829 495 913 557 anti·
966 495 1086 556 uestrae
1107 495 1256 573 praestito
1272 494 1400 556 nullum
1416 495 1450 556 iii
1472 496 1667 558 canonicum
1684 513 1761 574 pos-

118 595 230 657 dotum
255 594 420 671 generale,
449 577 604 671 pietatem
634 592 801 661 videlicet,
838 607 911 669 quae
966 591 1040 653 sitis
1055 592 1216 668 recipere,
1240 591 1306 652 nisi
1333 593 1521 668 quindecim
1548 594 1588 655 de
1613 593 1757 670 capitulo

117 693 298 753 secundum
312 691 504 768 Apostolum
526 689 567 750 ad
588 691 700 750 omnia
716 689 816 761 valet,
834 703 912 766 pro-
967 690 1147 762 praesentes
1159 691 1191 751 et
1201 689 1444 750 consentientes
1453 691 1609 763 existant,
1622 707 1660 752 ac
1671 706 1759 752 nunc

117 789 308 849 missionem
329 787 455 848 habens
481 788 580 864 hujus
607 787 684 848 iitae
711 785 911 848 transitoriae
967 784 1157 862 hujusmodi
1181 800 1339 846 numerus
1360 802 1425 847 non
1454 787 1497 848 sit
1518 786 1646 864 plenus,
1672 788 1759 849 reci-

117 900 156 944 ac
171 885 304 946 aeternae
331 885 367 945 in
393 887 487 960 cujus
514 883 668 960 operibus
692 899 731 944 eo
753 898 789 944 se
817 881 913 944 debet
968 881 1079 958 piendi
1092 881 1230 945 dilectos
1243 881 1330 942 illios
1343 882 1536 958 magistrum
1546 885 1625 946 R.et
1635 884 1760 945 Borbo-

117 980 254 1057 quilibet
266 981 424 1042 libentius
437 995 606 1052 exercere,
624 996 688 1058 qiio
704 979 827 1042 certius
841 973 914 1040 ‘scit
968 994 1042 1038 nem
1053 979 1143 1039 vlros
1154 979 1316 1041 litteratos
1331 981 1444 1056 utique
1460 996 1499 1041 ac
1517 981 1687 1053 discretos
1704 982 1760 1058 qni

116 1078 221 1153 quod,
242 1078 436 1154 evangelica
459 1078 599 1139 perime
624 1077 774 1150 docente,
798 1077 913 1138 imita·
968 1091 1028 1152 pro
1043 1075 1159 1138 eadem
1182 1076 1323 1137 ecclesia
1339 1076 1481 1139 fideliter
1498 1078 1702 1147 laborarunt,
1719 1079 1762 1140 li-

116 1175 208 1236 tores
233 1175 339 1252 ipsius
368 1174 527 1236 Dominus
553 1174 588 1234 iii
615 1173 731 1236 ultimo
759 1172 913 1234 examine
968 1173 1111 1234 centiam
1127 1171 1220 1234 iobis
1242 1173 1424 1234 concedere
1448 1174 1672 1251 dignaremur.
1692 1177 1761 1236 Nos

117 1271 363 1332 commendatos
377 1271 527 1333 admittet
541 1271 912 1347 adregnum,atecon-
967 1270 1070 1344 igitur
1096 1269 1161 1345 ipsi
1185 1269 1335 1330 ecclesiae
1368 1270 1506 1346 paterna
1539 1271 1761 1332 sollicitudine

117 1368 222 1429 trario
237 1369 479 1445 contemptores
499 1369 723 1430 condemnans
742 1369 778 1429 in
801 1368 913 1444 ignem
968 1366 1143 1427 consulere
1153 1365 1334 1441 cupientes,
1350 1367 1558 1428 universitati
1571 1369 1689 1428 vestrae
1703 1382 1762 1444 per

118 1465 225 1526 mittet
250 1467 422 1527 aeternum.
450 1467 613 1527 Caeterum
647 1465 725 1542 quia
753 1463 801 1526 ibi
836 1465 914 1526 sunt
968 1463 1156 1538 Apostolica
1165 1462 1287 1538 scripta
1298 1462 1504 1536 mandamus,
1514 1465 1760 1540 quatenus,non
1791 1490 1798 1502 ·

119 1561 252 1637 pietatls
267 1561 376 1623 studia
388 1561 563 1622 sollicitius
577 1561 773 1633 exercenda,
784 1561 840 1624 ubi
853 1576 914 1622 ex·
969 1557 1120 1621 obstante
1130 1559 1320 1636 huiusmodi
1331 1562 1532 1636 juramento,
1544 1565 1637 1639 cujus
1653 1560 1763 1624 obser·

119 1657 195 1719 inde
210 1661 318 1735 potest
336 1658 517 1737 majoribus
535 1658 760 1735 impietatibus
784 1659 914 1721 obviari
968 1656 1058 1718 vatio
1074 1656 1312 1719 desolationem
1326 1657 1417 1718 illius
1428 1660 1603 1734 pareretln
1614 1658 1761 1720 futurum

117 1756 335 1832 eccepietatis
348 1755 913 1834 causamvobisproponimnsaqua
969 1754 1009 1814 de
1028 1753 1193 1830 praedictis
1208 1755 1359 1830 personis
1374 1758 1406 1817 et
1429 1755 1505 1817 aliis
1526 1756 1608 1817 viris
1629 1755 1759 1818 idoneis

118 1854 229 1914 nullus
244 1869 335 1930 spem
350 1853 592 1914 heihabensse
606 1853 911 1930 poteritexcusare.
969 1851 1166 1913 anctoritate
1194 1853 1319 1923 nostra,
1347 1853 1471 1913 nullius
1500 1853 1761 1915 contradictione

117 1952 155 2011 Iii
183 1950 332 2027 partibus
361 1949 524 2026 siquidem
552 1950 699 2010 Prusaiie
727 1950 850 2026 pagani
878 1950 914 2010 iii
970 1951 1131 2024 obstante,
1147 1953 1361 2016 memoratam
1377 1954 1551 2016 ecclesiam
1563 1957 1661 2032 juxta
1674 1953 1761 2032 quod

116 2045 293 2122 reprobum
308 2062 442 2106 sensum
457 2045 536 2118 dati,
553 2049 590 2107 ut
610 2045 736 2108 iaciant
759 2061 810 2114 ea,
838 2061 913 2122 quae
969 2047 1073 2124 ipsius
1086 2050 1264 2126 suppetunt
1279 2049 1631 2122 facultatesordinetis
1642 2052 1759 2124 libere,

116 2158 182 2203 non
197 2143 408 2213 conveniunt,
427 2142 515 2204 inter
528 2142 596 2204 alia
604 2142 818 2204 enormitatis
830 2142 915 2204 laci·
968 2161 1007 2206 ac
1019 2145 1166 2207 licenter.
1175 2147 1292 2207 Datum
1304 2149 1417 2209 Romae
1429 2148 1515 2225 apud
1528 2150 1684 2212 Sanctum
1697 2153 1761 2211 Pe-

117 2255 199 2300 nora
215 2255 288 2316 quae
297 2238 648 2316 perpetrantieminiui
658 2254 758 2300 sexus
770 2238 911 2310 soboles,
968 2243 1056 2303 trum
1070 2242 1179 2304 idibus
1192 2243 1283 2317 maii,
1300 2259 1387 2305 anno
1404 2245 1559 2308 secunde.

71 2353 74 2362 ·
117 2338 336 2412 quotcumque
349 2337 454 2396 mater
468 2335 577 2412 pariat
590 2335 775 2396 inhumana
794 2336 915 2396 imma-

117 2431 221 2492 nitate
246 2433 423 2508 perimunt,
454 2433 573 2507 praeter
607 2447 719 2503 unam,
755 2433 913 2508 tanquam
1270 2403 1461 2490 CCXLHI

118 2527 349 2604 propagationi
360 2526 608 2590 velinthumani
622 2527 755 2602 generis
766 2526 912 2588 obviare.
968 2535 1021 2593 Ati
1035 2534 1244 2610 muptstront
1265 2536 1299 2596 ct
1312 2537 1444 2609 frutice
1457 2537 1762 2613 communimine

120 2623 183 2685 Sed
209 2623 410 2686 venerabilis
436 2622 539 2686 irater
564 2624 714 2685 noster...
740 2625 914 2700 episcopus
1202 2633 1236 2691 S.
1252 2633 1526 2694 NicolatMeteit.
1861 2610 1866 2628 ¹

119 2720 276 2793 Prassiae,
300 2736 340 2782 ac
364 2719 434 2793 alii,
455 2719 510 2798 qui
533 2736 591 2797 per
617 2721 677 2780 Dei
702 2720 845 2795 gratiam
868 2720 914 2781 ibi
1257 2743 1291 2800 lt
1309 2745 1379 2802 maii
1394 2745 1473 2803 itit.

114 2821 185 2896 jam
196 2816 354 2894 quasdam
369 2817 528 2879 ecclesias
542 2817 809 2890 construxerunt,
828 2815 913 2878 abo·
997 2839 1117 2902 [segni.
1130 2839 1175 2889 iis,
1189 2839 1452 2905 lisputloltllss.
1465 2841 1736 2908 barcinonensis]
1861 2821 1865 2824 ’

119 2913 285 2974 minantes
300 2913 503 2989 impietatem
526 2911 727 2988 niqusmooi,
744 2913 778 2973 et
800 2927 913 2974 eorum
1054 2936 1263 2994 nicaeensium
1279 2938 1502 2997 sanctitudini
1517 2941 1677 3000 maurina.

119 3009 288 3118 ihiieiiaffl
308 3009 505 3071 miserant&
531 3009 728 3080 summula
755 3008 783 3069 εἰ
803 3009 913 3070 ”¹¹¹⁰ss
1008 3043 1185 3116 Honorius,
1200 3044 1275 3117 etc,
1287 3045 1416 3107 dilectis
1428 3047 1543 3110 liliis..
1556 3049 1715 3125 magistro
1729 3051 1762 3114 et

117 3105 182 3166 siin
217 3122 285 3167 suae
323 3107 497 3181 suppetant
531 3104 717 3177 fatuitates,
746 3105 912 3167 ananias
968 3140 1126 3202 eatinus
1148 3141 1264 3202 tomus
1295 3142 1470 3222 hospitans
1498 3147 1610 3208 sancti
1630 3148 1760 3210 nicoiai

116 3217 310 3279 comparare
338 3201 479 3279 puellas,
502 3203 539 3264 ut
570 3201 750 3264 educantes
779 3202 911 3263 easdem
968 3239 1089 3300 Meten·

116 3298 328 3360 lucrifaciant
341 3313 398 3360 eas
414 3299 555 3370 Christo,
572 3300 606 3359 et
624 3299 673 3359 sic
699 3298 734 3358 in
763 3298 912 3374 partibus
1008 3336 1088 3394 Cum
1106 3349 1126 3395 a
1148 3335 1243 3395 nohis
1267 3339 1322 3412 pet

119 3395 125 3408 .
157 3397 164 3408 .
701 3393 707 3406 .
1322 3337 1390 3399 itur
1412 3354 1518 3412 ianque
1533 3339 1696 3402 effectum.
1714 3345 1760 3403 Ea

116 3396 185 3456 ¹¹¹¹⁵
214 3395 376 3471 augeatur
400 3409 539 3455 numm
565 3395 599 3454 et
626 3396 745 3456 mem
772 3394 912 3471 p⁰p¹¹¹¹¹⁸
968 3431 1103 3506 propter
1135 3447 1242 3503 itaque
1270 3448 1420 3504 assensu,
1444 3435 1618 3497 ecclesiam
1648 3438 1759 3500 Sancti

117 3493 332 3554 christianus.
350 3492 392 3552 Ut
417 3491 520 3565 igitur
547 3489 753 3551 foeneremini
774 3491 913 3552 Domino
968 3526 1102 3586 Martini
1119 3543 1220 3603 prope
1233 3528 1376 3605 hospital
1379 3547 1397 3590 θ
1411 3547 1431 3592 v
1434 3535 1484 3592 est
1486 3547 1559 3592 rum
1574 3534 1670 3596 sitam
1684 3551 1758 3596 cum

116 3587 308 3698 ⁰⁰,ntuplum
318 3601 353 3646 ¹¹¹
367 3603 433 3694 Ψ
451 3587 483 3696 ⁰t,
496 3587 597 3695 vm
613 3585 772 3646 aetemam
796 3601 831 3646 ¹¹¹
852 3603 914 3662 ¹³³*
968 3623 1177 3699 pertinentiis
1192 3625 1261 3690 suis
1277 3626 1384 3687 eidem
1399 3627 1556 3705 hospitali
1569 3645 1588 3690 a
1603 3631 1758 3692 vaiicrah.

116 3687 218 3747 triam
232 3685 410 3760 recepturi,
428 3683 646 3744 universitate

117 3798 237 3844 namus
255 3783 289 3842 et
310 3779 484 3841 hortamur
501 3780 625 3840 attente
649 3795 709 3856 per
723 3779 913 3856 apostolica

117 3880 240 3955 scripta
256 3878 461 3948 mandantes,
476 3877 509 3937 at
523 3877 558 3936 in
573 3876 804 3938 remissionem
818 3876 912 3939 vobis

116 3991 345 4084 P⁰P⁰³m¹n¹¹⁰f¹
355 3975 577 4084 ¹nJ¹¹¹Jg⁰¹¹t⁰⁸'
588 3973 914 4085 qfflatfflusdfffflff'
968 4007 1240 4070 archidiaconatu
1251 4010 1366 4072 eadem
1380 4015 1531 4076 consistit
1545 4017 1697 4087 ecclesia,
1712 4016 1761 4078 iu·

115 4072 241 4134 mus
262 4070 356 4181 Ῥω
380 4071 501 4180 dans?
523 4073 662 4180 D⁰¹¹J¹¹¹⁰
684 4069 912 4180 {abvenmms
966 4105 1361 4178 tarvanienteconsensu‚
1378 4110 1432 4184 pia
1445 4109 1644 4174 liberalitate
1662 4115 1761 4174 colla-

116 4184 252 4229 manum
261 4181 311 4230 eis
325 4166 367 4228 ad
379 4167 443 4228 hoc
453 4183 506 4244 pie
519 4181 558 4228 ac
573 4166 755 4229 liberaliter
765 4182 911 4244 porriga—
967 4203 1046 4272 tam,
1064 4203 1150 4264 sicut
1168 4218 1241 4262 eam
1256 4206 1346 4280 juste
1365 4221 1404 4265 ac
1419 4207 1557 4282 pacifice
1571 4210 1746 4284 possidetis

116 4265 171 4336 tis,
185 4263 792 4351 itaquoddanteseleemosynamhaiit
802 4265 912 4325 omnia
967 4297 1062 4358 vobis
1076 4300 1108 4360 et
1128 4314 1187 4375 pm,
1200 4315 1259 4360 vos
1274 4299 1431 4376 hospitali
1441 4303 1598 4378 praedicto
1614 4256 1761 4368 auctori}

115 4361 359 4472 munda,v⁰bi,⁸’
374 4365 407 4422 et
425 4361 502 4422 inde
528 4361 675 4474 gratiam
698 4361 733 4470 {¹¹
758 4361 912 4472 Pfjaesenfi
967 4395 1035 4455 tate
1050 4395 1239 4471 Apostolica
1259 4397 1506 4472 confirmamus,
1530 4403 1563 4462 et
1586 4405 1759 4478 praesentis

115 4460 147 4520 et
170 4459 312 4535 gloriam
327 4475 362 4518 in
386 4457 496 4520 futuro
520 4473 717 4519 mereamini
739 4460 910 4534 potiorem.

154 4553 275 4615 Datum
290 4556 404 4616 Romae
418 4554 505 4630 apud
520 4554 678 4614 Sanctum
693 4552 827 4614 Petrum
843 4553 911 4614 idi-

114 4647 178 4710 bus
193 4649 286 4723 maii,
300 4666 388 4712 anno
400 4650 556 4712 secundo.

428 4845 597 4932 textit

270 4990 322 5049 Ad
338 4987 524 5062 cupitttlttm
544 4989 755 5050 Vinariense.

648 3683 832 3743 mmmm
848 3699 914 3744 ΨΟ·
968 3718 1070 3782 tratre
1085 3722 1198 3781 nostro
1213 3722 1363 3783 Conrado
1376 3726 1495 3785 Meten.
1511 3727 1675 3804 episcope,
1696 3729 1761 3788 im-

968 3812 1104 3890 perialis
1114 3813 1200 3876 aulae
1213 3817 1424 3890 cancellario,
1440 3817 1551 3881 dilecti
1565 3821 1625 3883 lilii
1635 3822 1762 3883 lohan-

967 3910 1021 3971 nis
1046 3911 1182 3988 majoris
1205 3912 1431 3976 archidiaconi
1453 3919 1587 3989 Metam,
1610 3918 1643 3980 in
1665 3923 1760 3996 cujus

968 4491 1082 4568 scripti
1092 4493 1275 4569 patrocinio
1285 4497 1573 4559 communimus.N
1578 4499 1758 4577 ulliergo..,

967 4591 1091 4650 nostrae
1104 4590 1377 4662 confirmationis,
1393 4594 1455 4656 etc.
1473 4595 1593 4673 Siquis
1609 4602 1756 4659 autem...

968 4688 1085 4747 Datum
1100 4689 1213 4748 Romae
1226 4688 1312 4764 apud
1330 4691 1486 4752 Sanctum
1502 4695 1637 4754 Petrum
1650 4695 1758 4757 idibus

967 4783 1058 4856 maii,
1076 4800 1163 4845 anno
1179 4784 1335 4846 secunde.

1274 4926 1459 5014 ccxliv

407 5107 441 5164 45
453 5106 522 5164 ma„
542 5107 610 5166 mg
1086 5050 1138 5109 Ad
1151 5051 1345 5110 Henrtcum
1363 5066 1480 5126 repetit
1499 5055 1641 5128 Aiipti'oe.

613 5152 619 5164 ’
1259 5161 1466 5220 ltmaiiltlti.

139 5222 262 5288 disesia
276 5221 322 5274 iu.
335 5221 366 5280 11,
379 5221 451 5286 eiii·
464 5219 532 5272 ¹⁰⁷⁰·
547 5221 650 5274 ΗΜ
662 5221 781 5272 P⁰i²⁰d¹¹
793 5221 865 5274 Μ
880 5220 891 5286 ]
999 5255 1210 5320 fraqistnam,
1223 5256 1297 5320 episi.
1309 5257 1379 5307 ioco.
1392 5259 1449 5308 iss.
1461 5259 1497 5310 ha
1508 5261 1584 5310 roi-ie
1594 5261 1627 5312 ou
1637 5263 1729 5328 rieiiq

116 5329 276 5388 bibentium
292 5327 488 5385 incifflssiiioe
512 5325 667 5399 recipiendi
688 5328 858 5402 missfflfflm
875 5329 910 5385 fl·
967 5353 1003 5410 Ut
1026 5358 1211 5423 pretaxatam
1235 5354 1385 5423 pecuniam
1408 5369 1424 5411 a
1448 5355 1579 5414 Johaniia
1604 5366 1682 5430 patre
1709 5375 1762 5418 aiio

330 5423 359 5473 0²
377 5415 537 5473 3⁰¹b⁰¹¹em
556 5413 698 5473 “mm-
1003 5440 1185 5511 berengariae
1207 5441 1351 5511 quondam
1374 5443 1533 5515 anglorum
1558 5447 1666 5517 regina
1691 5450 1763 5506 solvi

157 5533 207 5594 Ex
228 5534 322 5610 parte
334 5532 445 5594 vestra
461 5530 524 5592 luit
536 5529 631 5592 nobis
645 5530 818 5593 humiliter
834 5547 914 5607 sup-
1004 5527 1098 5586 locist.
1728 5609 1731 5625 .

118 5625 277 5700 plicatum
293 5631 329 5692 ut
349 5644 423 5692 cum
448 5627 540 5689 salvo
558 5629 747 5706 juramento
763 5627 912 5692 ecclesiae
977 5697 980 5704 ¹
1009 5628 1187 5702 Honorius
1204 5629 1280 5702 etc,
1300 5630 1472 5693 carissimo
1492 5632 1527 5692 in
1545 5633 1673 5698 Christo
1694 5637 1763 5700 lille
