4104 6392
62 245 113 302 737

354 401 540 494 CCXXXI

61 537 109 596 Ad
124 532 340 594 Deerat-dum
352 533 618 592 Ambtonenssm
638 530 846 604 episcopum.

349 634 382 692 la
393 634 461 690 maii
475 633 555 691 lala.

100 743 194 824 (Vide
212 744 299 805 hane
318 741 456 813 bullam,
476 741 500 804 t.
521 742 536 802 Ι
559 741 658 818 hujus
680 739 847 810 editionis,

59 843 182 1000 XIIII&
194 840 404 1018 §emptitium
416 839 473 899 lib.
483 839 540 910 ΙΙΙ,
553 837 604 899 tit.
618 839 647 911 1,
660 852 732 914 cap.
745 839 780 898 2:
791 840 850 898 Ero

352 1042 559 1129 dcxxxii

71 1169 122 1230 Aa
137 1167 291 1230 ottonem
305 1163 617 1230 Monosterteussm
628 1167 835 1240 abacorum.

349 1271 383 1328 12
398 1267 466 1326 maii
482 1269 561 1326 lala.

90 1373 429 1442 [Wilmsns,WsstIsllsehss
439 1371 652 1504 Uzendsnbuch,
660 1377 681 1424 t.
693 1371 735 1431 ΙΙΙ,
746 1385 773 1437 p.
780 1371 820 1429 td,

403 1456 456 1506 n.l
492 1454 510 1519 .]

58 1545 188 1617 Quinque
212 1539 378 1617 prebendas
401 1539 548 1601 canonicis
571 1538 756 1600 saecularibus
778 1538 850 1598 assi-

304 1632 436 1707 ·gusndss
448 1630 606 1688 confirmet.
651 1693 657 1700 ⁸

101 1741 206 1814 Quum
220 1757 240 1802 a
256 1736 352 1802 nobis
367 1739 490 1818 petilnr
507 1740 582 1811 eto,
601 1753 709 1812 usquc
726 1755 738 1798 .·
753 1735 854 1798 effec-

58 1833 853 1915 tum,SIgnifioastisiquidemnohis,(quod)honae

56 1935 229 1996 memoriae
240 1937 280 1994 H.
293 1933 565 1996 Mouasteriensis
574 1933 761 2010 episcopus,
772 1947 851 2008 pras·

56 2032 214 2092 decessor
225 2031 313 2102 tuus,
333 2030 412 2091 olim
422 2031 457 2090 in
471 2030 613 2092 ecclesia
625 2031 658 2088 S.
668 2027 803 2088 Martini
819 2026 854 2087 in

57 2123 854 2204 monasterioadipsinsordinationemspectante

55 2225 98 2286 de
117 2224 286 2286 communi
300 2239 465 2286 consensu
486 2222 623 2300 capituli
642 2221 695 2282 sui
709 2220 855 2298 quinque

56 2320 256 2399 praehendas
266 2320 301 2380 in
312 2318 427 2401 endem
443 2317 583 2380 ecclesia
596 2317 711 2379 statuit
721 2315 856 2377 canoni·

56 2419 108 2478 cis
125 2415 345 2479 sacularibus
355 2415 585 2491 assignandas,
597 2412 783 2490 praetlciens
794 2411 857 2472 eis·

56 2515 136 2576 dern
146 2511 359 2592 praepositum
370 2511 427 2589 qui
437 2510 637 2572 deomnihus
646 2508 745 2571 rebus
755 2509 857 2570 eccle-

56 2613 121 2673 siae
131 2603 461 2686 utiliterdisponendi
473 2608 610 2669 liberam
624 2606 745 2668 habeat
757 2604 858 2666 tacul-

55 2710 175 2770 tatem.
212 2709 321 2779 Quare
356 2706 452 2768 nohis
480 2720 523 2766 ex
548 2707 641 2782 parts
664 2707 722 2766 tua
748 2702 859 2764 extitit

56 2803 233 2866 humiliter
263 2803 493 2882 supplicatum,
527 2803 563 2864 ut
590 2802 675 2863 sicut
703 2801 775 2862 hacc
798 2815 858 2878 per

57 2901 238 2979 praelatum
246 2901 522 2978 praedecessorem
532 2900 626 2962 tuum
636 2897 713 2959 sunt
722 2897 857 2974 provide

54 2999 214 3061 instituta
239 2999 272 3060 et
294 3013 352 3074 psr
374 3001 407 3059 te
432 2996 639 3074 postmodum
663 2993 855 3072 approbata,

54 3097 162 3174 prout
175 3096 211 3156 in
225 3095 330 3172 ipsius
344 3096 377 3156 et
399 3093 466 3156 tuis
479 3093 599 3156 litteris
610 3091 740 3170 plenius
750 3090 859 3152 conti-

55 3193 173 3264 netur,
205 3191 396 3268 Apostolioo
427 3190 641 3267 dignaremur
675 3187 858 3250 munimine

54 3289 235 3352 roborare.
250 3289 318 3349 Nos
331 3287 434 3364 Igitur
444 3287 511 3348 tuis
528 3285 682 3363 precihus
692 3284 856 3352 inclinati,

50 3386 223 3466 praedicta
241 3385 366 3454 omnia,
383 3383 469 3445 sicut
488 3383 648 3444 canonIce
668 3397 707 3443 ac
721 3380 859 3458 provide

50 3484 133 3546 acta
150 3482 240 3553 sunt,
256 3480 454 3542 auctoritate
472 3479 663 3556 Apostolica
677 3478 858 3540 conflrma-

49 3597 133 3644 1nus
149 3582 185 3643 et
196 3577 370 3656 praesentis
385 3576 500 3653 scripti
516 3575 701 3654 patrocinio
711 3591 860 3636 eommu-

50 3680 185 3740 nimus.
203 3675 294 3738 Nulli
307 3690 397 3750 ergo,
409 3675 485 3746 stc,
501 3674 624 3734 nostras
635 3672 860 3735 confirmatio-

49 3777 110 3838 nis
128 3773 325 3848 inlringere,
341 3771 395 3833 vel
408 3771 452 3842 ei,
468 3771 544 3842 sto,
559 3785 666 3843 usque
680 3769 858 3831 contraire.

52 3873 91 3934 Si
103 3870 185 3948 quis
194 3869 316 3939 autem,
331 3869 394 3928 etc.
406 3867 524 3928 Datum
534 3867 647 3928 Romae
659 3865 745 3944 apud
755 3867 788 3927 S.
796 3868 861 3926 Pe-

48 3973 163 4038 trum,
176 3967 220 4027 IV
232 3965 307 4026 idus
321 3963 412 4052 maii,
427 3962 637 4040 pontificatus
649 3962 757 4025 nostri
771 3977 860 4024 anno

50 4061 224 4127 secundo.

350 4168 578 4255 CCXXXIII

238 4304 291 4364 Ad
308 4304 466 4364 Pmustoe
479 4303 685 4376 episcopum.

355 4415 389 4472 li
403 4414 471 4472 maii
492 4413 571 4471 isis.

47 4519 330 4588 [llsssslbseh,tlodcx
342 4519 450 4585 diplom.
460 4519 859 4586 Pomorsms,1,p.rt8,n.rra]

44 4625 83 4683 Ei
96 4617 239 4687 mandst,
248 4625 279 4676 ut
291 4619 315 4676 si
327 4619 374 4690 qui
387 4624 485 4676 eontra
498 4618 742 4692 eiusvoluntntem
755 4626 859 4678 terram

83 4707 307 4782 baptizatorum
331 4707 417 4764 totius
441 4707 563 4764 Prussiae
582 4707 687 4765 intrare
708 4709 858 4778 voluerint,

84 4799 137 4856 vel
161 4797 196 4854 iu
211 4807 245 4852 es
267 4794 420 4868 disponere
441 4794 595 4867 quidquam
616 4793 858 4871 praesumpserim,

83 4902 144 4962 per
161 4882 243 4957 quod
264 4883 356 4957 possit
373 4896 552 4956 paganorum
575 4886 725 4942 conversIo
749 4899 858 4959 prspe-

81 4975 144 5034 diri
160 4971 212 5031 vel
226 4970 393 5028 deteriorari
411 4968 537 5029 conditio
551 4985 764 5044 conversorum,
778 4988 829 5032 sos
843 4989 859 5032 s

79 5059 325 5139 praesumptione
344 5057 507 5132 hujusmodi
522 5073 741 5132 percensuram
766 5063 857 5122 eecle-

80 5149 248 5210 siosticsru
264 5153 438 5220 compescat.

86 5256 272 5324 Honorius
294 5257 340 5316 ΙΙΙ
355 5255 541 5332 spIscopus,
552 5270 669 5318 servus
687 5273 859 5322 servorum

41 5361 123 5430 Dei,
138 5351 332 5418 venerabili
344 5351 451 5424 tratri,
463 5353 618 5431 episcopo
629 5355 784 5429 Prusslae,
805 5375 861 5419 sa-

41 5459 162 5520 lutem
177 5452 214 5513 et
228 5449 444 5526 apostolicam
463 5449 739 5515 benedictionem.

89 5556 214 5625 Quum
238 5547 419 5608 secundum
436 5549 628 5624 Apostolum
651 5565 748 5613 nemo
770 5553 862 5614 mili-

212 5699 324 5743 rursm.
345 5701 418 5744 rous
438 5688 473 5744 ll.

674 233 901 298 EPISTOLAE.
924 233 1003 297 LIB.
1028 235 1066 295 Il.

1599 48 1622 134 x.

1633 233 1693 309 us

900 397 975 457 tans
989 397 1056 457 Deo
1076 391 1225 470 implicat
1242 406 1279 453 ss
1299 389 1515 454 saecularibus
1537 389 1689 467 negotiis,

902 509 944 554 ne
955 507 1019 554 non
1033 507 1106 568 quae
1121 504 1251 552 sursum
1262 487 1339 550 sunt
1349 502 1449 566 supra
1463 489 1587 550 terram
1600 503 1693 566 quas-

902 603 977 648 rere
1000 585 1164 659 videatur,
1190 585 1372 646 cavendum
1397 584 1449 646 sst
1469 583 1598 645 dilectis
1613 582 1692 646 tiliis

904 684 1070 746 universis
1091 683 1272 752 leutoniae,
1301 681 1488 754 Bohsmim,
1514 681 1691 753 Moravise,

904 778 1695 854 Daciae,PoloniseetPomeranias,versusPrus-
1757 851 1761 862 Ι

905 879 988 940 siam
1012 878 1108 958 signo
1126 877 1235 940 crucis
1250 877 1384 954 accepto
1397 875 1693 954 proficiscentibus,

905 990 947 1037 ne
984 991 1059 1038 cum
1084 990 1120 1036 se
1155 971 1395 1051 adscripserint
1427 972 1584 1051 obsequio
1615 974 1696 1036 Jesu

906 1073 1039 1146 Christi,
1051 1071 1091 1134 ad
1107 1070 1346 1134 defendendum
1361 1069 1393 1132 te
1407 1069 1441 1132 et
1454 1069 1698 1147 novitsrhapti·

906 1172 995 1232 satos
1012 1170 1046 1232 st
1063 1183 1251 1241 conversos,
1268 1167 1310 1230 ab
1329 1167 1519 1230 incursibus
1544 1183 1697 1244 pagano-

906 1283 990 1341 rum,
1000 1267 1179 1344 hocgratia
1189 1266 1274 1327 lucri
1285 1265 1427 1343 alicujus
1436 1263 1561 1327 iaciant
1570 1267 1700 1342 tempo-

905 1365 998 1437 ralis,
1007 1365 1084 1442 quia
1095 1362 1276 1426 secundum
1285 1362 1513 1439 evangelicam
1523 1363 1698 1426 veritatem

906 1477 1004 1526 nemo
1018 1461 1126 1539 potest
1151 1459 1278 1523 duobus
1302 1459 1449 1523 Dominis
1473 1460 1611 1531 servire,
1629 1462 1697 1522 Deo

906 1560 940 1622 et
962 1558 1152 1622 mammonl.
1177 1559 1217 1620 nt
1246 1572 1297 1620 vae
1326 1557 1454 1620 homini
1479 1557 1603 1620 terram
1633 1557 1698 1618 viis

907 1655 1036 1718 duabus
1051 1655 1200 1719 intranti.
1224 1655 1373 1733 Simplex
1386 1655 1474 1716 enirn
1489 1654 1525 1716 in
1539 1655 1702 1733 simplici-

907 1755 974 1818 tate
990 1753 1185 1833 quaerendus
1198 1754 1249 1816 est
1260 1753 1432 1826 Dominus,
1447 1753 1503 1830 qui
1524 1753 1618 1815 adest
1630 1768 1702 1816 om-

908 1851 1006 1914 nibus
1019 1850 1249 1914 invocantibus
1263 1865 1384 1912 nomen
1399 1853 1482 1926 ejus.
1501 1849 1594 1912 Unde
1609 1849 1700 1927 ipsos

909 1947 1091 2010 monendos
1122 1947 1279 2009 dommus
1306 1949 1340 2009 et
1368 1946 1549 2009 hortandos
1577 1945 1701 2008 eisdem

909 2043 1170 2107 nosursuantes
1189 2042 1310 2104 litteris
1334 2042 1369 2103 in
1392 2042 1569 2115 mandatis,
1586 2043 1702 2106 utnon

910 2156 982 2218 quae
998 2155 1059 2201 sna
1075 2139 1163 2210 sunt,
1187 2139 1243 2200 sed
1268 2155 1342 2216 quas
1366 2141 1445 2201 iesu
1465 2138 1587 2201 Christi
1611 2156 1704 2217 quae-

909 2238 1032 2310 rentes,
1048 2237 1090 2299 ad
1114 2237 1373 2299 convertendum
1391 2236 1433 2297 ad
1447 2239 1562 2309 Deum,
1579 2253 1646 2298 non
1661 2237 1701 2300 ad

909 2333 1152 2413 subjugandum
1164 2350 1234 2396 suas
1253 2333 1406 2396 servituti
1429 2349 1576 2410 paganos
1591 2335 1703 2396 atten-

911 2431 1001 2504 dant,
1013 2446 1055 2492 ne
1067 2431 1152 2508 quod
1171 2430 1258 2492 absit
1272 2430 1320 2491 illi
1332 2431 1486 2492 timentes
1499 2430 1618 2508 subjici
1631 2446 1704 2492 ser-

911 2529 1026 2601 vitute,
1043 2529 1077 2588 in
1092 2526 1144 2589 sui
1154 2527 1279 2588 erroris
1294 2525 1478 2604 pertinacia
1493 2526 1611 2590 lortius
1626 2527 1705 2590 obs-

911 2625 1068 2699 tinentur,
1085 2625 1118 2687 et
1138 2623 1203 2702 ipsi
1227 2623 1350 2686 trustra
1365 2623 1517 2686 laborent
1532 2625 1566 2686 in
1591 2627 1651 2698 eia,
1675 2625 1703 2687 si

913 2723 1083 2794 Dominus,
1099 2721 1156 2800 qui
1171 2737 1268 2784 renes
1284 2722 1452 2784 scrutatur
1465 2723 1499 2784 et
1520 2722 1631 2796 corda,
1644 2737 1706 2784 vo-

911 2819 955 2881 tis
971 2818 1040 2880 suls
1056 2834 1123 2882 non
1139 2817 1261 2881 laverit
1279 2818 1472 2890 insensatis,
1487 2819 1544 2879 sed
1567 2821 1603 2882 nt
1617 2819 1705 2896 legi-

912 2916 991 2978 time
1019 2915 1147 2978 certare
1171 2913 1353 2992 probentur
1375 2913 1418 2975 ab
1446 2913 1599 2976 omnibus
1625 2916 1704 2977 abs-

912 3013 1055 3075 tinentes
1082 3012 1227 3084 illicitis,
1253 3011 1316 3073 tibi
1341 3011 1494 3073 omnibus
1519 3013 1625 3074 modis
1652 3014 1708 3074 in—

912 3107 1058 3179 tendant,
1075 3107 1130 3169 cui
1158 3107 1318 3168 Dominus
1340 3107 1375 3168 in
1397 3107 1450 3168 his
1472 3109 1524 3169 est
1544 3107 1706 3170 hactenus

913 3201 1110 3267 mirabiliter
1124 3205 1349 3282 prosperatus.
1366 3204 1527 3278 Quocirca
1546 3205 1707 3267 fraterni-

913 3303 973 3365 tati
985 3303 1050 3364 tuae
1072 3317 1132 3378 per
1147 3301 1336 3378 Apostolica
1361 3301 1484 3378 scripta
1499 3302 1704 3377 mandamus,

914 3397 1075 3476 quatenus
1088 3396 1117 3458 si
1132 3397 1188 3474 qui
1201 3399 1316 3458 contra
1325 3397 1528 3459 voluntatem
1539 3399 1629 3460 tuam
1645 3401 1707 3461 ter·

913 3511 986 3558 ram
997 3493 1237 3572 baptizatorum
1248 3493 1348 3556 totius
1358 3495 1503 3555 Prussiae
1515 3495 1641 3557 intrare
1653 3513 1708 3558 ro·

914 3591 1046 3665 luerInt,
1059 3591 1113 3654 rel
1129 3591 1162 3651 in
1175 3607 1214 3652 ea
1230 3589 1407 3668 dIsponere
1426 3590 1605 3670 quidquam
1621 3609 1709 3670 prae-

915 3689 1125 3766 sumpserint,
1162 3703 1221 3766 par
1250 3688 1336 3766 quod
1370 3690 1475 3768 possit
1501 3705 1706 3768 paganorum

915 3785 1087 3849 conversio
1098 3784 1274 3864 praepediri
1287 3786 1340 3847 vel
1352 3786 1549 3849 deteriorari
1561 3788 1707 3850 conditio

915 3899 1161 3956 conversorum,
1185 3899 1242 3944 eos
1263 3898 1284 3944 a
1306 3884 1564 3962 presumptione
1588 3885 1708 3961 hujusu

915 3981 1014 4055 modi,
1031 3981 1212 4044 monitione
1235 3982 1420 4058 praemissa,
1447 3997 1506 4058 per
1531 3997 1707 4044 censuram

914 4079 1186 4150 ecclesiasticam,
1212 4078 1435 4155 appellatione
1453 4079 1590 4152 remota,
1613 4096 1708 4141 com-

915 4193 1042 4254 pesnas,
1068 4176 1169 4237 nullis
1193 4175 1315 4236 litteris
1338 4174 1557 4245 obstantibus,
1578 4177 1608 4238 si
1634 4193 1707 4255 quae

915 4287 1016 4352 super
1029 4273 1093 4335 hoc
1108 4272 1323 4351 apparuerint
1344 4271 1428 4349 quod
1456 4289 1522 4334 non
1542 4272 1708 4335 credimus

914 4373 950 4432 in
985 4369 1188 4433 eontrarium
1216 4369 1412 4447 impetratis.
1449 4370 1568 4432 Datum
1595 4374 1708 4433 Romae

915 4475 1001 4554 apud
1016 4477 1173 4540 Sanctum
1188 4476 1334 4548 Petrum,
1350 4477 1394 4536 IV
1413 4475 1488 4538 idus
1510 4477 1601 4551 maii,
1619 4493 1707 4556 pon-

913 4575 1057 4638 tillcatus
1073 4574 1179 4637 nostri
1194 4588 1282 4636 anno
1297 4573 1454 4636 secundo.

1203 4733 1426 4820 GGXXXIV

953 4871 1005 4932 Ad
1016 4869 1172 4930 abbatem
1185 4867 1219 4930 et
1232 4865 1438 4930 conventam
1452 4869 1670 4929 hamersten.

1207 4978 1241 5038 it
1255 4980 1323 5038 maii
1339 4977 1418 5038 1218.

983 5089 1128 5154 [Wilrnans
1143 5086 1333 5139 Westlaliscbss
1350 5085 1560 5144 Urkendcnbuch,
1574 5093 1593 5138 t.
1605 5087 1647 5144 Ill,

1208 5182 1234 5233 p.
1249 5167 1288 5223 ed.
1305 5181 1331 5218 n.
1347 5165 1414 5231 isa]

914 5267 1051 5327 Redditus
1073 5281 1143 5342 piros
1167 5267 1231 5325 Otto
1253 5265 1485 5323 llousstedeusis
1509 5266 1709 5340 episcopusin

949 5355 1069 5415 ecclesis
1098 5355 1135 5414 de
1162 5353 1315 5413 ThIsdeteu
1348 5356 1516 5424 contulerat,
1545 5357 1711 5415 auctoritate

949 5445 1112 5520 Apostolus
1129 5443 1287 5502 confirmat.

955 5554 1120 5618 HonorIus
1160 5553 1351 5630 episcopus,
1388 5567 1503 5614 seruus
1538 5567 1710 5618 servorum

1538 5694 1573 5752 il
