4104 6392
1807 52 1816 55 -
1825 54 1881 61 --2—--

294 256 355 318 719
919 255 1093 317 Honorati
1117 256 1161 316 111
1183 255 1330 316 OPERA.
1889 263 1958 320 Ῥω

295 420 428 496 opponi.
454 420 522 482 Nos
538 418 648 496 itaque
664 433 702 479 ea
728 435 800 498 quae
820 416 861 478 ad
886 433 999 496 pacem
1017 417 1092 480 sunt
1145 414 1207 476 dus
1228 415 1384 488 decanus,
1399 413 1432 476 et
1457 414 1651 476 universum
1678 419 1953 482 Autissiodorsn.

293 517 476 595 cupientes,
486 517 564 577 huic
577 516 815 592 compromisso
826 531 998 577 assensum
1010 531 1092 592 prae·
1145 511 1294 574 ecclesiae
1310 510 1491 590 capitulum
1507 512 1659 575 omnibus
1685 521 1870 593 praesentas
1885 519 1953 582 lit-

292 615 418 686 bentes,
444 615 524 675 illud
549 613 610 675 sub
632 614 804 689 praesentis
829 613 960 691 paginae
985 615 1019 674 et
1043 613 1091 672 sl·
1144 613 1232 671 taras
1248 609 1447 687 inspecturis
1463 609 1498 670 in
1513 613 1653 673 Domino
1664 614 1816 676 salutem.
1834 617 1951 678 Nove

291 713 364 790 gilli
384 712 489 774 nostri
513 713 702 774 testimonio
728 711 883 774 duximus
918 710 1088 782 roborare,

291 813 401 874 ratum
420 812 453 871 et
472 811 707 872 inconcussum
719 810 754 871 in
774 810 969 887 perpetuum
990 807 1088 870 babi-

291 913 362 970 tum
377 908 537 988 quidquid
557 923 657 970 exeo
679 907 743 971 luit
756 907 954 969 ordina-tum.
973 907 1089 968 Actum

290 1022 405 1068 mense
426 1005 621 1085 septembris
650 1020 738 1068 anno
758 1003 1003 1066 lncamationis
1019 1004 1088 1064 Do-

291 1103 424 1166 minicaa
440 1105 581 1165 MCGXI.

331 1202 529 1268 Littcraecc
537 1201 1086 1276 parrenutuscocoren.concept.

292 1300 481 1362 willelmus
496 1300 556 1362 Det
574 1299 683 1375 gratia
705 1297 968 1360 Autissiodoren.
994 1295 1088 1374 epis-

291 1414 406 1476 copus,
421 1396 573 1458 omnibus
586 1397 768 1474 praesentea
784 1395 913 1457 litteras
925 1394 1089 1472 inspectu·

291 1495 338 1557 ris
354 1495 389 1556 in
411 1495 550 1557 Domino
575 1494 726 1556 salutem.
754 1493 917 1555 Noverint
939 1491 1087 1553 universi

292 1593 378 1670 quod
394 1609 468 1655 cum
482 1593 570 1654 inter
584 1606 644 1653 nos
660 1609 703 1653 ox
718 1607 783 1652 una
793 1591 939 1668 parte,et
952 1604 1087 1651 venera-

289 1689 390 1753 bilem
405 1691 532 1769 patrem
546 1688 737 1752 Gualterum
754 1689 877 1750 Eduen.
894 1687 1086 1767 episcopum

290 1805 333 1852 ex
345 1789 461 1860 altera,
476 1803 576 1864 super
589 1787 718 1864 capella
741 1786 781 1847 de
802 1785 972 1847 Bethleem
998 1783 1085 1861 apud

291 1885 527 1948 Clametiacum
552 1886 585 1948 et
612 1888 691 1963 jnre
720 1882 906 1963 parochiali
938 1881 1085 1960 ejusdem

1144 707 1211 769 rint
1224 707 1371 769 universi
1382 707 1467 784 quod
1481 723 1556 768 cum
1567 708 1655 772 inter
1667 713 1879 774 venerabiles
1894 731 1956 793 pa·

1143 806 1211 867 tres
1224 807 1394 868 dominum
1403 806 1609 894 willelmum
1620 809 1891 873 Autissiodoren.
1905 827 1953 874 ex

1144 904 1323 983 unaparte,
1333 905 1366 966 et
1380 905 1550 966 Galterum
1566 907 1690 968 Eduen.
1702 909 1878 986 episcopos
1907 927 1954 972 ex

1143 1002 1260 1074 altera,
1277 1001 1406 1079 capella
1421 1002 1462 1064 de
1475 1003 1644 1065 Bethleem
1657 1005 1743 1082 apud
1759 1007 1952 1069 Clametia-

1143 1115 1218 1161 cum
1232 1100 1264 1161 et
1280 1102 1358 1177 jure
1382 1100 1569 1176 parochiali
1589 1102 1738 1178 ejusdem
1759 1103 1857 1182 burgi
1884 1121 1951 1166 co-

1142 1211 1251 1258 ram...
1268 1197 1441 1268 cantora„
1457 1198 1797 1276 ar·chipresbyter0,et
1812 1203 1953 1278 magis-

1142 1294 1193 1355 tro
1207 1294 1407 1356 Bonoamico
1423 1295 1584 1356 canonico
1600 1296 1780 1359 Bituricen.
1796 1300 1952 1361 auctori·

1142 1391 1210 1452 tate
1225 1391 1414 1468 apostoliea
1428 1392 1567 1470 quaestio
1586 1395 1784 1469 verteretur,
1805 1397 1947 1458 tandem

1142 1489 1364 1551 mediantibus
1377 1490 1459 1550 viris
1471 1490 1579 1563 bonis,
1595 1493 1629 1553 et
1642 1492 1683 1554 ad
1697 1509 1814 1570 pacem
1841 1495 1949 1556 inter-

1141 1587 1352 1663 ponentibus,
1387 1589 1499 1664 partes
1527 1604 1604 1650 suas
1640 1589 1674 1650 in
1712 1591 1946 1654 uenerabilem

1142 1684 1269 1760 patrem
1293 1687 1471 1746 Manassen
1495 1687 1711 1748 Aurelianen.
1746 1689 1947 1767 episcopum

1141 1784 1174 1844 et
1195 1783 1389 1858 magistrum
1409 1783 1590 1844 Bituricen.
1607 1785 1885 1848 archidiaconum
1911 1791 1946 1850 et

1141 1879 1370 1941 Humbaudum
1385 1881 1648 1943 antissiodoren.
1663 1884 1864 1946 canonicum
1879 1902 1946 1946 su-

1141 1993 1199 2053 per
1214 1977 1271 2040 illa
1287 1979 1514 2040 controversia
1529 1979 1590 2040 sub
1602 1996 1699 2057 poena
1711 1982 1844 2044 centum
1857 1999 1950 2044 mar·

1140 2091 1253 2136 carum
1267 2076 1340 2154 pari
1352 2076 1521 2138 voluntate
1536 2079 1836 2155 compromiserunt
1863 2080 1949 2142 hinc

291 1982 389 2059 burgi
410 1997 560 2046 coram...
577 1981 723 2053 cantore,
747 1979 1036 2056 archipresbitero,
1053 1981 1087 2040 et

292 2080 453 2156 magistro
484 2079 685 2140 Bonoamico
713 2093 874 2140 canonrco
902 2077 1083 2139 bituricen.

292 2177 489 2239 auctoritate
510 2175 699 2253 apostolica
721 2174 860 2252 quaestio
884 2174 1082 2247 verteretur,
1140 2173 1217 2234 inde
1239 2173 1299 2235 sub
1321 2173 1380 2236 tali
1403 2173 1519 2247 forma,
1546 2175 1632 2253 quod
1658 2175 1776 2238 arbitri
1803 2178 1874 2254 ipsi
1904 2180 1948 2240 de

290 2273 423 2337 tandem
446 2273 666 2335 mediantibus
690 2271 773 2334 viris
793 2271 900 2345 bonis,
918 2272 950 2333 et
964 2271 1005 2334 ad
1021 2289 1084 2350 pa·
1140 2273 1240 2349 plano
1264 2275 1321 2349 jus
1350 2273 1522 2350 utriusque
1554 2274 1659 2352 partis
1687 2274 1873 2352 inquirent,
1914 2281 1948 2338 et

291 2389 362 2434 cem
386 2369 673 2448 interponentibus
694 2369 805 2448 partes
828 2385 907 2431 suas
931 2369 964 2430 in
982 2385 1087 2432 vene-
1140 2385 1217 2447 pars
1233 2369 1373 2447 utraque
1392 2371 1588 2433 inconcusse
1610 2372 1756 2434 servabit
1777 2373 1946 2452 quidquid

290 2468 429 2534 rabilem
452 2471 496 2529 M.
515 2467 727 2535 aurelianen.
745 2469 948 2545 episcopum,
967 2467 1086 2543 magis·
1139 2465 1258 2530 arbitri
1273 2467 1347 2545 ipsi,
1365 2469 1416 2529 vel
1432 2468 1606 2545 episcopus
1622 2485 1695 2531 cum
1708 2472 1815 2534 altero
1837 2487 1946 2534 coar-

289 2573 376 2631 trum
403 2570 443 2629 H.
471 2563 732 2628 antissiodoren.
761 2566 969 2637 canonicum,
986 2579 1086 2642 super
1140 2564 1452 2628 bitrorumsuorum
1474 2565 1607 2629 duxerit
1629 2567 1881 2645 arbitrandum3
1910 2573 1944 2632 et

289 2666 347 2727 illa
363 2665 589 2728 controversia
614 2663 674 2724 sub
694 2679 792 2741 poena
809 2665 941 2725 centum
960 2679 1087 2725 marca·
1140 2663 1326 2725 condictum
1347 2664 1407 2736 est,
1425 2663 1511 2741 quod
1541 2667 1675 2742 propter
1695 2666 1786 2728 tertii
1809 2666 1944 2730 absen-

290 2763 446 2842 rumpari
464 2762 543 2830 hino
562 2761 639 2828 inde
655 2761 943 2838 compromisimus
965 2762 1086 2823 volun·
1140 2762 1220 2822 tiam
1244 2776 1310 2821 non
1339 2761 1538 2838 impedietur
1559 2764 1639 2840 quin
1663 2765 1841 2842 episcopus
1865 2783 1945 2827 cum

164 2893 170 2910 ι
291 2863 369 2934 late,
386 2860 447 2922 sub
475 2858 538 2922 hac
566 2858 672 2920 torma
696 2859 782 2936 quod
812 2857 929 2921 arbitri
955 2858 1019 2935 ipsi
1045 2857 1085 2920 de
1140 2858 1306 2921 coarhitro
1320 2875 1391 2928 suo,
1408 2860 1465 2936 qui
1478 2859 1578 2922 suerit
1591 2877 1747 2936 praesens,
1764 2863 1946 2938 procedat.

292 2960 390 3036 plano
402 2961 458 3036 Jus
471 2957 642 3034 utriusque
661 2957 763 3034 partis
779 2957 959 3034 inquirent,
978 2957 1011 3018 et
1026 2972 1085 3018 nos
1141 2959 1247 3034 Super
1266 2972 1363 3033 poena
1383 2960 1494 3018 autem
1514 2959 1646 3021 centum
1669 2974 1862 3021 marcarum
1887 2977 1949 3022 ar-

291 3058 488 3120 inconcusse
517 3053 725 3116 servabimus
753 3054 910 3131 quidquid
936 3055 1011 3132 ipsi,
1032 3054 1084 3115 vel
1139 3054 1228 3129 genti
1241 3053 1431 3131 repetenda,
1446 3053 1475 3114 si
1488 3055 1662 3132 episcopus
1676 3058 1791 3118 noster
1803 3062 1898 3121 esset
1910 3060 1946 3119 in

291 3153 467 3231 episcopus
480 3166 554 3211 eum
570 3149 675 3212 altaro
694 3149 934 3212 coarbitrorum
949 3166 1084 3214 suorum
1140 3149 1279 3223 deiectu,
1295 3151 1466 3228 supposuit
1487 3167 1523 3212 se
1540 3153 1626 3212 idem
1640 3154 1816 3231 episcopus
1843 3156 1945 3233 plene

291 3247 425 3312 duxerit
462 3247 703 3320 arbitrandum,
732 3249 766 3308 et
802 3247 989 3310 condictum
1018 3251 1083 3322 est,
1136 3248 1366 3325 jurisdictioni
1380 3249 1681 3311 dictinurelianen.
1694 3251 1845 3330 episcopi
1856 3270 1949 3316 coer-

292 3348 378 3426 qnod
394 3348 527 3424 propter
541 3345 631 3408 tertii
647 3345 829 3406 absentiam
844 3360 910 3408 non
924 3346 1087 3423 impedie-
1140 3345 1292 3418 cendum,
1307 3349 1340 3408 et
1350 3349 1385 3408 ut
1397 3349 1504 3423 majus
1518 3347 1620 3408 robur
1633 3348 1780 3411 obtineat
1790 3365 1945 3428 compro

290 3447 356 3520 tur,
373 3445 454 3524 quin
468 3445 643 3521 episcopus
667 3459 742 3509 curn
757 3441 922 3504 coarbitro
938 3458 1009 3517 suo,
1029 3445 1085 3523 qui
1140 3444 1945 3524 missum‚d0mihusnosterepiscopusilludduxit
2041 3453 2042 3457 ’

292 3561 439 3624 praesens
451 3541 560 3614 luerit,
574 3540 741 3620 procedat.
753 3543 858 3617 Super
868 3557 965 3618 poena
975 3543 1085 3604 autem
1140 3557 1199 3619 per
1210 3541 1327 3603 suaset
1338 3542 1468 3602 nostrus
1483 3540 1611 3603 litteras
1620 3543 1791 3606 roborare.
1801 3547 1942 3608 Durabit
2038 3557 2040 3626 ζ

293 3644 423 3706 centum
440 3655 626 3706 marcarum
640 3637 830 3716 repetenda,
847 3639 877 3699 si
889 3653 1036 3702 essemus
1051 3640 1085 3700 in
1140 3641 1250 3702 autem
1262 3639 1629 3715 compromissumistud
1641 3657 1746 3719 usque
1760 3643 1800 3703 ad
1819 3642 1939 3707 testum
2036 3653 2039 3740 J

295 3741 435 3810 defectu,
466 3736 564 3814 plena
586 3735 820 3814 supposuimus
847 3751 907 3796 nos
924 3737 1087 3814 Jurisdic-
1141 3737 1287 3798 omnium
1303 3736 1509 3808 Sanctorum,
1528 3738 1592 3798 nisi
1608 3738 1648 3798 de
1668 3742 1834 3816 communi
1853 3759 1938 3802 con·
2035 3773 2036 3798 t

292 3837 376 3900 tioni
389 3835 535 3916 episcopi
550 3833 742 3913 supradicti,
760 3835 792 3894 et
807 3833 843 3894 ut
854 3836 961 3912 majus
985 3833 1087 3900 robur
1142 3850 1242 3894 sensu
1257 3833 1398 3911 partium
1421 3833 1521 3896 suerit
1543 3835 1682 3897 ulterius
1706 3841 1936 3914 prorogatum,
2033 3837 2035 3914 ζ

293 3933 442 4002 obtineat
455 3932 740 4015 compromissum,
755 3930 836 3992 illud
851 3933 919 3994 tam
935 3948 995 4008 per
1008 3948 1088 3994 nos·
1141 3949 1184 3993 er
1195 3933 1275 3993 tunc
1295 3931 1323 3992 si
1335 3947 1400 3993 uon
1416 3936 1503 3992 esset
1516 3947 1617 3994 causa
1633 3949 1692 4011 per
1704 3934 1851 3997 arbitros
1863 3939 1940 3998 ter·
2031 3943 2033 4026 J

292 4036 362 4096 tras
373 4049 471 4111 quam
491 4030 628 4108 capituli
652 4027 758 4092 nostri
784 4029 911 4090 litteras
931 4029 1086 4090 duximus
1142 4029 1277 4102 minata,
1295 4029 1720 4093 dominusnutissiodoren.
1746 4032 1941 4112 adjudices
2030 4051 2032 4082 l

292 4131 462 4195 roborare.
501 4127 639 4191 Durabit
669 4128 780 4190 autem
813 4127 1086 4204 compromissum
1142 4143 1218 4188 suos
1230 4127 1383 4204 superius
1397 4127 1583 4190 nominatos
1600 4128 1738 4191 haberet
1753 4146 1945 4204 recursum,
2028 4153 2029 4160 ¹

293 4231 380 4294 istud
404 4245 507 4306 usque
522 4226 563 4290 ad
578 4225 697 4288 tostum
712 4225 861 4286 omnium
877 4227 1084 4298 Sanctorum,
1142 4226 1175 4286 ot
1194 4225 1282 4286 esset
1306 4223 1474 4301 negotium
1495 4225 1603 4304 quoad
1624 4226 1752 4289 litteras
1767 4231 1945 4306 Apostoli-

292 4329 358 4394 niSi
377 4329 417 4391 de
437 4323 603 4388 communi
623 4337 788 4386 consensu
815 4321 960 4398 partium
988 4321 1088 4385 luerit
1142 4321 1946 4400 cas,quarumauctoritateconveniturdominus

293 4425 505 4506 prorogatum
524 4423 556 4484 et
575 4421 721 4492 extunc,
736 4419 764 4480 si
787 4436 852 4481 non
876 4434 912 4481 es
931 4423 964 4481 et
986 4435 1087 4484 causa
1143 4419 1265 4480 llduen.
1300 4419 1490 4498 episcopus,
1521 4422 1553 4481 ot
1581 4421 1687 4500 quoad
1723 4423 1836 4485 omnia
1880 4429 1946 4487 tam

291 4527 432 4592 arbitros
445 4519 669 4588 terminatum,
684 4533 745 4578 nos
760 4518 800 4577 ad
812 4517 943 4593 judicas
957 4518 1087 4579 nostros
1142 4517 1250 4595 quoad
1274 4516 1467 4594 praedictum
1494 4516 1664 4580 dominum
1684 4519 1824 4592 Eduen„
1844 4539 1946 4600 quam

292 4623 446 4702 superius
469 4616 657 4686 nominatos
681 4613 879 4676 haberemus
902 4631 1085 4687 recursum,
1142 4614 1249 4692 quoad
1265 4613 1434 4674 dominum
1449 4614 1712 4676 antissiodoren.
1727 4617 1761 4680 in
1775 4633 1817 4679 eo
1841 4622 1946 4692 statu,

292 4725 325 4786 et
339 4720 425 4782 esset
437 4715 605 4792 negotium
620 4711 728 4790 quoad
738 4711 867 4774 litteras
881 4713 1087 4790 apostolicas
1143 4714 1176 4773 in
1191 4727 1255 4789 quo
1269 4712 1340 4774 erat
1354 4713 1500 4788 tempore
1515 4711 1756 4790 compromissi,
1773 4715 1823 4778 ita
1858 4719 1947 4794 quon

292 4831 430 4897 quarum
446 4811 643 4880 auctoritate
658 4809 1087 4891 conveniebamusjamdic·
1142 4826 1207 4871 non
1236 4808 1357 4887 poterit
1388 4808 1488 4886 hujus
1517 4811 1748 4887 compromissi
1775 4817 1947 4890 praetextu

1978 64 1982 67 .
1992 64 2025 71 -—.

292 4921 361 4980 tum
377 4913 501 4980 Eduen.
518 4909 709 4988 episcopum
725 4911 758 4970 et
770 4908 878 4986 quoad
892 4909 1002 4970 omnia
1019 4909 1086 4970 tam
1142 4907 1292 4984 exceptio
1317 4906 1430 4984 aliqua
1445 4907 1560 4968 contra
1576 4907 1746 4971 dominum
1772 4913 1947 4976 Autissio-
2014 4945 2015 4954 ,

291 5012 398 5094 quoad
410 5027 481 5083 nos,
496 5005 716 5088 quamquoad
730 5006 838 5089 ipsunt
851 5007 886 5072 in
899 5023 938 5068 eo
954 5008 1041 5070 statu
1051 5009 1087 5069 in
1141 5006 1267 5077 dorem,
1291 5004 1343 5067 vel
1370 5004 1499 5065 litteras
1526 5005 1702 5082 praedictas
1726 5007 1768 5068 ab
1799 5009 1943 5074 adversa

291 5129 356 5191 quo
371 5110 445 5174 erat
456 5110 606 5184 tempore
618 5103 861 5184 compromissi,
871 5103 1086 5190 itaquoduon
1141 5105 1235 5180 parte
1250 5101 1382 5180 opponi.
1397 5103 1466 5163 Nos
1478 5101 1590 5179 itaque
1603 5119 1643 5164 ea
1658 5119 1733 5181 quae
1756 5105 1800 5168 ad
1825 5126 1941 5186 paccn
2010 5119 2012 5182 g

291 5209 402 5292 posset
412 5207 511 5284 hujus
523 5202 753 5280 compromissi
762 5201 926 5278 praetaxtu
935 5202 1086 5279 exceptio
1142 5201 1217 5262 sunt
1244 5200 1424 5278 cupientes,
1448 5200 1526 5261 huic
1548 5203 1790 5278 compromisso
1822 5222 1947 5268 assen—
2008 5281 2009 5290 ἵ

291 5307 404 5385 aliqua
419 5303 569 5380 exparte
585 5301 691 5378 ipsius
714 5298 830 5360 contra
846 5313 909 5360 nos
931 5313 972 5360 ac
993 5297 1085 5361 litte·
1141 5313 1212 5358 sum
1225 5297 1420 5374 praebentas,
1435 5297 1518 5358 illud
1532 5297 1592 5358 sub
1613 5301 1793 5375 praesentis
1809 5304 1941 5380 pagina

290 5421 346 5469 ras
361 5397 638 5480 nostrasopponi.
666 5396 782 5459 Actum
808 5411 923 5458 meuse
951 5395 1087 5474 augusti
1141 5399 1174 5456 et
1193 5395 1294 5472 sigilli
1319 5394 1425 5456 nostri
1449 5395 1640 5457 testimonio
1663 5395 1821 5460 duximus
1840 5397 1937 5459 rubo-

289 5501 429 5571 Mccxi.

1142 5509 1228 5566 rare,
1245 5495 1354 5556 ratum
1373 5495 1405 5554 et
1422 5493 1655 5554 inconcussum
1680 5494 1716 5556 in
1742 5498 1941 5575 perpetuum
2004 5493 2006 5561 J

332 5599 475 5666 thtcrae
493 5594 635 5672 capituli
652 5593 923 5656 antissiodoren.
945 5591 1088 5669 ilaynal·
1141 5591 1287 5657 babituri
1301 5589 1458 5696 quidquid
1474 5605 1516 5652 ex
1532 5590 1580 5656 eis
1609 5590 1708 5655 luerit
1740 5595 1947 5658 ordinatum.
2002 5607 2004 5674 J
