4234 6442
1936 184 1999 244 teo

964 184 1139 247 lloNoth
1162 181 1206 244 tlt
1229 131 1377 246 OPEer.

345 200 410 261 tto*

344 375 412 421 non
431 357 476 420 sit
489 353 627 418 malitiis
649 350 818 414 homiuum
843 344 1090 422 indulgendum,
1109 345 1142 406 et
1196 342 1438 404 nuiscurarum
1452 341 1617 420 angustiis
1635 343 1784 404 nostrum
1796 343 1998 420 angentibus

344 457 421 521 lites
442 453 591 535 protrahi
622 467 687 514 non
712 447 854 510 debeant
878 444 934 508 sed
966 441 1137 520 restringi,
1196 443 1344 508 animum
1357 441 1544 514 anxiemur,
1558 441 1861 520 cogitamustameu
1871 442 1999 510 stalla,

345 554 471 618 eisdem
497 551 645 613 districte
668 547 819 608 dedimus
841 544 877 605 in
905 541 1081 611 mandatis,
1106 541 1143 600 ut
1196 556 1270 618 quae
1290 540 1355 601 nisi
1372 539 1430 600 illa
1445 539 1628 617 provideat,
1650 540 1706 616 qui
1723 555 1842 616 aspera
1867 539 1901 600 in
1923 541 1998 602 trias

347 650 468 730 gratia,
488 647 575 718 odie,
599 649 633 707 et
650 644 764 705 lavore
786 639 988 719 postpositis
1000 641 1035 699 et
1052 637 1142 698 omni
1197 638 1315 715 planas
1330 639 1362 699 et
1374 653 1477 716 prava
1489 637 1525 698 ln
1540 637 1667 698 directa
1681 637 1855 705 convertit,
1877 654 1920 699 ex
1934 637 1999 698 boc

346 745 623 826 tergiversatione
641 742 793 804 cessante
810 738 897 801 inlra
917 739 985 799 tres
1009 751 1141 797 menses
1197 734 1393 812 inopinabili
1404 736 1437 796 et
1449 734 1654 796 lamentabili
1669 751 1752 796 casu
1766 735 1923 799 evenient
1937 735 2001 796 de-

347 849 421 926 post
439 843 682 922 susceptionem
704 837 938 917 praesentium,
963 828 1142 910 propositis
1196 832 2001 909 tumentabxbocenimuraecorumperudiein·

346 944 445 1008 simul
460 943 494 1004 et
505 940 606 1003 semel
621 937 773 1000 omnibus
791 932 1042 1010 exceptionibus
1057 930 1143 991 dila·
1197 931 1347 1003 solescet
1364 930 1666 993 consternabuntur
1678 931 1783 992 animi
1800 931 1999 994 Latinorum

347 1027 1142 1113 toriis,laciantlitemlagitimecontestari,etsic
1197 1030 1409 1092 existentium
1423 1029 1456 1089 in
1477 1029 1626 1106 partibus
1643 1029 1827 1100 Romaniae,
1850 1045 1909 1106 per
1934 1029 2000 1091 boc

347 1141 478 1204 ratione
502 1136 626 1216 praevia
645 1134 687 1196 ad
712 1130 981 1195 terminationem
1004 1125 1140 1202 negotii,
1197 1129 1233 1188 in
1257 1127 1355 1204 gravi
1373 1126 1564 1188 discrimine
1589 1127 1792 1204 positorum:
1818 1127 2000 1190 christiani

347 1238 477 1300 sublato
492 1231 669 1313 cujuslibet
683 1227 954 1293 contradictionis
974 1225 1008 1288 et
1027 1223 1144 1301 appel·
1198 1242 1327 1304 queque
1355 1225 1538 1287 existentes
1565 1225 1599 1287 in
1626 1225 1776 1302 partibus
1801 1226 2002 1288 transmare

345 1334 480 1398 laliOniS
508 1331 697 1401 Obsldcuffl,
732 1328 805 1388 Sine
838 1323 1010 1401 dispendio
1041 1335 1142 1382 morae
1198 1325 1261 1395 nis,
1275 1314 1749 1402 quinconstantinopolitano
1762 1322 1902 1401 imperio
1917 1339 2001 1400 per-

346 1431 527 1512 procedant
544 1429 640 1507 juxta
663 1425 811 1504 priorum
827 1421 1066 1484 continentiam
1086 1419 1145 1480 lit·
1198 1438 1355 1484 sonarum
1379 1423 1413 1485 et
1436 1437 1548 1484 rerum
1569 1421 1733 1482 auxilium
1755 1420 1997 1499 expectabant,

345 1532 504 1592 terarum·
533 1526 694 1599 011001r0³
717 1519 910 1583 ᾶὶὃῦΐθῐὶῡῐιί
932 1519 1054 1581 vestl'ae
1085 1531 1144 1593 per
1198 1522 1239 1582 iis
1255 1520 1377 1582 auditis
1392 1519 1582 1583 rumoribus
1597 1519 1840 1596 obstupescent,
1857 1521 1889 1581 et
1903 1536 2004 1580 assu·

347 1626 529 1706 8908101102
550 1621 672 1700 *millia
695 1619 890 1682 mandamus
910 1613 1144 1692 fltduepl'aessi·
1199 1620 1264 1681 met
1291 1618 1465 1680 audaciam
1488 1617 1603 1680 feritas
1632 1631 1857 1694 paganorum,
1885 1618 1919 1679 et
1947 1618 2001 1678 sic
2091 1626 2092 1682 ζ

347 1727 467 1804 pimus,
485 1723 646 1801 quatenus
659 1719 688 1780 si
707 1715 814 1778 dictus
829 1713 1098 1790 archiepiscopus
1112 1713 1145 1772 et
1199 1717 1279 1780 dicti
1302 1732 1398 1779 casus
1422 1715 1557 1778 tristitia
1581 1717 1685 1778 totum
1711 1716 1818 1792 tangit
1838 1715 2000 1792 populum

347 1823 482 1899 college
500 1817 705 1898 ipsissima
722 1812 950 1892 prescriptum
965 1809 1143 1873 terminum
1199 1815 1418 1877 christianum
1435 1837 1441 1874 ι
1456 1830 1640 1892 quaequam
1653 1811 1890 1878 communisse
1903 1813 1998 1884 atus,
2091 1878 2092 1888 Ν

347 1920 537 1982 mandalum
566 1918 715 1978 1¹0⁸ll11ffl
744 1929 810 1974 non
840 1909 963 1971 suerint
999 1907 1141 1978 executi,
1199 1913 1294 1975 nobis
1307 1928 1346 1975 ac
1356 1913 1416 1975 tibi
1431 1929 1504 1974 esse
1519 1912 1726 1988 dignoscitur
1738 1911 1906 1988 specialis,
1919 1927 2000 1972 cum

346 2033 407 2080 VOS
422 2034 465 2078 0¹
487 2016 567 2077 1¹⁰⁰
582 2029 696 2074 eorum
717 2009 909 2086 supplentes
927 2005 1089 2068 delectum
1110 2004 1144 2064 in
1199 2028 1260 2074 nec
1283 2010 1481 2089 apostolicae
1511 2009 1605 2072 Sedis
1633 2009 1774 2085 legatus,
1803 2025 1865 2071 uec
1886 2009 2000 2071 dictus

347 2115 480 2192 negotio
505 2113 588 2188 ipso,
619 2108 841 2186 appellatione
865 2103 1060 2182 postposita,
1083 2117 1143 2162 ra-

346 2213 438 2274 tione
454 2208 579 2288 previa
591 2205 778 2285 procedatis
789 2205 887 2277 juxta
905 2201 1053 2288 priorum
1064 2215 1146 2261 con-

347 2309 521 2371 tinentiam
545 2305 733 2367 litterarum
758 2299 996 2361 nonobstante
1020 2296 1146 2360 consti-

346 2406 474 2469 tutione
488 2402 628 2465 Concilii
642 2399 809 2477 generalis
822 2398 862 2458 de
875 2395 1043 2473 aliquibus
1057 2393 1144 2455 ultra

349 2503 432 2565 diras
454 2502 571 2562 diaetas
588 2499 683 2570 extra
703 2510 797 2558 suam
813 2493 981 2555 dioecesim
998 2492 1038 2553 ad
1048 2492 1144 2569 judi-

348 2603 436 2662 cium
448 2615 514 2660 non
522 2595 705 2660 trahendis.
715 2592 805 2667 Quod
814 2591 844 2653 si
854 2607 921 2654 non
932 2605 1057 2662 omues,
1067 2591 1143 2657 etc„

347 2699 413 2760 duo
434 2697 597 2766 vestrum,
624 2693 686 2754 etc.
716 2691 835 2754 Datum
859 2687 1028 2752 Ferentini
1051 2688 1144 2748 sexto

347 2795 507 2857 kalendas
529 2791 679 2868 Augusti,
705 2787 916 2866 pontificatus
936 2785 1039 2847 nostri
1057 2800 1145 2846 auno

1200 2110 1389 2188 imperator,
1411 2108 1467 2186 qui
1489 2108 1547 2171 tibi
1576 2110 1644 2171 tam
1661 2108 1845 2184 propinquo
1862 2107 2000 2169 vinculo

1200 2209 1250 2268 est
1264 2207 1470 2285 conjunctus,
1485 2206 1557 2267 sine
1570 2207 1683 2266 nostra
1699 2206 1732 2267 et
1749 2205 1807 2266 tua
1823 2204 1946 2282 injuria
1964 2206 2001 2267 et

1199 2304 1376 2382 opprobrio
1391 2303 1524 2366 valeant
1535 2303 1688 2365 detineri.
1702 2303 1882 2364 Hortamur
1893 2303 2001 2378 igitur

1199 2405 1289 2464 tuam
1305 2401 1528 2474 serenitatem,
1551 2417 1707 2476 rogamus
1729 2399 1762 2462 et
1783 2399 2000 2462 obsecramus

1199 2501 1234 2562 in
1245 2501 1395 2572 Domino,
1410 2501 1584 2577 quatenus,
1595 2499 1685 2560 omni
1696 2513 1788 2560 mora
1799 2500 1997 2574 postposita,

1200 2598 1363 2660 solemnes
1388 2596 1578 2660 nuntiusad
1598 2595 1771 2673 praelatum
1785 2595 1999 2656 Theodorum

1199 2712 1273 2757 cum
1287 2692 1376 2756 omni
1394 2693 1607 2756 festinatione
1621 2694 1839 2760 transmittas,
1853 2695 1886 2754 et
1899 2691 1940 2754 ab
1955 2709 1999 2752 eo

1199 2793 1410 2870 imperatoris
1433 2794 1465 2854 et
1486 2791 1666 2854 cardinalis
1686 2806 1846 2868 personas
1863 2789 1998 2852 blandis

1199 2906 1319 2968 aspera
1329 2889 1487 2966 regaliter
1499 2889 1710 2950 admiscendo
1720 2887 1872 2966 requiras
1890 2905 1898 2944 :
1915 2889 1998 2966 quia

1200 2988 1405 3059 confidimus,
1439 2986 1525 3064 quod
1552 3003 1610 3048 eos
1637 2987 1905 3049 consideratione
1935 2989 1997 3047 tua

1199 3085 1353 3148 restituat
1377 3084 1538 3156 libertati,
1563 3083 1750 3162 praesertim
1775 3085 1924 3146 meluens
1944 3084 1997 3144 tui

1200 3183 1367 3245 exercitus
1392 3184 1598 3260 apparatum,
1620 3198 1716 3259 quem
1735 3182 1800 3259 ipsi
1819 3183 1927 3243 nuutii
1945 3183 1998 3242 tui

1200 3280 1263 3340 sibi
1274 3281 1428 3358 poterunt
1438 3279 1610 3341 insinuare
1623 3279 1802 3357 prudenter
1814 3278 1996 3349 innuendo,
2090 3343 2091 3346 ,

1199 3380 1231 3440 te
1253 3393 1392 3439 usurum
1413 3377 1553 3449 viribus,
1576 3378 1605 3438 si
1628 3377 1789 3454 prolicere
1804 3377 1997 3453 nequiveris

1199 3476 1352 3554 precibus
1363 3476 1448 3553 apud
1458 3491 1543 3536 eum.
1555 3477 1675 3537 Datum
1689 3474 1868 3547 Ferentini,
1881 3476 1909 3534 V
1925 3473 1994 3535 ltal.
2090 3539 2091 3554 χ

1198 3574 1349 3650 Augusti,
1364 3573 1575 3651 pontificatus
1590 3573 1697 3635 nostri
1712 3589 1799 3634 anno
1813 3571 1972 3634 secundo.
2090 3562 2091 3570 '

1303 3915 1355 3976 Ad
1381 3915 1415 3976 C.
1442 3916 1620 3977 Alliensem
1638 3915 1877 3990 prepositum.

1494 4046 1687 4119 ιιιιιιιιιι.
2090 4050 2091 4058 ¹

1246 4167 1374 4231 [Thelnen
1383 4171 1547 4221 llonnmenta
1559 4171 1702 4235 llunqeria,
1718 4175 1737 4220 t.
1752 4171 1772 4229 l,
1784 4185 1809 4235 p.
1822 4169 1846 4229 7,
1857 4181 1884 4220 ιι·
1898 4169 1947 4234 ll.]

349 2892 503 2956 secundo.

714 3028 790 3116 VII

354 3165 356 3168 ’
447 3185 498 3245 Ad
509 3184 685 3244 Attdrenm
699 3191 818 3256 repom
833 3177 1037 3254 Httaporloe.

645 3311 680 3370 ae
696 3310 747 3382 jur.
769 3309 848 3367 ιιιι.

426 3437 553 3502 [Theisoa
566 3437 730 3486 Monumenta
741 3431 885 3496 ilungarias,
897 3431 917 3494 l,
927 3431 951 3490 e,
966 3445 991 3481 n.
1006 3429 1057 3495 lt]

347 3555 420 3629 llegi
432 3553 587 3628 ilungarite
607 3547 735 3611 Pontifex
758 3549 960 3622 imperatorem
980 3546 1141 3607 Constanti·

382 3642 578 3716 nopolitenum
593 3648 621 3697 et
632 3639 806 3697 cardinalem
821 3638 850 3696 S.
866 3635 1003 3695 Praxedis
1016 3635 1143 3708 legatum

382 3730 537 3804 aquodam
561 3727 710 3786 l'beodoro
735 3734 835 3800 captos
861 3725 949 3782 luisse
975 3725 1142 3793 ennuntiat,

381 3819 536 3878 exhortans
551 3823 582 3873 ut
596 3815 632 3873 ad
643 3830 694 3873 eos
711 3811 889 3872 liberandum
904 3814 1020 3870 nuntios
1040 3813 1142 3870 mittat.

387 3953 555 4016 Honorius
570 3951 755 4027 episcopus,
772 3946 946 4009 carissimo
963 3947 998 4008 in
1013 3946 1143 4007 Christo

346 4051 455 4114 tilio...
482 4048 605 4111 illustri
631 4047 702 4124 regi
724 4045 916 4121 Hungariae,
945 4044 1084 4105 salutem
1111 4046 1144 4107 et

347 4148 563 4228 apostolicam
576 4145 852 4208 benedictionem.

387 4247 516 4310 Cibavit
530 4261 591 4306 nos
611 4243 770 4305 Dominus
794 4244 881 4303 Deus
897 4239 1085 4317 absynthia,
1110 4240 1144 4301 et

346 4343 525 4409 inebriavit
556 4340 777 4404 amaritudine
810 4339 953 4401 mentem
982 4340 1141 4410 nostram,

347 4446 425 4522 quia
442 4458 510 4504 vox
531 4439 778 4502 lamentationis
800 4440 832 4501 et
855 4435 981 4498 doloris
1004 4437 1143 4498 auribus
1237 4439 1404 4502 Honorius
1438 4440 1624 4518 episcopus,
1665 4443 1740 4514 etc,
1769 4441 1890 4503 dilecto
1925 4441 1994 4502 lilio

348 4539 470 4603 nostris
499 4536 647 4598 insonuit
671 4555 679 4595 ι
707 4535 924 4612 nuntiumque
945 4534 1064 4594 durum
1088 4549 1144 4595 re·
1197 4537 1574 4616 C.All·ensipraeposito‚
1584 4540 1724 4600 salutem
1737 4540 1770 4601 et
1779 4539 1995 4617 apostolicam

1197 4292 1386 4353 Gonllrmetur
1400 4294 1463 4370 ejus
1481 4297 1582 4354 electio
1598 4293 1626 4352 in
1641 4295 1806 4370 episcopum
1828 4293 1993 4353 Albensern.

349 4637 496 4713 cepimus
521 4634 554 4695 et
573 4646 735 4702 amarum,
758 4630 913 4692 videlicet
930 4631 1140 4692 carissimum
1196 4635 1471 4698 benedictionem.

348 4733 454 4795 tilium
479 4735 516 4793 P.
539 4727 940 4805 Constantinopolitanum
963 4727 1151 4808 imperato:ss
1238 4732 1362 4795 utactio
1386 4748 1446 4810 per
1469 4732 1606 4796 dilectos
1629 4734 1715 4796 illios
1736 4735 1918 4812 capitulum
1937 4735 1996 4796 lll-

347 4848 418 4894 rem
440 4829 615 4900 illustrem,
638 4826 672 4889 et
689 4826 846 4888 dilectum
865 4825 970 4886 filium
992 4827 1143 4888 nostrum
1197 4829 1308 4892 bensls
1331 4831 1493 4903 ecclesiae,
1522 4831 1687 4895 carissimi
1716 4832 1749 4894 in
1779 4833 1910 4894 Christo
1934 4833 1995 4894 ulii

346 4933 403 4993 J..
415 4926 503 4990 tituli
515 4928 640 4988 sanctae
655 4923 816 4986 Praxedis
830 4922 1057 5001 presbyterum
1073 4941 1144 4986 car·
1197 4927 1303 4989 nostri
1315 4930 1366 5000 A,
1388 4928 1529 4990 illustris
1544 4931 1632 5008 regis
1649 4931 1804 5008 Ungariae
1826 4932 1995 5009 tamquam

348 5026 504 5098 dinalenr,
529 5023 727 5100 apostolieae
748 5021 842 5084 Sedis
861 5020 1018 5098 legatum,
1035 4999 1059 5086 ὅ
1078 5038 1142 5083 ne·
1197 5025 1328 5102 patroni
1343 5026 1520 5088 accedente
1535 5042 1685 5096 assensu,
1702 5027 1743 5090 de
1762 5029 1820 5090 tua
1840 5043 1993 5105 persona,

346 5125 447 5188 laudo
468 5124 501 5184 et
528 5121 653 5200 perfido
680 5119 854 5182 Theodoro
878 5119 1144 5197 proditionaliter
1198 5120 1363 5185 celebrata
1373 5121 1470 5184 nobis
1479 5138 1538 5200 per
1547 5123 1653 5201 ipsius
1661 5125 1797 5202 capituli
1805 5126 1838 5187 et
1848 5124 1996 5202 ejusdem

347 5223 461 5301 captos
478 5235 562 5292 esse,
593 5218 705 5281 multis
731 5233 846 5280 eorum
874 5217 933 5295 qui
959 5235 1033 5279 cum
1060 5218 1142 5295 ipsis
1197 5219 1286 5296 regis
1311 5219 1439 5282 litteras
1463 5221 1496 5282 et
1513 5221 1665 5285 nuntium
1690 5222 1863 5300 speciales,
1885 5222 1998 5284 extitit

347 5322 454 5388 erant,
463 5316 643 5380 crudeliter
655 5315 861 5392 interemptis
874 5335 882 5374 :
894 5315 929 5376 in
942 5331 1007 5392 quo
1018 5315 1081 5376 etsi
1092 5329 1144 5376 oc·
1197 5318 1397 5394 praesentata
1412 5318 1622 5395 supplicatio,
1635 5321 1671 5383 ut
1684 5320 1834 5382 eamdem
1844 5335 1904 5397 per
1916 5335 1999 5382 con-

347 5417 492 5478 cisorum
500 5413 746 5476 multitudinem
757 5413 941 5490 lugeamus,
957 5413 990 5474 et
1001 5413 1145 5488 praedtc-
1199 5413 1396 5476 tlrmatiouis
1408 5415 1563 5491 gratiam,
1578 5416 1753 5478 admittere
1768 5417 1995 5493 dignaremur.
2089 5462 2090 5470 ,

345 5515 454 5577 torum
475 5511 685 5591 imperatoris
706 5509 853 5585 allegati
869 5510 1020 5587 personis
1036 5511 1145 5595 conti·¹
1197 5512 1267 5573 Nos
1296 5514 1405 5576 autem
1434 5527 1550 5574 eorum
1578 5513 1682 5592 justis
1715 5513 1995 5592 postulationibus
