4104 6392
66 189 126 248 :2³9
693 187 921 248 EPISTOLAE.
947 187 1023 248 LIB.
1048 188 1087 248 11.
1657 195 1716 256 730

65 345 281 423 semetipsum
296 345 439 408 hostiam
457 346 526 406 Deo
544 344 769 408 insuavitatis
786 345 867 410 odo-
960 345 1112 422 Legistis,
1141 345 1176 408 ut
1201 345 1378 421 credimus,
1396 347 1614 411 etmemoriae
1626 365 1718 413 com-

67 461 150 506 rem.
180 447 264 506 Ecce
289 459 431 519 nemque
459 441 699 520 circumjacens
726 444 865 520 populus
920 442 1111 514 mandastis,
1128 441 1272 519 qualiter
1293 445 1469 520 Apostolus
1486 445 1560 507 lieri
1574 448 1717 509 mauda-

67 541 231 604 barbarus
253 543 473 603 prutenorum
496 541 640 616 gentem,
663 557 737 618 quae
761 556 867 618 nuper
920 539 977 600 bat
990 541 1025 600 in
1035 539 1182 600 Ecclesia
1198 537 1366 616 primitiva
1382 541 1549 613 collectas,
1563 557 1623 618 per
1635 559 1718 620 quas

66 638 110 700 ad
137 638 338 714 agnitionem
361 635 514 699 veritatis
540 637 701 714 pervenit,
728 638 765 698 in
786 653 868 700 con-
921 639 1032 713 posset
1049 638 1250 709 sauctorum,
1272 637 1328 714 qui
1349 640 1446 700 erant
1466 638 1501 698 in
1520 641 1716 713 Jerusalem,

67 738 227 812 temptum
253 733 463 811 persequitur
490 734 736 812 Redemptoris,
766 736 799 797 et
826 733 866 796 de
921 733 1366 806 necessitatibussubveniri‚
1382 749 1442 796 suo
1457 736 1631 797 secuturos
1645 740 1719 813 post

66 830 216 893 tenebris
231 833 359 893 erutam
374 831 494 893 nititur
517 831 559 892 ad
575 832 728 893 tenebras
748 847 866 908 perse·
922 845 957 892 se
978 830 1099 892 docens
1127 831 1290 908 exemplo,
1317 833 1353 894 ut
1375 831 1411 893 in
1435 831 1601 894 similibus
1617 834 1719 895 simili

67 927 256 989 cutionibus
276 942 435 990 revocare
451 949 459 988 ι
475 927 533 988 sed
559 943 730 1004 speramus
751 929 787 989 in
802 929 868 991 Do-
922 927 1062 988 consilio
1077 929 1261 990 uterentur.
1276 930 1382 1000 Quum
1402 929 1505 1005 igitur
1518 929 1720 992 venerabilis

67 1025 170 1097 minc,
188 1024 273 1101 quod
289 1025 395 1102 ipsam
411 1025 500 1086 ultra
513 1024 559 1097 id,
576 1025 662 1101 quod
675 1026 783 1101 potest
800 1041 866 1087 nou
922 1024 1026 1087 irater
1039 1026 1203 1097 noster...,
1229 1026 1405 1104 episcopus
1420 1026 1577 1099 prussiae,
1594 1030 1628 1090 et
1647 1028 1717 1100 alii,

67 1121 237 1198 permittet
261 1121 395 1193 tentari,
413 1121 470 1182 sed
482 1120 583 1183 saciet
596 1136 669 1182 curo
686 1121 867 1184 tentatione
922 1121 978 1199 qui
993 1122 1064 1183 zelo
1079 1120 1157 1183 ildei
1170 1121 1362 1184 christiane
1385 1124 1547 1195 succensi,
1570 1138 1719 1201 evange-

69 1220 279 1294 proventum,
301 1221 336 1280 ut
356 1218 467 1281 valeat
485 1219 663 1291 sustinere,
690 1220 747 1296 qui
763 1218 867 1280 devo·
923 1219 1026 1280 113331
1040 1220 1074 1280 13
1090 1219 1239 1297 partibus
1252 1220 1397 1281 Prussiae
1418 1221 1593 1282 Dominum
1607 1223 1720 1284 Jesum

67 1315 195 1376 tionem
211 1316 330 1392 quaerit
346 1315 492 1376 fidelium
516 1316 552 1377 iu
572 1331 688 1378 eorum
705 1316 868 1377 auxilium
923 1316 1099 1388 Christum,
1122 1318 1155 1378 et
1177 1331 1245 1390 eos,
1272 1319 1328 1396 qui
1352 1321 1422 1394 jam
1442 1333 1502 1394 per
1522 1317 1721 1394 baptismum

68 1413 103 1472 et
125 1413 276 1485 salutem,
292 1413 324 1474 et
337 1412 487 1511 qttamvis
501 1412 662 1474 bonorum
679 1413 868 1474 nostrorum
923 1413 1102 1474 induerunt
1120 1413 1282 1486 eumdem,
1306 1412 1484 1475 defendere
1504 1415 1659 1490 satagunt
1680 1413 1721 1476 ab

58 1525 137 1596 *non
150 1511 256 1583 egeat,
274 1523 314 1569 ea
323 1511 435 1570 tamen
450 1524 470 1569 a
484 1507 581 1570 nobis
595 1509 755 1586 exposcit,
769 1508 806 1571 ut
820 1507 869 1570 sic
922 1509 1113 1570 incursibus
1123 1523 1338 1588 paganorum,
1354 1511 1410 1588 qui
1424 1511 1515 1573 velut
1538 1512 1596 1572 alii
1620 1514 1723 1573 Ama-

70 1605 167 1666 nobis
183 1605 270 1666 lilios
289 1605 349 1666 Dei
365 1605 449 1678 deri,
465 1621 534 1668 suae
556 1605 714 1667 bonitatis
729 1605 870 1666 clemen·
924 1607 1029 1668 lecitae
1050 1608 1245 1683 impugnant
1258 1607 1486 1684 multipliciter
1500 1608 1669 1680 Israelem,
1686 1610 1723 1670 ut

69 1702 118 1762 tia
133 1702 260 1764 tribuat
269 1702 474 1780 potestatem,
487 1705 519 1764 et
530 1702 567 1773 ii,
584 1703 641 1780 qui
651 1703 683 1763 ei
697 1703 824 1764 servire
833 1702 870 1762 in
924 1719 1000 1764 eum
1014 1705 1067 1765 vel
1080 1703 1115 1764 in
1130 1704 1260 1766 deserto
1269 1706 1435 1782 perimant
1446 1705 1501 1766 vel
1516 1708 1673 1768 revocent
1686 1706 1722 1766 iu

69 1799 256 1860 subsidium
282 1802 393 1860 Terrm
409 1801 538 1862 Sanctae
553 1815 620 1861 non
633 1800 780 1877 possunt,
797 1798 869 1862 eal·
924 1802 1116 1878 AEgyptum,
1129 1816 1195 1863 non
1206 1801 1374 1862 sufficiant
1388 1801 1429 1863 ad
1440 1817 1542 1864 onera
1556 1817 1724 1879 expensa-

67 1895 191 1956 tamin
211 1911 406 1958 succursum
423 1897 609 1958 Prutenicae
624 1897 733 1972 gentis
759 1895 792 1958 ei
812 1895 871 1958 de-
924 1913 1009 1970 rum,
1033 1898 1099 1957 nisi
1120 1898 1337 1960 subveniatur
1350 1898 1475 1960 eisdem
1494 1897 1626 1960 liberali
1641 1897 1725 1959 fide-

67 1993 181 2052 rutum
203 1992 383 2054 exhibeant
407 1992 611 2055 famulatam.
637 1995 743 2065 Quum
769 1993 871 2069 igitur
925 1993 1005 2054 lium
1027 1994 1151 2070 pietate
1171 2015 1179 2055 ε
1200 1994 1441 2057 fraternitatem
1460 1997 1607 2056 vestram
1624 2011 1725 2070 roga·

67 2089 181 2164 plures
194 2105 238 2150 ex
251 2090 347 2152 vobis
360 2090 516 2162 existant,
532 2089 589 2166 qui
608 2105 675 2152 uon
691 2090 871 2167 disponunt
925 2107 997 2151 mus
1012 2091 1047 2150 in
1060 2091 1198 2152 Domino
1213 2092 1247 2152 et
1260 2091 1442 2164 hortamur,
1460 2108 1521 2170 per
1534 2092 1724 2168 apostolica

68 2185 870 2263 suishumerisaiilgeresignumcrucisinTerrae
925 2188 1048 2265 scripta
1076 2187 1282 2260 mandantes,
1310 2190 1473 2266 quatenus
1502 2189 1625 2266 singuli
1644 2188 1724 2249 uni-

70 2273 203 2345 Sanctae
220 2283 404 2344 subsidium
414 2284 607 2360 profecturi,
621 2284 670 2346 eis
690 2285 726 2344 in
745 2283 869 2345 remis·
924 2286 1032 2346 versis
1046 2285 1263 2346 ecclesiarum
1278 2287 1425 2362 praelatis
1440 2289 1626 2349 vestrarum
1640 2287 1725 2346 dioe-

71 2381 202 2441 sionem
210 2381 416 2458 injungimus
429 2384 650 2457 peccatorum,
661 2381 822 2458 quatenus
834 2379 870 2440 in
926 2398 1037 2442 cesum
1051 2381 1193 2444 firmiter
1207 2382 1401 2458 injungatis,
1419 2385 1455 2444 ut
1469 2382 1609 2459 quilibet
1621 2397 1727 2459 popu-

71 2477 266 2538 eorumdem
287 2477 447 2539 accedant
470 2477 632 2538 auxilium
653 2479 769 2539 contra
788 2477 871 2536 bar·
926 2478 994 2537 lum
1019 2477 1082 2540 sibi
1106 2479 1318 2540 commissum
1334 2478 1450 2540 saltem
1471 2478 1573 2539 semel
1588 2479 1623 2539 iu
1638 2493 1725 2540 anno

71 2573 173 2634 baras
187 2574 412 2652 nationespro
428 2574 632 2654 plantatione
648 2573 779 2635 novella
794 2571 872 2633 fidei
926 2574 1106 2652 prudenter
1128 2576 1261 2636 moueat
1286 2578 1319 2636 et
1347 2575 1498 2648 inducat,
1527 2577 1563 2638 ut
1588 2575 1725 2653 prealato

73 2670 280 2745 christianae,
295 2672 363 2734 tam
385 2669 612 2747 spiritualibus
632 2669 745 2742 armis,
773 2679 872 2747 quam
926 2673 1081 2750 episcopo
1101 2686 1161 2749 pro
1181 2672 1248 2732 tam
1262 2671 1423 2733 laudabili
1436 2687 1536 2750 opere
1551 2672 1623 2749 pias
1636 2671 1727 2733 elee-

71 2767 304 2829 materialibus
319 2768 509 2846 pugnaturi,
525 2768 592 2829 tam
608 2767 668 2838 eis,
684 2783 781 2844 quam
792 2766 869 2836 illis,

70 2866 129 2942 qui
156 2865 285 2942 aliquos
310 2865 388 2927 illuc
407 2865 443 2925 in
467 2865 536 2925 suis
559 2865 691 2926 mittent
704 2863 869 2940 expensis,

68 2963 123 3022 vel
140 2963 181 3022 ad
197 2978 313 3024 eorum
328 2961 577 3023 subventionem
593 2961 633 3022 de
648 2962 717 3021 suis
732 2960 873 3021 faculta-

70 3057 160 3121 tibus
176 3058 426 3127 ministrabunt,
442 3073 601 3120 concessa
617 3059 715 3136 juxta
738 3056 873 3134 quanti·

69 3159 172 3220 tatem
185 3156 324 3218 subsidii
340 3157 373 3218 et
392 3155 577 3218 devotionis
603 3155 757 3217 allectum
775 3154 872 3216 venia

69 3255 283 3332 peccatorum
306 3253 488 3314 secundum
504 3252 589 3329 quod
608 3251 801 3313 transituris
814 3253 873 3312 Je-

68 3352 274 3428 rosolymam
286 3349 487 3424 indulgetur.
501 3347 550 3408 Ad
563 3347 634 3408 baec
647 3348 758 3409 autom
771 3347 873 3408 eccle·

70 3451 200 3510 siarum
225 3445 380 3522 praelatos
400 3444 582 3505 monendos
599 3443 754 3504 duximus
768 3447 800 3504 et
812 3459 874 3505 ex-

71 3531 254 3607 hortandos
266 3542 435 3613 attentius
450 3540 664 3618 praesentium
675 3540 873 3602 auctoritate

69 3643 278 3714 mandantes,
292 3642 455 3718 quatenus
469 3637 590 3716 populo
610 3637 673 3698 sibi
698 3637 872 3700 commisso

70 3741 144 3802 baec
157 3739 359 3800 annuntiare
375 3736 611 3814 procurantes
629 3734 738 3811 ipsum
756 3735 797 3795 ad
811 3735 873 3796 boc

70 3855 155 3915 opus
165 3836 308 3897 fideliter
323 3834 551 3895 exliortentur.
721 3825 722 3829 ’

112 3935 234 3995 Datum
250 3935 363 3994 Romae
387 3931 473 4006 apud
499 3929 656 3991 Sanctum
680 3929 814 3990 Petrum
828 3930 875 3990 111

71 4047 151 4092 non.
162 4029 255 4101 maii,
267 4027 478 4104 pontificatus
492 4027 597 4089 nostri
612 4042 700 4088 anno
716 4024 871 4086 secundo.

325 4215 556 4302 ·OEUH

91 4363 143 4421 Ad
155 4360 431 4432 archiepiscopos
445 4359 644 4418 Gerntattt'oe
656 4357 689 4417 et
700 4357 863 4416 Potoutoe.

378 4487 396 4545 6
409 4487 477 4544 maii
492 4486 570 4544 lats.

209 4601 390 4667 [1133113313Ι
405 4601 477 4650 Nora
493 4598 615 4656 subsidia,
628 4599 672 4660 lll,
687 4598 740 4663 db]

72 4711 107 4766 Ul
129 4709 297 4782 episcopum
326 4707 449 4764 Prussise
473 4708 502 4763 in
528 4703 717 4763 defendendis
743 4705 875 4762 Protenis

108 4805 240 4855 recenter
254 4794 291 4853 ed
310 4793 393 4851 tldeur
412 4795 559 4852 conversis
579 4801 677 4852 contra
697 4793 876 4850 incursiones

107 4885 296 4942 barbarorum
313 4883 368 4956 piis
384 4882 581 4956 largitionibus
596 4881 754 4940 sublevent.

113 5009 283 5071 Honorius
295 5009 471 5086 episcopus
485 5023 602 5069 servus
615 5022 788 5068 servorum
802 5006 874 5078 Dei,

71 5105 321 5170 venerabilibus
354 5105 512 5167 iratribus
546 5104 807 5181 archiepiscopis
845 5104 879 5165 et

72 5205 240 5282 episcopis
256 5217 315 5280 per
328 5203 552 5278 maguntiam,
569 5200 875 5276 salzeburgensem,

75 5301 302 5361 (tnesnensem
317 5299 351 5360 et
365 5297 575 5360 Lundeusem
595 5297 787 5374 provincias
802 5311 879 5360 con·

76 5396 217 5466 3111313,
240 5395 381 5460 salutem
411 5396 444 5459 et
471 5395 689 5472 apostolicam
716 5393 878 5457 benedic·

75 5491 209 5553 tionem.

927 2784 1081 2845 mosyuas
1104 2769 1302 2844 largiantur,
1319 2768 1499 2844 obligaturi
1517 2769 1639 2830 exinde
1662 2768 1728 2830 sibi

926 2865 1092 2927 bonorum
1105 2881 1242 2942 operum
1258 2865 1405 2926 omnium
1422 2865 1626 2942 largitorem.

966 2964 1085 3023 Datum
1096 2964 1209 3024 Romae
1223 2962 1311 3038 apud
1321 2963 1354 3024 S.
1365 2964 1500 3024 Petrum
1508 2965 1538 3024 11
1547 2978 1623 3024 uon.
1634 2961 1725 3034 maii,

926 3074 1014 3120 anno
1028 3058 1185 3121 secundo.

1231 3200 1424 3288 OEHM

1047 3345 1099 3403 Ad
1117 3345 1335 3416 propitiosam
1357 3344 1608 3419 Mogontiacum.

1222 3454 1240 3510 6
1261 3455 1331 3511 maii
1351 3455 1431 3512 tals.

950 3559 1129 3624 [wlstanum.
1138 3559 1194 3610 loco
1207 3559 1295 3617 citato,
1307 3565 1328 3610 t.
1339 3559 1382 3618 lll,
1394 3575 1419 3624 p.
1434 3559 1478 3620 ss;
1494 3561 1603 3624 Regnat,
1617 3560 1662 3612 lib.
1675 3562 1705 3620 ll,

1240 3639 1313 3706 epist.
1329 3639 1411 3704 1111]
1563 3641 1566 3650 ’

929 3739 1042 3796 [labiles
1069 3745 1098 3797 et
1121 3751 1262 3810 pauperes
1275 3739 1492 3812 crucesignatos
1514 3753 1565 3811 per
1583 3739 1728 3812 llogunti-

963 3841 1031 3884 num
1042 3826 1220 3900 provinciam
1233 3827 1402 3884 constitutos
1417 3833 1535 3900 rogatet
1546 3825 1686 3898 obsecrat,
1701 3834 1732 3885 ut

965 3916 1000 3974 ad
1020 3914 1232 3974 defendendum
1251 3915 1349 3973 lideles
1363 3917 1505 3974 Prutenise
1521 3916 1618 3990 gentis
1631 3923 1731 3973 contra

964 4003 1101 4062 barbaras
1116 4005 1248 4062 ustiones
1262 4019 1294 4062 se
1310 4003 1473 4078 accingant.

969 4122 1148 4194 Honorius,
1165 4126 1240 4193 etc,
1257 4121 1387 4183 dilectis
1410 4119 1490 4181 filiis
1515 4119 1679 4181 debilibus
1699 4121 1733 4182 et

930 4220 1131 4298 pauperibus
1155 4217 1394 4294 crucesignatis
1420 4232 1480 4294 per
1504 4217 1731 4296 Mogentinam

931 4317 1136 4394 provinciam
1151 4315 1351 4387 constitutis,
1369 4315 1521 4386 salutem,
1536 4315 1599 4376 etc.

972 4417 1044 4477 Rex
1058 4428 1174 4490 regum
1198 4413 1298 4474 terras
1324 4412 1484 4473 Dominus
1509 4411 1677 4473 universae
1692 4427 1732 4472 ac

930 4513 1159 4574 contentorum
1174 4511 1210 4571 in
1223 4526 1273 4582 ea,
1294 4525 1429 4571 suorum
1449 4509 1564 4571 volens
1577 4509 1728 4571 devotio-

931 4627 1006 4672 nem
1028 4608 1175 4671 fidelium
1200 4607 1358 4684 experiri,
1377 4621 1442 4668 non
1470 4605 1594 4683 absque
1617 4621 1734 4668 neces-

931 4709 1021 4768 saria
1044 4721 1147 4768 causa
1164 4709 1197 4766 et
1219 4705 1293 4768 utili
1308 4705 1438 4766 ratione
1454 4704 1566 4766 hostes
1585 4705 1734 4765 reservat

931 4804 1080 4867 visibiles
1102 4804 1138 4864 in
1161 4802 1303 4864 diuersis
1326 4802 1440 4862 mundi
1456 4801 1606 4877 partibus
1625 4801 1735 4862 cbris-

931 4899 1045 4984 tianis,
1060 4915 1143 4978 quos
1157 4900 1237 4962 licet
1250 4899 1322 4976 ipse
1337 4899 1392 4960 cui
1405 4898 1495 4960 venti
1511 4896 1670 4958 obediunt
1681 4897 1735 4957 at-

932 5015 995 5077 que
1011 5013 1114 5069 mare,
1131 4995 1238 5073 possit
1257 4997 1429 5056 conterere
1441 4993 1517 5064 eolo
1538 4992 1652 5066 verbo,
1664 4993 1736 5055 vult

931 5099 1043 5159 tamen
1058 5110 1117 5156 eos
1131 5109 1152 5155 3
1164 5093 1235 5154 3313
1250 5089 1552 5170 propugnatoribus
1566 5090 1732 5167 superari,

933 5193 1045 5270 utqui
1070 5189 1281 5254 offenderunt
1302 5189 1339 5250 iu
1360 5187 1490 5262 multis,
1516 5187 1734 5264 multiplicem

933 5290 1079 5353 babeant
1102 5286 1330 5351 satisfaciendi
1350 5285 1524 5349 materiam
1544 5284 1577 5347 et
1596 5284 1733 5347 salven-

933 5391 998 5452 tur.
1029 5390 1113 5449 Ecce
1140 5400 1283 5463 namque
1320 5383 1560 5461 circumjacens
1593 5382 1735 5459 populus

935 5486 1097 5548 barbarus
1108 5484 1330 5548 Proteuorum
1342 5483 1475 5560 gentem
1490 5495 1564 5560 quae
1577 5493 1683 5557 nuper
1692 5479 1734 5542 ad
