4104 6392
54 291 112 349 791
690 291 917 389 brisuensis.
941 293 1019 352 LIB.
1043 293 1083 352 ΙΙ.
1646 301 1712 362 722.

57 451 179 511 Aotum
195 463 307 512 mense
322 447 516 526 septembris
540 463 628 510 auno
649 451 859 512 incarnatio·
914 449 948 510 si
975 451 1048 527 quis
1081 450 1204 524 autem,
1238 451 1301 513 etc.
1333 451 1451 514 Datum
1480 455 1593 516 Romae
1619 457 1706 532 apud

55 547 112 606 nis
141 547 205 608 Dni
231 548 371 608 MCCXI.
404 545 592 622 designatis
619 547 733 624 itaque
762 547 857 609 nobis
914 550 1070 610 Sanctum
1089 549 1223 610 Petrum
1236 551 1355 626 quarto
1370 549 1503 612 kalend.
1515 552 1606 624 maii,
1618 567 1707 613 anno

56 645 180 706 litteris
190 643 398 720 supradictis,
415 659 476 704 nos
488 643 553 705 duo
564 643 682 705 arbitri
699 644 856 706 6666116-
912 645 1068 708 secundo.

54 743 151 802 tante
166 741 255 802 tertii
277 739 405 800 scilicet
430 739 658 802 archidiaconi
674 739 854 802 Bituricen.
1236 751 1388 839 CCXIV

55 838 220 909 absentia,
238 838 421 898 secundum
436 837 522 915 quod
543 837 730 900 condictum
749 837 857 901 iuerat

54 935 91 994 in
103 935 357 1012 compromisso,
370 935 427 1012 qui
441 933 519 1014 (sic)
545 935 734 996 litteraliter
753 951 858 996 excu-
1298 1007 1304 1018 ι

55 1033 190 1094 savitin
205 1033 343 1095 arbitrio
357 1033 590 1110 processimus,
613 1032 645 1095 et
669 1049 728 1111 per
755 1034 856 1094 testes
1076 1111 1082 1122 ·
1195 1007 1230 1064 ²⁸
1245 1008 1326 1080 ⁸¹³¹'¹¹·
1350 1008 1429 1066 ¹²¹³·

53 1129 196 1192 idoneos
219 1130 298 1192 hinc
319 1130 397 1191 iude
422 1130 599 1208 productos
610 1133 668 1208 jus
683 1131 855 1207 utriusque
932 1111 1050 1176 [11111116
1065 1111 1111 1166 bb.
1124 1113 1155 1170 ¹¹·
1165 1111 1241 1177 ⁶9¹³·
1255 1111 1325 1162 ¹⁰²⁹·
1339 1114 1395 1164 1111·
1409 1115 1446 1165 ¹⁴⁸
1456 1114 1532 1164 Bone
1546 1114 1581 1164 ‘¹¹¹
1594 1115 1687 1178 ΜΠ

54 1229 163 1304 partis
186 1228 380 1304 diligentius
399 1229 604 1306 inquirentes
626 1225 742 1307 (sio)...
756 1229 789 1290 61
805 1225 856 1306 tea
956 1219 1057 1276 Bataui
1069 1217 1155 1276 hebet
1167 1217 1360 1276 venditionem
1374 1219 1448 1276 villa
1462 1220 1498 1277 de
1511 1221 1660 1280 Brenthis.

55 1325 307 1388 solemnitatum
315 1327 458 1404 peractis
472 1341 537 1404 qua
550 1324 685 1405 decuit],
695 1342 770 1388 cum
785 1325 856 1386 6616
950 1333 1128 1408 Honorius,
1145 1337 1220 1408 etc„
1240 1335 1424 1398 venerabili
1446 1334 1578 1398 tratri...
1594 1337 1709 1400 Autis-

57 1425 249 1500 superessot
271 1424 446 1486 dillluitiva
472 1424 635 1485 sententia
658 1423 855 1502 proterenda
912 1430 1079 1492 siodcren.
1094 1432 1260 1510 episcopo.

60 1517 115 1598 [ad
128 1519 238 1600 quam]
249 1523 465 1598 accessimus3
479 1523 511 1583 et
521 1521 567 1582 ibi
579 1519 693 1600 (sic)...
707 1521 856 1598 partibus
951 1530 1170 1591 sacrosancta
1181 1533 1329 1592 Romana
1340 1530 1487 1592 Ecclesia
1497 1546 1605 1606 usque
1614 1547 1710 1592 :con-

55 1617 200 1678 formata
227 1617 267 1680 de
293 1618 490 1695 prudentum
514 1619 547 1680 et
566 1619 654 1697 juris
676 1619 855 1696 peritorum
910 1622 1034 1686 lovere.
1059 1629 1105 1687 Be
1129 1629 1274 1705 propter,
1295 1628 1496 1690 venerabilis
1518 1629 1553 1690 in
1577 1628 1707 1689 Christo

55 1714 200 1776 consilio
225 1716 389 1778 sententia
413 1716 712 1794 pronuntiavimus,
731 1713 857 1777 (1111161-
911 1722 1209 1802 116166,1616]66116
1222 1725 1500 1802 postulationibus
1514 1726 1609 1802 grato
1625 1740 1708 1786 con-

51 1811 165 1872 vimus
190 1814 223 1874 et
244 1813 489 1894 sententialiter
510 1813 756 1874 decrevimus...
777 1811 854 1892 (sic)
911 1823 1083 1882 currentes
1114 1837 1269 1895 assensu,
1299 1823 1522 1885 venditionem
1551 1823 1640 1885 villae
1669 1822 1709 1883 de

51 1909 86 1968 et
108 1908 250 1984 burgum
273 1909 314 1970 de
331 1911 501 1972 Bethleem
519 1911 605 1988 apud
621 1910 855 1972 Clametiacum
910 1919 1074 1978 Branchis
1101 1933 1175 1979 cum
1197 1920 1407 1996 pertiuentiis
1430 1920 1500 1980 suis
1524 1935 1580 1980 6...
1598 1919 1709 1997 priore

50 2005 316 2066 Autissiodoreu.
336 2007 503 2084 episcopo,
532 2009 645 2084 utpote
667 2007 855 2068 dioecesano
912 2013 944 2076 et
958 2016 1122 2076 conventu
1137 2015 1177 2076 de
1199 2017 1354 2088 carliate,
1376 2017 1453 2076 de...
1477 2016 1605 2078 abbatis
1627 2016 1717 2076 Glu-·

50 2101 622 2182 166111116661666(616)...61166616
636 2103 855 2164 Eduen.nihil
911 2111 1040 2171 niecen.
1062 2112 1118 2174 eui
1143 2111 1283 2174 subsunt
1308 2115 1341 2174 et
1365 2111 1568 2174 venerabilis
1595 2112 1709 2175 fratris
1744 2124 1749 2135 ·

46 2201 137 2278 juris
152 2201 284 2278 6661166
296 2200 420 2262 habere
441 2200 575 2270 ibidem,
586 2201 674 2262 unde
689 2201 720 2262 ei
742 2216 856 2278 perpe·
911 2208 1056 2269 nostri...
1081 2210 1247 2270 senonen.
1269 2209 1512 2286 archiepiscopi
1527 2209 1707 2271 dioecesani

49 2297 852 2375 tuumsilentiumimposuimussuperpraemissis.
909 2303 974 2364 loci
1001 2320 1176 2377 consensu,
1205 2305 1292 2368 sicut
1316 2305 1349 2365 in
1373 2306 1494 2368 litteris
1518 2305 1708 2368 eorumdem

93 2397 168 2472 lpse
183 2411 262 2456 vero
285 2394 409 2454 Eduen·
430 2394 616 2471 0613601118,
632 2395 855 2471 6101813861-
911 2401 1033 2479 prioris
1048 2403 1241 2474 conventus,
1266 2401 1395 2464 abbatis
1414 2403 1447 2464 et
1466 2402 1709 2480 archiepiscopi

1001 887 1053 946 Ad
1067 885 1401 947 Autissiodorcosem
1415 889 1621 962 episcopum.

50 2493 168 2564 tentia,
186 2491 298 2552 stetim
314 2507 350 2552 se
363 2492 466 2553 traxit
485 2491 521 2551 in
543 2493 681 2568 partem,
697 2493 729 2552 61
744 2491 857 2553 habito
911 2498 1074 2558 contineri
1098 2498 1274 2559 didicimus
1288 2499 1349 2560 tibi
1374 2499 1505 2572 tactam,
1522 2501 1628 2561 ratam
1648 2500 1711 2560 ha·
1821 2480 1824 2486 ⁸

51 2605 129 2650 cum
151 2587 323 2650 canonicis
352 2589 437 2660 suis,
464 2603 606 2666 quorum
631 2603 752 2664 magna
778 2605 856 2666 pars
911 2594 1041 2668 benteS,
1072 2595 1187 2657 villam
1217 2596 1325 2672 ipsam
1349 2595 1382 2658 ot
1409 2595 1608 2672 pertinentia
1631 2591 1709 2674 'ejus

55 2702 205 2763 praesens
218 2687 301 2752 erat,
315 2685 466 2758 consilio,
479 2701 631 2747 reversus
641 2686 771 2763 publice
785 2703 858 2763 pro·
911 2693 1108 2754 auctoritate
1127 2692 1188 2754 tibi
1202 2693 1393 2769 apostolice
1416 2693 1661 2763 confirmamus,
1676 2695 1711 2756 et

56 2785 198 2844 testatus
213 2785 274 2856 est,
301 2784 386 2860 quod
409 2783 605 2845 sententiam
621 2784 713 2844 illam
735 2799 858 2862 66616-
911 2790 1084 2866 praesentis
1106 2789 1220 2865 scripti
1242 2790 1428 2867 patrocinio
1454 2792 1707 2852 communimus.

53 2881 157 2952 babit,
175 2883 207 2942 et
221 2880 307 2959 quod
325 2881 356 2942 61
371 2882 561 2942 6611616666
578 2881 728 2943 obviaret
742 2884 774 2944 61
788 2883 854 2943 ‘tarn
910 2886 958 2949 Ad
985 2889 1144 2962 majorem
1168 2888 1279 2948 autern
1303 2885 1510 2960 firmitatem,
1534 2888 1712 2966 praedicta-

54 2978 215 3040 iratribus
253 2979 349 3040 dictae
381 2979 497 3039 domus
532 2995 630 3055 quem
666 2979 855 3040 hominibus
910 2999 983 3046 rum
998 2983 1185 3046 litterarum
1194 2985 1343 3045 tenorem
1354 2984 1395 3045 de
1404 2984 1506 3046 verbo
1519 2984 1560 3047 ad
1573 2985 1710 3048 verbum

55 3076 154 3152 burgi
179 3077 219 3138 de
234 3075 402 3138 Bethleem
417 3092 478 3152 per
495 3075 623 3137 litteras
644 3092 722 3136 suas
738 3078 857 3153 66166-
910 3081 1128 3158 praesentibus
1148 3081 1303 3142 duximus
1317 3081 1545 3155 inserendum,
1562 3081 1710 3160 quitatis
1755 3092 1762 3106 “

56 3176 107 3234 166
124 3173 337 3235 denunciavit
350 3173 380 3234 id
396 3174 516 3250 ipsum,
534 3189 674 3250 quarum
690 3175 787 3234 tenor
801 3174 855 3234 hio
910 3180 979 3240 est:

52 3271 169 3332 eretz«
183 3271 335 3332 Galterus
352 3270 411 3330 Dei
424 3271 533 3345 gratia
545 3270 669 3330 Bduen.
681 3270 855 3346 episcopus
950 3278 1018 3352 Bgo
1037 3274 1141 3337 huten
1155 3275 1347 3338 oauffridus
1362 3275 1469 3339 dictus
1487 3276 1580 3354 prior
1602 3277 1707 3340 beatee
1756 3299 1761 3308 ·

52 3368 187 3430 dilectis
212 3367 248 3428 in
281 3368 412 3429 Christo
436 3366 594 3430 iratribhs
618 3367 658 3427 de
686 3366 855 3428 Bethleem
910 3373 1026 3433 Mariae
1041 3372 1082 3433 de
1096 3373 1241 3434 Caritate
1256 3374 1387 3435 eltutus
1397 3373 1543 3450 eiusdem
1558 3371 1709 3436 ecclesiae

55 3469 89 3526 et
117 3464 270 3526 omnibus
301 3464 336 3524 in
364 3462 469 3540 burgo
503 3462 543 3524 de
572 3463 740 3524 Bethleem
769 3463 854 3540 apud
910 3468 1092 3531 conventus
1111 3469 1265 3530 omnibus
1283 3469 1502 3546 praesentibus
1517 3471 1652 3546 pariter,
1677 3473 1710 3532 et

52 3563 291 3623 (llametiacum
317 3559 528 3623 monentibus
557 3559 698 3621 salutem
724 3559 760 3620 in
779 3563 854 3630 ¹Do·
910 3564 1031 3626 tuturis
1053 3567 1167 3630 notum
1185 3565 1336 3639 iacimus,
1363 3567 1447 3644 quod
1473 3582 1548 3628 cum
1565 3568 1707 3628 ecclesia

52 3661 156 3720 mino.
174 3659 342 3721 Noveritis
358 3657 443 3736 quod
462 3673 521 3735 per
535 3657 734 3719 sententiam
748 3673 855 3718 vene·
910 3663 1024 3724 nostra
1046 3663 1224 3724 muliorum
1248 3661 1433 3725 debitorum
1461 3679 1563 3726 onere
1586 3681 1710 3740 grava-

52 3756 173 3818 rabilis
187 3757 292 3836 patris
307 3759 462 3817 Manasse
477 3753 691 3817 aurelianen.
708 3754 855 3832 episcopi
910 3761 1013 3832 retur,
1039 3777 1101 3822 nos
1122 3761 1260 3837 urgente
1280 3761 1478 3824 necessitate
1495 3777 1594 3839 quam
1623 3763 1708 3825 alias

55 3857 88 3916 et
103 3855 215 3916 dilecti
233 3854 339 3915 nostri
354 3855 394 3914 Η.
415 3852 679 3914 Autissiodoren.
702 3852 855 3914 canonici
908 3859 977 3919 tam
988 3857 1158 3919 commode
1170 3873 1236 3920 non
1244 3859 1433 3936 poteramus
1443 3859 1581 3933 evitare,
1591 3859 1708 3922 villam

54 3955 90 4013 16
110 3969 192 4029 quos
213 3951 547 4027 compromiseramus
565 3965 667 4028 super
681 3949 809 4028 capella
824 3952 856 4012 61
909 3955 1058 4016 nostram
1077 3955 1118 4016 de
1138 3955 1301 4016 Branchis
1325 3973 1400 4017 cum
1427 3956 1580 4018 omnibus
1604 3958 1710 4034 perti-

52 4049 287 4126 jnrisdlctione
301 4046 399 4124 burgi
418 4048 459 4108 de
474 4046 653 4121 Bethleem,
679 4048 855 4110 diffinitum
910 4051 1032 4112 nentiis
1048 4054 1080 4114 et
1092 4052 1292 4130 appenditiis
1304 4054 1374 4114 suis
1390 4053 1556 4116 universis
1570 4069 1708 4116 venera·

56 4150 106 4209 661
127 4148 159 4209 61
175 4146 390 4218 declaratum,
413 4146 499 4222 quod
521 4145 661 4222 capella,
682 4147 799 4208 domus
823 4148 857 4208 et
909 4148 969 4208 bili
983 4151 1068 4226 patri
1082 4150 1257 4210 Guillelmo
1272 4150 1535 4212 Autissiodoren.
1553 4151 1709 4229 episcopo

55 4247 180 4321 burgus
194 4243 299 4320 quoad
315 4242 577 4306 ecclesiasticam
587 4243 855 4320 jnrisdictionem
909 4246 1132 4320 vendidimus,
1153 4249 1187 4309 et
1206 4247 1314 4308 eidem
1336 4249 1369 4309 61
1385 4248 1439 4308 661
1454 4248 1635 4310 concedere
1649 4266 1711 4310 vc-

56 4345 153 4421 pleno
164 4345 240 4419 jure
255 4342 405 4418 spectant
419 4341 460 4404 ad
480 4341 672 4416 episcopum
695 4339 856 4402 Autissio-
910 4343 1010 4404 luerit
1034 4344 1068 4404 in
1093 4345 1287 4420 perpetuum
1311 4344 1523 4421 quitavimus,
1551 4345 1709 4423 quidquid

55 4443 170 4503 deren.
196 4439 229 4502 et
252 4453 312 4501 uos
333 4438 440 4499 eidem
456 4438 629 4500 666166116
651 4439 806 4515 parentes
821 4439 853 4499 id
905 4441 993 4518 juris
1008 4441 1042 4501 in
1058 4441 1173 4502 eadem
1195 4440 1398 4502 habebamus
1419 4443 1504 4520 qued
1518 4445 1556 4505 ut
1577 4443 1706 4514 stabile,

56 4538 150 4600 vobis
179 4536 387 4598 notificamus
406 4538 438 4599 61
463 4535 676 4612 praesentium
702 4536 856 4598 insinua·
910 4539 1106 4615 firmumque
1134 4537 1254 4600 suturis
1286 4538 1491 4615 temporibus
1525 4540 1559 4600 in
1586 4556 1708 4618 perpe-

55 4637 144 4699 11666
179 4634 422 4696 denuntiamus.
459 4635 578 4697 Datum
613 4649 702 4694 anno
736 4634 854 4709 gratiae
908 4637 1001 4697 tuum
1023 4635 1219 4706 habeantur,
1243 4636 1439 4714 praeseutem
1460 4638 1566 4698 artam
1587 4638 1708 4715 sigillis

56 4735 195 4804 MGCXI,
213 4747 326 4792 mense
345 4730 489 4793 octobris
507 4733 625 4810 quarto
640 4731 773 4792 kalend.
792 4748 855 4793 no-
908 4731 1052 4808 propriis
1068 4731 1312 4794 confirmamus.
1330 4737 1448 4794 Actum
1464 4733 1595 4810 publice
1607 4735 1642 4795 in
1656 4751 1710 4796 ca-

54 4827 688 4903 66161616.»Ν6616116666611616666
707 4845 780 4908 quse
796 4845 855 4906 per
909 4829 1013 4905 pitulo
1037 4831 1150 4892 nostro
1172 4830 1259 4908 apud
1275 4830 1466 4896 caritatem.
1482 4847 1570 4893 anuo
1591 4833 1708 4908 gratiae

55 4944 115 4990 nos
143 4928 176 4989 et
202 4942 221 4988 a
245 4924 342 4988 nobis
370 4925 450 4997 rite,
478 4941 518 4996 ac
549 4927 616 4987 tam
650 4926 854 4988 sollemniter
909 4928 1049 4998 MGCIX,
1078 4928 1195 5003 quarto
1222 4925 1297 4987 idus
1331 4927 1486 4988 octobris.
1510 4931 1577 5004 Ego
1606 4931 1710 4990 irater

55 5027 231 5089 66166661.
259 5023 457 5101 procedente
480 5023 628 5099 tempore
654 5022 782 5100 6666161
795 5040 855 5102 per
908 5023 1104 5085 Guillelmue
1117 5023 1293 5099 Beigratia
1315 5023 1417 5086 abbas
1432 5024 1622 5087 Cluniacen.
1641 5043 1708 5088 om·

57 5123 258 5186 oblivionem
283 5121 402 5194 deleri,
432 5122 506 5183 ecta
530 5120 604 5196 1666
632 5121 668 5182 16
695 5122 853 5198 scriptum
876 5183 877 5186 ,
908 5121 1005 5181 nibus
1020 5120 1237 5198 praesentibus
1252 5120 1379 5198 pariter
1392 5123 1426 5183 et
1446 5121 1567 5185 tuturis
1592 5125 1706 5186 uotum

57 5221 243 5297 redegimus
258 5220 291 5282 61
307 5219 463 5295 praesenti
479 5219 609 5296 paginae
624 5218 782 5281 annotata
804 5219 853 5279 si·
908 5217 1063 5289 iacimus,
1096 5217 1182 5296 quod
1211 5233 1286 5278 cum
1322 5218 1465 5280 ecclesia
1493 5219 1534 5281 de
1562 5221 1707 5284 Caritate

57 5320 210 5395 gillcrum
224 5317 413 5378 nostrorum
428 5316 611 5377 munimine
626 5314 782 5377 damulus
797 5333 855 5378 ro-
908 5315 1087 5376 multorum
1128 5313 1313 5376 debitorum
1355 5330 1457 5378 onere
1495 5321 1705 5393 gravaretur,

57 5418 184 5478 horare.
208 5417 325 5478 Actum
347 5429 435 5475 anno
450 5413 583 5475 Domini
598 5414 739 5474 MCGXI.
759 5414 852 5475 Nulli
906 5413 1010 5475 trater
1023 5412 1220 5474 duillelmus
1236 5414 1327 5490 prior
1348 5415 1382 5475 et
1396 5416 1578 5477 conventus
1593 5417 1706 5480 eccle-

58 5531 135 5590 ergo
160 5513 296 5576 omnino
322 5511 493 5573 hominum
512 5511 614 5573 liceat
640 5511 727 5572 hanc
754 5511 852 5589 pagi·
907 5510 965 5572 616
989 5510 1180 5583 nominata,
1211 5512 1348 5586 urgente
1373 5511 1580 5587 necessitate,
1605 5531 1704 5593 quam

60 5628 134 5672 nam
149 5611 269 5672 nostrae
291 5609 553 5674 confirmationis
576 5607 771 5684 intringere,
788 5611 849 5672 ete.
906 5608 991 5670 alias
1005 5611 1073 5670 tam
1094 5608 1264 5671 commode
1284 5625 1350 5670 non
1373 5611 1548 5687 potuerant
1567 5613 1706 5688 evitare,
