4214 6400
337 243 456 302 367·

339 400 462 463 dieitur
476 415 513 462 se
534 415 609 462 esse
631 399 732 462 vitem
746 416 873 484 veram,
897 401 984 464 sicut
997 401 1138 464 audistis
1192 401 1389 464 vinciarum.
1412 399 1476 464 Sed
1500 394 1579 480 quia
1599 399 1726 464 occidis
1750 399 1941 478 Prophetas
1965 405 2006 465 et

339 500 374 561 in
396 500 460 562 hoc
475 499 649 576 evangelio
667 499 775 562 evitis
798 514 878 561 vera
896 501 1062 563 veraciter
1076 500 1139 564 luit

803 241 978 306 HONORII
1001 243 1047 304 111
1068 242 1217 322 OPERA.
1234 273 1272 286 -
1289 239 1523 326 SERMONES.

1936 243 2005 304 ³68

1192 501 1371 562 Dominum
1395 498 1647 578 prophetarum,
1678 499 1870 576 demergam
1899 499 1933 560 te
1963 501 2004 562 in

341 599 502 672 Christus,
519 599 596 676 quia
612 596 968 670 lecitbonnmvinum,
983 615 1050 660 non
1065 615 1138 662 ace
1192 597 1370 659 infernum.
1383 598 1582 668 Jerusalem,
1596 596 1948 674 honoravitetemplo
1966 601 2004 662 et

340 699 421 768 tum,
437 695 522 756 sicut
535 695 659 772 legitur
673 696 708 756 in
724 696 916 772 Evangelio,
931 697 1016 775 quod
1028 697 1138 758 Chris-

340 795 394 856 tns
416 791 479 856 luit
492 793 654 855 invitatus
671 793 712 854 ad
727 794 862 871 nuptias
878 810 953 855 cum
974 797 1079 856 matre
1102 795 1136 856 in

340 1005 460 1068 aquam
470 989 676 1052 convertitis
686 990 811 1061 vinum,
821 1006 888 1051 non
896 991 1137 1068 qualecumque

340 1087 398 1148 sed
414 1086 548 1162 honum,
565 1087 650 1150 sicut
661 1087 742 1148 dicit
752 1087 1010 1149 Architriclinus
1027 1109 1035 1148 ε
1053 1090 1137 1150 Ser-

1192 694 1377 757 sacerdotio
1390 695 1423 756 et
1434 695 1529 771 regni
1542 695 1717 770 dignitate,
1730 695 1789 756 sed
1806 696 1886 772 quia
1903 696 2003 773 lapi-

1192 793 1251 855 das
1268 793 1397 871 eosqui
1419 794 1594 856 mittuntur
1608 793 1649 854 ad
1662 796 1696 855 te
1715 809 1782 856 non
1803 793 2002 872 relinquam
2093 841 2094 852 ,

340 890 454 952 Chana
471 890 619 952 Galileae.
635 894 671 953 ln
687 891 783 952 initio
798 891 971 967 signorum
999 907 1135 954 sucrum
1191 892 1225 952 in
1241 893 1273 954 te
1287 891 1431 968 lapidem
1446 907 1546 968 super
1557 891 1712 968 lapidem,
1730 892 1808 969 quia
1824 893 1854 952 si
1867 892 2002 953 milvus

1191 987 1226 1049 in
1241 989 1337 1084 coelo,
1349 990 1459 1051 turtur
1467 989 1499 1050 ei
1511 989 1654 1051 hirundo
1667 991 1898 1066 cognoverunt
1909 990 2002 1051 tem-

1192 1104 1252 1164 pus
1272 1088 1434 1149 adventus
1457 1085 1521 1159 sui,
1547 1087 1584 1149 tu
1604 1102 1684 1148 vero
1710 1103 1777 1149 non
1804 1088 2003 1162 cognovisti

340 1175 432 1248 casti
445 1188 570 1247 doniam
579 1189 711 1258 etnam,
727 1201 834 1260 usque
848 1187 957 1249 adhuc
970 1183 1080 1265 (Joan.
1097 1201 1133 1258 11,
1190 1187 1319 1262 tempus
1332 1184 1536 1247 visitationis
1551 1186 1628 1246 tuae.
2094 1225 2095 1274 ἶ

1230 1284 1306 1344 Non
1322 1284 1372 1358 est
1385 1283 1497 1345 autem
1511 1281 1765 1359 intelligendum
1779 1282 1867 1360 quod
1883 1282 2002 1344 Domi·
2094 1283 2095 1320 l

342 1281 393 1360 10)
409 1283 572 1359 quatenus
587 1299 674 1344 nova
689 1283 767 1345 vitis
782 1299 905 1345 novum
924 1283 1040 1346 vinum
1059 1283 1137 1346 lun-

339 1380 442 1443 deret.
457 1381 629 1451 letaniis,
649 1381 746 1453 idest,
763 1381 914 1446 christus
929 1381 1029 1443 hahet
1042 1381 1136 1443 fruc-

341 1480 393 1540 tus
408 1478 630 1551 dulcissimos,
645 1495 712 1542 non
727 1495 871 1548 amaros,
886 1479 943 1556 qui
956 1478 1035 1541 lecit
1053 1494 1136 1542 uvas

339 1578 372 1638 et
384 1576 677 1638 nonlamhruscas.
691 1576 783 1639 Unde
795 1577 875 1640 dicit
885 1578 1138 1654 perEcclesias-

338 1673 442 1736 ticum
463 1697 471 1734 :
492 1679 568 1751 Epo
580 1678 679 1749 quast
700 1676 782 1736 citis
793 1675 1003 1748 fructificavi
1017 1678 1137 1736 suaci-

339 1772 448 1834 tatem
458 1776 575 1836 odcrtr
593 1771 694 1852 (Eccl.
710 1788 804 1844 xx1v,
823 1771 877 1852 23)
893 1773 983 1850 quia,
1000 1772 1088 1835 sicut
1102 1772 1136 1833 in

339 1885 418 1931 area
433 1869 567 1934 luerunt
581 1871 741 1933 animalia
761 1869 883 1933 munda
900 1871 934 1932 et
952 1871 1135 1943 immunda,

340 1967 429 2030 itaet
443 1968 581 2030 invinea
597 1969 674 2030 sunt
684 1967 780 2032 honae
791 1969 876 2030 vites
891 1970 925 2030 et
933 1969 1029 2030 malae
1039 1968 1135 2030 vites.

339 2067 448 2128 Vinea
460 2068 510 2129 est
524 2067 685 2138 Ecclesia,
701 2065 789 2128 hona
805 2066 883 2128 vitis
898 2066 961 2128 luit
973 2065 1134 2137 christus,

342 2164 397 2240 qni
414 2163 476 2226 luit
488 2164 700 2243 principium.
714 2167 814 2226 Bonae
826 2165 912 2227 vites
922 2165 1000 2231 sunt
1008 2165 1092 2242 J'usti
1105 2165 1138 2226 et

340 2264 439 2325 electi
455 2263 511 2341 qui
533 2265 639 2326 secuti
655 2265 732 2326 sunt
743 2281 830 2326 eum.

381 2361 466 2423 Vitis
479 2361 563 2424 laisa
579 2363 629 2424 est
643 2378 824 2440 synagoga.
841 2362 938 2424 Malae
957 2362 1042 2424 vites
1060 2361 1137 2424 sunt

341 2459 460 2530 Judaei,
477 2459 595 2535 iniqui,
612 2459 756 2536 reprobi,
774 2460 807 2521 et
821 2461 1137 2536 peccatoressyna-

338 2571 422 2632 pega
438 2573 504 2617 non
524 2556 681 2633 produxit
698 2555 819 2617 bonum
841 2557 967 2630 vinnm,
982 2557 1039 2618 sed
1059 2573 1138 2618 ace·

338 2655 417 2716 tum.
435 2655 510 2716 Non
535 2654 623 2718 enim
637 2654 752 2718 vinum
776 2653 834 2716 sed
861 2655 959 2716 tidem
985 2654 1135 2717 Christus

336 2750 480 2822 sitiebat,
497 2752 583 2814 sicut
595 2751 755 2813 hahemus
770 2751 805 2813 in
818 2752 1134 2828 passionenomini,

339 2849 472 2926 quando
485 2849 636 2911 Christus
650 2849 736 2911 dixit
752 2871 759 2909 ε
775 2851 873 2922 Sitto,
897 2852 929 2911 et
950 2853 1031 2914 tunc
1052 2867 1134 2928 por-

244 2997 248 3004 .
341 2948 501 3009 rexerunt
523 2947 696 3024 spongiam
724 2961 799 3008 cum
823 2947 929 3010 aceto.
960 2951 1135 3025 synagoga

340 3048 469 3106 tantum
485 3044 548 3106 hoc
563 3044 673 3118 dahat,
686 3044 772 3121 quod
785 3043 937 3107 habehat.
953 3045 1037 3118 Quid
1047 3047 1135 3108 enim

340 3145 469 3205 acetum
485 3142 551 3202 nisi
559 3157 673 3203 eorum
685 3142 836 3204 doctrina
846 3158 972 3215 amara,
989 3144 1133 3217 acetosa,

340 3256 482 3304 erronea
509 3240 542 3301 et
564 3241 757 3302 venenosai
779 3243 866 3317 Ergo
891 3256 958 3304 non
979 3242 1137 3319 produxit

338 3339 467 3411 vinnm,
478 3338 535 3400 sed
548 3341 689 3400 acetum.
701 3340 788 3400 Deus
804 3339 992 3416 expectavit
1003 3341 1038 3402 ut
1051 3339 1137 3401 lace·

339 3439 392 3500 ret
403 3453 494 3508 uvas,
504 3435 626 3498 etlecit
635 3435 1041 3505 lambruscas,secundum
1050 3437 1135 3515 quod

339 3534 461 3612 legitur
481 3535 516 3596 in
530 3533 676 3597 Jeremia
702 3556 710 3595 ε
726 3536 832 3596 Vinea
848 3551 922 3597 mea
937 3535 1053 3608 electa,
1074 3552 1135 3612 ego

335 3635 369 3697 te
382 3634 539 3710 plantavi,
555 3632 717 3710 quomodo
733 3649 895 3696 conversa
909 3648 946 3695 es
959 3633 994 3697 in
1009 3635 1137 3696 amari-

337 3732 486 3793 tudinem
501 3730 579 3792 vitis
588 3731 723 3794 alienael
737 3729 819 3809 (Jer.
832 3747 868 3804 11,
881 3729 948 3809 21.)
961 3733 999 3795 at
1010 3732 1114 3794 lsaias
1127 3754 1134 3794 :

341 3829 522 3904 Expectavi
535 3829 571 3889 ut
582 3827 707 3890 laceret
718 3843 812 3901 uvas,
828 3831 861 3890 et
875 3828 954 3891 lecit
966 3829 1136 3892 lambrus-

341 3941 410 3996 cas,
426 3925 505 4002 qnia
524 3940 693 4002 synagoga
705 3928 723 3987 J
727 3926 896 3988 udeeorum
909 3927 1002 4003 prius
1017 3927 1138 3990 occidit

341 4023 530 4100 prophetas,
547 4023 661 4099 postea
683 4022 850 4084 Christum
869 4024 1045 4097 crucifixit,
1064 4026 1138 4087 Ste-

342 4121 487 4198 phanum
515 4119 691 4197 lapidavit,
716 4120 891 4196 hpcstolcs
916 4121 949 4183 et
974 4123 1137 4200 martyres

339 4219 461 4282 multos
476 4217 655 4291 interemit,
673 4217 760 4280 sicut
773 4217 914 4293 legimus
936 4219 971 4282 in
986 4222 1138 4296 Evange-

340 4318 385 4380 lio
402 4339 409 4378 ε
426 4317 656 4390 «Jerusalem,
685 4315 887 4388 Jerusalem,
916 4332 989 4394 quae
1013 4317 1136 4380 occidis

338 4415 535 4492 Prophetas,
550 4416 584 4476 et
608 4414 737 4492 lapidas
759 4429 828 4487 eos,
850 4414 906 4491 qui
927 4415 970 4477 ad
988 4417 1021 4477 te
1042 4416 1136 4477 missi

340 4515 417 4576 sunt
431 4510 589 4592 »(Matth.
598 4529 696 4585 xxnr,
705 4510 771 4590 37).
782 4513 862 4573 Pius
872 4514 1031 4576 Dominus
1039 4513 1137 4591 plan-

339 4611 387 4686 git
401 4609 556 4671 duritiem
569 4608 719 4685 reprobae
735 4609 890 4681 civitatis,
905 4625 979 4688 quae
994 4610 1077 4674 adeo
1087 4611 1136 4674 in·

339 4709 499 4768 duruerat
512 4707 546 4768 in
565 4706 721 4782 peccatis,
739 4707 775 4767 ut
796 4707 828 4768 et
842 4707 1025 4783 Prophetas
1041 4710 1133 4771 occi-

340 4805 443 4877 deret,
460 4803 493 4864 et
507 4804 682 4865 Dominum
697 4804 943 4882 prophetarum,
961 4805 993 4867 et
1003 4806 1133 4884 lapida-

338 4900 934 4979 reteosquimittebanturadsalutem
943 4903 1131 4966 multorum.

339 5001 402 5063 Sed
419 5001 642 5079 quianullum
663 4999 807 5076 legimus
822 5016 842 5061 a
859 5000 984 5063 Judaeis
1000 5001 1132 5078 lapida-

336 5101 406 5162 tum
414 5100 480 5161 nisi
491 5098 622 5161 beatum
633 5098 847 5176 Stephanum,
860 5099 993 5177 proprie
1002 5100 1134 5162 videtur

337 5199 377 5260 de
401 5199 474 5274 ipso
496 5203 690 5274 expressum
716 5197 779 5259 hcc
799 5197 1038 5260 testimonium.
1062 5199 1133 5260 Nec

335 5295 457 5358 mirum
473 5294 501 5356 si
516 5293 805 5372 pluraliterdixit:
821 5297 1019 5366 Jerusalem,
1034 5297 1134 5357 Jeru-

335 5393 450 5464 salem,
466 5393 620 5469 repetitio
632 5393 683 5454 est
702 5392 950 5469 conquestionis
968 5391 1021 5454 vel
1041 5408 1133 5454 com-

334 5491 539 5562 minationis,
554 5490 648 5568 quasi
664 5489 1012 5560 diceretzJerusalem
1029 5491 1131 5566 egote

336 5588 492 5652 constitui
506 5588 677 5652 Dominam
686 5587 847 5666 gentium,
859 5587 1043 5666 principem
1054 5603 1132 5666 pro-

1192 1391 1254 1438 nus
1267 1376 1417 1439 dixerit:
1440 1377 1637 1450 Jerusalem,
1663 1379 1861 1448 Jerusalem,
1884 1379 2000 1440 muris

1192 1476 1224 1536 et
1238 1473 1400 1545 aediliciis,
1417 1475 1475 1536 sed
1489 1476 1600 1552 potius
1613 1474 1856 1539 habitatoribus
1871 1477 2000 1538 civita-

1192 1572 1246 1633 tis.
1262 1574 1280 1634 J
1284 1571 1371 1634 udeei
1385 1573 1465 1634 tunc
1479 1574 1650 1650 ejecerunt
1664 1574 1841 1644 Christum,
1857 1575 1998 1652 quando

1191 1685 1267 1730 eum
1292 1669 1494 1743 occiderunt,
1516 1672 1604 1733 sicut
1625 1671 1706 1734 dicit
1723 1673 1933 1750 Apostolus:
1959 1676 2001 1734 sa·
2095 1719 2096 1756 3

1191 1771 1440 1846 copimcissent,
1460 1785 1650 1844 numquam
1663 1773 1852 1832 omninum
1869 1773 1999 1847 ptorioe

1190 1867 1449 1938 cructltmissent
1473 1864 1502 1946 (l
1525 1869 1600 1928 Cor.
1624 1883 1661 1939 11,
1686 1867 1733 1944 8).
1758 1869 1999 1944 cognoverunt

1193 1981 1274 2040 ergo
1286 1981 1374 2036 eum,
1384 1966 1417 2025 et
1427 1979 1493 2026 non
1504 1967 1740 2041 cognoverunt.
1755 1967 1997 2042 cognoverunt

1192 2078 1268 2124 eum
1293 2079 1367 2124 esse
1396 2062 1574 2135 Christum,
1600 2063 1743 2127 sednon
1762 2067 1997 2140 cognoverunt

1191 2176 1268 2223 eum
1283 2177 1357 2223 esse
1378 2163 1494 2223 Deum.
1511 2162 1595 2233 Quia
1610 2160 1766 2224 videbant
1782 2177 1861 2224 eum
1875 2162 1994 2226 divina
2096 2154 2097 2236 l

1192 2259 1355 2320 miracula
1389 2258 1576 2330 facientem,
1609 2259 1787 2322 credebant
1819 2277 1895 2324 eum
1916 2277 1993 2324 esse

1193 2357 1370 2418 Christum.
1387 2357 1470 2429 Quia
1485 2356 1643 2418 videbant
1663 2373 1738 2419 eum
1762 2357 1911 2421 humana
1925 2375 1992 2437 pa-

1190 2454 1636 2529 tientem,lamemvidelicet,
1644 2455 1855 2518 infirmitates
1865 2459 1899 2519 et
1908 2458 1990 2530 alia,

1192 2571 1258 2617 non
1272 2555 1497 2632 cognoverunt
1516 2571 1592 2617 eum
1606 2570 1680 2618 esse
1695 2557 1809 2628 Deum,
1835 2555 1925 2618 sicut
1938 2558 1991 2618 le-

1191 2653 1281 2729 gitur
1300 2653 1336 2715 in
1358 2652 1444 2714 libro
1456 2652 1634 2730 Sapientiae
1651 2673 1659 2713 ε
1679 2655 1882 2716 Eoecoecavit
1895 2657 1991 2716 enim
2097 2678 2098 2730 ,

1191 2754 1266 2813 titos
1279 2751 1415 2814 matitia
1428 2753 1584 2826 ipsoram
1597 2749 1689 2829 (Sap.
1703 2766 1739 2822 11,
1751 2750 1817 2831 21).

1231 2850 1385 2924 Legimus
1414 2848 1500 2926 quod
1529 2850 1670 2925 quatuor
1695 2850 1772 2912 sunt
1790 2848 1990 2912 differentiae

1191 2945 1460 3022 cognoscentium
1472 2945 1504 3007 et
1514 2961 1581 3007 non
1591 2947 1860 3023 cognoscentium
1871 2950 1988 3009 Deum.

1191 3045 1396 3119 Cognoscere
1409 3046 1520 3106 autem
1534 3044 1700 3106 creatoris
1715 3046 1765 3108 est
1783 3044 1915 3108 lelicem
1932 3046 1988 3106 ia·-

1191 3156 1277 3202 cere.
1295 3144 1501 3218 cognoscere
1523 3143 1644 3214 autem,
1660 3145 1833 3216 creaturae,
1851 3142 1892 3204 de
1906 3159 1988 3222 per-

1191 3241 1286 3316 cepta
1298 3238 1456 3302 felicitate
1471 3241 1598 3317 gratias
1610 3255 1722 3316 agere.
1739 3241 1990 3319 igiturquidam

1191 3341 1471 3414 cognoscuntura
1493 3339 1572 3408 Deo,
1595 3339 1628 3400 et
1646 3340 1850 3415 cognoscunt
1872 3342 1988 3412 Deum,

1191 3435 1298 3498 sancti
1321 3435 1479 3500 videlicet
1510 3437 1639 3513 angeli,
1660 3437 1717 3515 qui
1741 3436 1782 3499 ab
1809 3452 1849 3500 eo
1874 3437 1990 3500 felices

1191 3532 1270 3595 sacti
1282 3536 1356 3610 eJ'us
1377 3549 1507 3612 semper
1521 3534 1675 3596 laudibus
1688 3537 1821 3603 vacant,
1841 3537 1876 3598 et
1891 3536 1990 3598 obse-

1191 3631 1279 3709 quiis
1290 3631 1493 3694 deserviunt.
1506 3632 1645 3704 Quidam
1653 3648 1732 3696 vero
1744 3636 1990 3710 cognoscuntur

1191 3731 1298 3802 allec,
1311 3745 1373 3791 nec
1381 3732 1585 3806 cognoscunt
1594 3733 1709 3802 Deum,
1721 3747 1884 3810 pauperes
1896 3733 1990 3796 vide-

1191 3826 1269 3888 licet
1284 3828 1478 3900 necessarii,
1491 3845 1573 3906 quos
1588 3845 1650 3890 nec
1660 3830 1756 3906 copia
1768 3844 1881 3892 rerum
1894 3831 1986 3904 ditat,

1191 3941 1253 3986 nec
1268 3926 1412 3988 servitus
1431 3926 1545 3988 divina
1569 3926 1746 3989 beatificat
1763 3929 1904 4001 Quidam
1927 3945 1986 3992 co-

1191 4024 1397 4098 gnoscuntur
1427 4039 1447 4086 a
1482 4026 1561 4097 Deo,
1596 4025 1654 4088 sed
1686 4041 1753 4088 non
1786 4029 1989 4102 cognoscunt

1192 4122 1306 4193 Deum,
1332 4120 1451 4184 divites
1475 4122 1630 4184 videlicet
1657 4123 1756 4200 hujus
1778 4123 1905 4196 saeculi,
1931 4125 1987 4202 qui

1192 4218 1336 4295 acceptis
1350 4218 1482 4296 quidem
1493 4219 1610 4298 opibus
1625 4220 1774 4293 affluunt,
1792 4220 1849 4282 sed
1864 4237 1988 4284 carna-

1191 4315 1280 4376 libus
1292 4317 1399 4392 pressi
1411 4316 1586 4382 desideriis
1597 4333 1775 4395 numqnam
1790 4335 1848 4382 cor
1862 4320 1904 4380 ad
1919 4337 1987 4382 cce-

1191 4413 1287 4476 lestia
1296 4415 1511 4491 suspendunt.
1522 4415 1661 4488 Quidam
1671 4418 1986 4492 cognoscuntlleurn

1190 4513 1224 4573 et
1239 4527 1306 4573 non
1320 4514 1599 4589 cognoscuntura
1616 4516 1694 4586 Deo,
1711 4529 1875 4592 pauperes
1890 4516 1984 4578 vide-

1190 4609 1268 4672 licet
1281 4609 1474 4683 voluntarii,
1489 4625 1571 4686 qnos
1586 4627 1648 4672 nec
1659 4611 1843 4685 tribulatio,
1859 4629 1921 4677 nec
1931 4629 1987 4676 an·

1189 4707 1310 4782 gustia,
1334 4723 1396 4770 nec
1418 4708 1485 4770 alia
1508 4723 1646 4786 quaeque
1674 4709 1824 4787 pericula
1849 4715 1987 4787 possunt

1189 4819 1347 4881 separare
1373 4806 1571 4869 acharitate
1590 4807 1725 4881 Christi,
1747 4809 1804 4884 qui
1828 4808 1984 4875 nimirum

1189 4903 1302 4965 multis
1324 4903 1430 4964 modis
1453 4903 1635 4981 probantur
1648 4904 1810 4978 adversis,
1829 4905 1984 4984 durisque

1188 4999 1371 5076 fatigantur
1390 5000 1672 5064 tribulationibus.
1689 5005 1739 5068 Ex
1755 5019 1896 5080 quorum
1911 5021 1985 5081 per-

1188 5114 1271 5162 sona
1295 5099 1441 5176 loquitur
1467 5099 1644 5162 Psalmista
1668 5122 1675 5162 :
1701 5105 1869 5164 Dominus
1895 5106 1985 5166 Deus

1187 5211 1297 5268 meus,
1314 5200 1447 5271 respice
1461 5201 1499 5260 te
1508 5213 1574 5270 me,
1588 5207 1697 5272 quare
1707 5214 1762 5260 me
1774 5201 1986 5275 dereliquisti

1188 5291 1258 5372 (Ps.
1267 5295 1317 5367 21,
1329 5294 1376 5373 2).
1390 5296 1477 5356 Num
1491 5295 1570 5372 quid
1580 5297 1741 5372 incogniti
1750 5296 1917 5370 videntur,
1929 5301 1982 5375 qui

1187 5394 1284 5455 orent
1312 5395 1348 5454 ut
1375 5393 1616 5471 respicianturi
1642 5396 1878 5458 Verumtamen
1909 5396 1983 5459 licet

1187 5490 1377 5553 humaniter
1391 5491 1563 5569 incogniti,
1581 5492 1659 5556 licet
1673 5492 1835 5562 derelicti,
1852 5493 1916 5572 ipsi
1929 5495 1981 5557 ta-

1186 5605 1261 5652 men
1276 5591 1379 5654 Deum
1401 5593 1615 5668 cognoscunt.
1637 5591 1677 5654 st
1696 5606 1739 5656 ex
1761 5607 1904 5670 persona
1924 5609 1980 5656 eo-
