<?xml version="1.0" encoding="UTF-8"?>
<!DOCTYPE html PUBLIC "-//W3C//DTD XHTML 1.0 Transitional//EN"
    "http://www.w3.org/TR/xhtml1/DTD/xhtml1-transitional.dtd">
<html xmlns="http://www.w3.org/1999/xhtml" xml:lang="en" lang="en">
 <head>
  <title>
</title>
<meta http-equiv="Content-Type" content="text/html;charset=utf-8" />
  <meta name='ocr-system' content='tesseract 3.04.00' />
  <meta name='ocr-capabilities' content='ocr_page ocr_carea ocr_par ocr_line ocrx_word'/>
</head>
<body>
  <div class='ocr_page' id='page_1' title='image "./mediiaevibiblio02unkngoog_0189.png"; bbox 0 0 4200 6404; ppageno 0'>
   <div class='ocr_carea' id='block_1_1' title="bbox 300 223 1953 359">
    <p class='ocr_par' dir='ltr' id='par_1_1' title="bbox 300 223 1953 359">
     <span class='ocr_line' id='line_1_1' title="bbox 300 223 1953 359; baseline -0.001 -46"><span class='ocrx_word' id='word_1_1' title='bbox 300 251 360 314; x_wconf 84' lang='lat' dir='ltr'>ase</span> <span class='ocrx_word' id='word_1_2' title='bbox 762 223 1006 359; x_wconf 78' lang='lat' dir='ltr'>annosum</span> <span class='ocrx_word' id='word_1_3' title='bbox 1027 249 1175 312; x_wconf 78' lang='lat' dir='ltr'>cenna.</span> <span class='ocrx_word' id='word_1_4' title='bbox 1191 247 1491 332; x_wconf 58' lang='lat' dir='ltr'>-sssuouss,</span> <span class='ocrx_word' id='word_1_5' title='bbox 1888 255 1953 314; x_wconf 80' lang='lat' dir='ltr'>eso</span> 
     </span>
    </p>
   </div>
   <div class='ocr_carea' id='block_1_2' title="bbox 206 401 1953 486">
    <p class='ocr_par' dir='ltr' id='par_1_2' title="bbox 206 401 1953 486">
     <span class='ocr_line' id='line_1_2' title="bbox 206 401 1953 486; baseline 0.001 -16"><span class='ocrx_word' id='word_1_6' title='bbox 206 449 208 454; x_wconf 90' lang='lat'>-</span> <span class='ocrx_word' id='word_1_7' title='bbox 301 407 405 473; x_wconf 87' lang='lat' dir='ltr'>illam.</span> <span class='ocrx_word' id='word_1_8' title='bbox 423 408 459 470; x_wconf 86' lang='lat' dir='ltr'>Si</span> <span class='ocrx_word' id='word_1_9' title='bbox 474 407 771 486; x_wconf 83' lang='lat' dir='ltr'>conpotesemere</span> <span class='ocrx_word' id='word_1_10' title='bbox 785 407 922 470; x_wconf 91' lang='lat' dir='ltr'>dimidio</span> <span class='ocrx_word' id='word_1_11' title='bbox 934 407 1096 484; x_wconf 87' lang='lat' dir='ltr'>patrimo-</span> <span class='ocrx_word' id='word_1_12' title='bbox 1136 409 1139 418; x_wconf 84' lang='lat'><em>&#39;</em></span> <span class='ocrx_word' id='word_1_13' title='bbox 1188 409 1270 470; x_wconf 83' lang='lat' dir='ltr'>Dtco</span> <span class='ocrx_word' id='word_1_14' title='bbox 1302 409 1420 471; x_wconf 79' lang='lat' dir='ltr'>autem</span> <span class='ocrx_word' id='word_1_15' title='bbox 1452 401 1574 472; x_wconf 63' lang='lat' dir='ltr'>vola:</span> <span class='ocrx_word' id='word_1_16' title='bbox 1605 411 1717 471; x_wconf 73' lang='lat' dir='ltr'>omnis</span> <span class='ocrx_word' id='word_1_17' title='bbox 1741 411 1953 485; x_wconf 71' lang='lat' dir='ltr'>uocemque</span> 
     </span>
    </p>
   </div>
   <div class='ocr_carea' id='block_1_3' title="bbox 234 504 1959 2037">
    <p class='ocr_par' dir='ltr' id='par_1_3' title="bbox 234 504 1958 2037">
     <span class='ocr_line' id='line_1_3' title="bbox 296 504 1950 580; baseline -0.001 -13"><span class='ocrx_word' id='word_1_18' title='bbox 296 506 441 574; x_wconf 87' lang='lat' dir='ltr'>niicum</span> <span class='ocrx_word' id='word_1_19' title='bbox 454 505 606 580; x_wconf 79' lang='lat' dir='ltr'>Zachae03</span> <span class='ocrx_word' id='word_1_20' title='bbox 628 520 701 567; x_wconf 91' lang='lat' dir='ltr'>eme</span> <span class='ocrx_word' id='word_1_21' title='bbox 715 504 843 566; x_wconf 88' lang='lat' dir='ltr'>duobus</span> <span class='ocrx_word' id='word_1_22' title='bbox 866 505 1004 567; x_wconf 87' lang='lat' dir='ltr'>minutis</span> <span class='ocrx_word' id='word_1_23' title='bbox 1019 520 1093 566; x_wconf 86' lang='lat' dir='ltr'>cum</span> <span class='ocrx_word' id='word_1_24' title='bbox 1148 508 1324 580; x_wconf 74' lang='lat' dir='ltr'>confessus</span> <span class='ocrx_word' id='word_1_25' title='bbox 1357 507 1465 580; x_wconf 63' lang='lat' dir='ltr'>merit</span> <span class='ocrx_word' id='word_1_26' title='bbox 1496 521 1552 568; x_wconf 77' lang='lat' dir='ltr'>nte</span> <span class='ocrx_word' id='word_1_27' title='bbox 1572 519 1692 568; x_wconf 79' lang='lat' dir='ltr'>coram</span> <span class='ocrx_word' id='word_1_28' title='bbox 1711 509 1950 568; x_wconf 75' lang='lat' dir='ltr'>hominibus...</span> 
     </span>
     <span class='ocr_line' id='line_1_4' title="bbox 301 600 1953 681; baseline -0.001 -15"><span class='ocrx_word' id='word_1_29' title='bbox 301 604 413 666; x_wconf 80' lang='lat' dir='ltr'>vidua.</span> <span class='ocrx_word' id='word_1_30' title='bbox 430 603 625 664; x_wconf 80' lang='lat' dir='ltr'>smccstice</span> <span class='ocrx_word' id='word_1_31' title='bbox 644 619 740 680; x_wconf 83' lang='lat' dir='ltr'>aquae</span> <span class='ocrx_word' id='word_1_32' title='bbox 761 601 901 678; x_wconf 76' lang='lat' dir='ltr'>frigidae,</span> <span class='ocrx_word' id='word_1_33' title='bbox 917 603 950 664; x_wconf 86' lang='lat' dir='ltr'>et</span> <span class='ocrx_word' id='word_1_34' title='bbox 966 602 994 663; x_wconf 90' lang='lat' dir='ltr'>si</span> <span class='ocrx_word' id='word_1_35' title='bbox 1010 601 1095 663; x_wconf 88' lang='lat' dir='ltr'>desit</span> <span class='ocrx_word' id='word_1_36' title='bbox 1149 600 1279 681; x_wconf 88' lang='lat' dir='ltr'>(Matth.</span> <span class='ocrx_word' id='word_1_37' title='bbox 1305 619 1339 671; x_wconf 86' lang='lat' dir='ltr'>x,</span> <span class='ocrx_word' id='word_1_38' title='bbox 1368 601 1434 681; x_wconf 82' lang='lat'>22).</span> <span class='ocrx_word' id='word_1_39' title='bbox 1468 602 1587 664; x_wconf 78' lang='lat' dir='ltr'><strong>Tribus</strong></span> <span class='ocrx_word' id='word_1_40' title='bbox 1614 603 1720 665; x_wconf 87' lang='lat' dir='ltr'>modis</span> <span class='ocrx_word' id='word_1_41' title='bbox 1748 603 1953 666; x_wconf 78' lang='lat' dir='ltr'>confitemur</span> 
     </span>
     <span class='ocr_line' id='line_1_5' title="bbox 301 699 1951 775; baseline 0 -13"><span class='ocrx_word' id='word_1_42' title='bbox 301 700 452 773; x_wconf 78' lang='lat' dir='ltr'><strong>facultas,</strong></span> <span class='ocrx_word' id='word_1_43' title='bbox 467 716 533 762; x_wconf 91' lang='lat' dir='ltr'>uno</span> <span class='ocrx_word' id='word_1_44' title='bbox 543 700 577 762; x_wconf 89' lang='lat' dir='ltr'>ot</span> <span class='ocrx_word' id='word_1_45' title='bbox 589 700 660 762; x_wconf 92' lang='lat' dir='ltr'>solo</span> <span class='ocrx_word' id='word_1_46' title='bbox 675 700 997 765; x_wconf 83' lang='lat' dir='ltr'>voluntatisallectu.</span> <span class='ocrx_word' id='word_1_47' title='bbox 1012 702 1095 775; x_wconf 74' lang='lat' dir='ltr'>Reg—</span> <span class='ocrx_word' id='word_1_48' title='bbox 1148 699 1314 761; x_wconf 88' lang='lat' dir='ltr'>Christum</span> <span class='ocrx_word' id='word_1_49' title='bbox 1323 711 1435 762; x_wconf 86' lang='lat' dir='ltr'>coram</span> <span class='ocrx_word' id='word_1_50' title='bbox 1443 700 1820 773; x_wconf 75' lang='lat' dir='ltr'>hominibusvidclicet,</span> <span class='ocrx_word' id='word_1_51' title='bbox 1832 703 1951 774; x_wconf 82' lang='lat' dir='ltr'>corde,</span> 
     </span>
     <span class='ocr_line' id='line_1_6' title="bbox 303 796 1956 874; baseline 0 -16"><span class='ocrx_word' id='word_1_52' title='bbox 303 813 381 858; x_wconf 90' lang='lat' dir='ltr'>num</span> <span class='ocrx_word' id='word_1_53' title='bbox 393 799 481 860; x_wconf 89' lang='lat' dir='ltr'>enim</span> <span class='ocrx_word' id='word_1_54' title='bbox 493 797 552 858; x_wconf 88' lang='lat' dir='ltr'>Dei</span> <span class='ocrx_word' id='word_1_55' title='bbox 564 798 795 861; x_wconf 86' lang='lat' dir='ltr'>tantumvalet</span> <span class='ocrx_word' id='word_1_56' title='bbox 805 799 964 874; x_wconf 86' lang='lat' dir='ltr'>quantum</span> <span class='ocrx_word' id='word_1_57' title='bbox 978 796 1092 858; x_wconf 85' lang='lat' dir='ltr'>habes.</span> <span class='ocrx_word' id='word_1_58' title='bbox 1149 811 1207 857; x_wconf 92' lang='lat' dir='ltr'>ore</span> <span class='ocrx_word' id='word_1_59' title='bbox 1218 798 1251 857; x_wconf 87' lang='lat' dir='ltr'>et</span> <span class='ocrx_word' id='word_1_60' title='bbox 1272 811 1382 872; x_wconf 90' lang='lat' dir='ltr'>opere.</span> <span class='ocrx_word' id='word_1_61' title='bbox 1405 797 1498 857; x_wconf 87' lang='lat' dir='ltr'>Unde</span> <span class='ocrx_word' id='word_1_62' title='bbox 1520 797 1798 874; x_wconf 87' lang='lat' dir='ltr'>percontrarium</span> <span class='ocrx_word' id='word_1_63' title='bbox 1814 797 1856 858; x_wconf 88' lang='lat' dir='ltr'>ds</span> <span class='ocrx_word' id='word_1_64' title='bbox 1871 799 1956 874; x_wconf 86' lang='lat' dir='ltr'>qui-</span> 
     </span>
     <span class='ocr_line' id='line_1_7' title="bbox 303 892 1954 974; baseline -0.001 -17"><span class='ocrx_word' id='word_1_65' title='bbox 303 897 367 957; x_wconf 89' lang='lat' dir='ltr'>Pro</span> <span class='ocrx_word' id='word_1_66' title='bbox 383 895 487 960; x_wconf 84' lang='lat' dir='ltr'>nihilo</span> <span class='ocrx_word' id='word_1_67' title='bbox 506 895 567 956; x_wconf 88' lang='lat' dir='ltr'>tibi</span> <span class='ocrx_word' id='word_1_68' title='bbox 587 895 787 966; x_wconf 77' lang='lat' dir='ltr'>conceditur,</span> <span class='ocrx_word' id='word_1_69' title='bbox 809 896 992 971; x_wconf 79' lang='lat' dir='ltr'>gratis-neo</span> <span class='ocrx_word' id='word_1_70' title='bbox 1010 894 1094 956; x_wconf 88' lang='lat' dir='ltr'>dee·</span> <span class='ocrx_word' id='word_1_71' title='bbox 1147 892 1287 954; x_wconf 87' lang='lat' dir='ltr'>busdam</span> <span class='ocrx_word' id='word_1_72' title='bbox 1306 893 1387 955; x_wconf 86' lang='lat' dir='ltr'>dicit</span> <span class='ocrx_word' id='word_1_73' title='bbox 1404 893 1526 954; x_wconf 86' lang='lat' dir='ltr'>Paulus</span> <span class='ocrx_word' id='word_1_74' title='bbox 1542 915 1549 954; x_wconf 90' lang='lat'>:</span> <span class='ocrx_word' id='word_1_75' title='bbox 1566 895 1773 974; x_wconf 59' lang='lat' dir='ltr'>opitulantes</span> <span class='ocrx_word' id='word_1_76' title='bbox 1792 909 1954 956; x_wconf 76' lang='lat' dir='ltr'>canossa</span> 
     </span>
     <span class='ocr_line' id='line_1_8' title="bbox 302 989 1952 1070; baseline -0.002 -17"><span class='ocrx_word' id='word_1_77' title='bbox 302 993 382 1054; x_wconf 89' lang='lat' dir='ltr'>runt</span> <span class='ocrx_word' id='word_1_78' title='bbox 404 993 597 1065; x_wconf 79' lang='lat' dir='ltr'>vendentes,</span> <span class='ocrx_word' id='word_1_79' title='bbox 614 993 644 1054; x_wconf 91' lang='lat' dir='ltr'>si</span> <span class='ocrx_word' id='word_1_80' title='bbox 665 993 1093 1068; x_wconf 69' lang='lat' dir='ltr'>illamtuolumuscompa-</span> <span class='ocrx_word' id='word_1_81' title='bbox 1149 994 1269 1060; x_wconf 85' lang='lat' dir='ltr'>Deum,</span> <span class='ocrx_word' id='word_1_82' title='bbox 1299 991 1401 1064; x_wconf 73' lang='lat' dir='ltr'>factis</span> <span class='ocrx_word' id='word_1_83' title='bbox 1427 993 1545 1052; x_wconf 77' lang='lat' dir='ltr'>aedem</span> <span class='ocrx_word' id='word_1_84' title='bbox 1568 992 1696 1067; x_wconf 82' lang='lat' dir='ltr'>nepant</span> <span class='ocrx_word' id='word_1_85' title='bbox 1725 989 1802 1070; x_wconf 64' lang='lat' dir='ltr'>(siit.</span> <span class='ocrx_word' id='word_1_86' title='bbox 1831 1007 1855 1059; x_wconf 91' lang='lat'>1,</span> <span class='ocrx_word' id='word_1_87' title='bbox 1881 990 1952 1070; x_wconf 84' lang='lat' dir='ltr'>te).</span> 
     </span>
     <span class='ocr_line' id='line_1_9' title="bbox 301 1086 1953 1168; baseline -0.001 -18"><span class='ocrx_word' id='word_1_88' title='bbox 301 1105 390 1151; x_wconf 88' lang='lat' dir='ltr'>rare.</span> <span class='ocrx_word' id='word_1_89' title='bbox 407 1091 685 1167; x_wconf 75' lang='lat' dir='ltr'>Nonne-ptusque</span> <span class='ocrx_word' id='word_1_90' title='bbox 700 1105 856 1168; x_wconf 79' lang='lat' dir='ltr'>passeres</span> <span class='ocrx_word' id='word_1_91' title='bbox 877 1087 1093 1152; x_wconf 76' lang='lat' dir='ltr'>veneanttdi-</span> <span class='ocrx_word' id='word_1_92' title='bbox 1149 1087 1296 1159; x_wconf 87' lang='lat' dir='ltr'>Quatuor</span> <span class='ocrx_word' id='word_1_93' title='bbox 1309 1087 1468 1164; x_wconf 77' lang='lat' dir='ltr'>suntque</span> <span class='ocrx_word' id='word_1_94' title='bbox 1478 1086 1723 1149; x_wconf 82' lang='lat' dir='ltr'>contessionem</span> <span class='ocrx_word' id='word_1_95' title='bbox 1738 1087 1953 1164; x_wconf 86' lang='lat' dir='ltr'>impediunt:</span> 
     </span>
     <span class='ocr_line' id='line_1_10' title="bbox 302 1183 1957 1264; baseline 0 -18"><span class='ocrx_word' id='word_1_96' title='bbox 302 1187 442 1264; x_wconf 85' lang='lat' dir='ltr'>pondiot</span> <span class='ocrx_word' id='word_1_97' title='bbox 467 1187 619 1264; x_wconf 76' lang='lat' dir='ltr'>Quinque</span> <span class='ocrx_word' id='word_1_98' title='bbox 652 1203 805 1264; x_wconf 84' lang='lat' dir='ltr'>passeres</span> <span class='ocrx_word' id='word_1_99' title='bbox 843 1187 920 1249; x_wconf 88' lang='lat' dir='ltr'>sunt</span> <span class='ocrx_word' id='word_1_100' title='bbox 947 1186 1094 1264; x_wconf 83' lang='lat' dir='ltr'>quinque</span> <span class='ocrx_word' id='word_1_101' title='bbox 1148 1184 1254 1261; x_wconf 91' lang='lat' dir='ltr'>pudor</span> <span class='ocrx_word' id='word_1_102' title='bbox 1268 1183 1399 1246; x_wconf 90' lang='lat' dir='ltr'>dicendi</span> <span class='ocrx_word' id='word_1_103' title='bbox 1409 1184 1558 1246; x_wconf 84' lang='lat' dir='ltr'>ettlmor</span> <span class='ocrx_word' id='word_1_104' title='bbox 1573 1185 1788 1262; x_wconf 80' lang='lat' dir='ltr'>poenitentias,</span> <span class='ocrx_word' id='word_1_105' title='bbox 1801 1199 1877 1261; x_wconf 89' lang='lat' dir='ltr'>spes</span> <span class='ocrx_word' id='word_1_106' title='bbox 1887 1185 1957 1246; x_wconf 85' lang='lat' dir='ltr'>de-</span> 
     </span>
     <span class='ocr_line' id='line_1_11' title="bbox 303 1281 1957 1362; baseline 0 -19"><span class='ocrx_word' id='word_1_107' title='bbox 303 1283 522 1345; x_wconf 89' lang='lat' dir='ltr'>humanorum</span> <span class='ocrx_word' id='word_1_108' title='bbox 533 1285 681 1346; x_wconf 90' lang='lat' dir='ltr'>cordium</span> <span class='ocrx_word' id='word_1_109' title='bbox 693 1285 833 1362; x_wconf 80' lang='lat' dir='ltr'>spectes</span> <span class='ocrx_word' id='word_1_110' title='bbox 844 1285 957 1348; x_wconf 87' lang='lat' dir='ltr'>Prima</span> <span class='ocrx_word' id='word_1_111' title='bbox 965 1283 1095 1345; x_wconf 71' lang='lat' dir='ltr'>est&#39;oor·</span> <span class='ocrx_word' id='word_1_112' title='bbox 1149 1281 1264 1342; x_wconf 76' lang='lat' dir='ltr'>sideni</span> <span class='ocrx_word' id='word_1_113' title='bbox 1280 1282 1313 1344; x_wconf 88' lang='lat' dir='ltr'>et</span> <span class='ocrx_word' id='word_1_114' title='bbox 1325 1281 1512 1358; x_wconf 76' lang='lat' dir='ltr'>desperatio</span> <span class='ocrx_word' id='word_1_115' title='bbox 1526 1281 1725 1343; x_wconf 87' lang='lat' dir='ltr'>abstinendi.</span> <span class='ocrx_word' id='word_1_116' title='bbox 1743 1282 1779 1343; x_wconf 82' lang='lat' dir='ltr'>si</span> <span class='ocrx_word' id='word_1_117' title='bbox 1800 1281 1876 1359; x_wconf 89' lang='lat' dir='ltr'>quis</span> <span class='ocrx_word' id='word_1_118' title='bbox 1899 1283 1957 1343; x_wconf 87' lang='lat' dir='ltr'>is-</span> 
     </span>
     <span class='ocr_line' id='line_1_12' title="bbox 302 1373 1955 1458; baseline -0.001 -18"><span class='ocrx_word' id='word_1_119' title='bbox 302 1379 353 1440; x_wconf 90' lang='lat' dir='ltr'>dis</span> <span class='ocrx_word' id='word_1_120' title='bbox 368 1380 521 1457; x_wconf 88' lang='lat' dir='ltr'>duplicis,</span> <span class='ocrx_word' id='word_1_121' title='bbox 542 1373 687 1443; x_wconf 86' lang='lat' dir='ltr'>secunda</span> <span class='ocrx_word' id='word_1_122' title='bbox 703 1379 866 1455; x_wconf 85' lang='lat' dir='ltr'>dissoluti,</span> <span class='ocrx_word' id='word_1_123' title='bbox 888 1381 986 1443; x_wconf 90' lang='lat' dir='ltr'>tertia</span> <span class='ocrx_word' id='word_1_124' title='bbox 1005 1379 1092 1452; x_wconf 84' lang='lat' dir='ltr'>duri,</span> <span class='ocrx_word' id='word_1_125' title='bbox 1148 1379 1192 1440; x_wconf 89' lang='lat' dir='ltr'>tis</span> <span class='ocrx_word' id='word_1_126' title='bbox 1204 1378 1347 1455; x_wconf 83' lang='lat' dir='ltr'>quatuor</span> <span class='ocrx_word' id='word_1_127' title='bbox 1364 1379 1537 1456; x_wconf 88' lang='lat' dir='ltr'>premitur,</span> <span class='ocrx_word' id='word_1_128' title='bbox 1550 1380 1641 1441; x_wconf 86' lang='lat' dir='ltr'>recte</span> <span class='ocrx_word' id='word_1_129' title='bbox 1658 1379 1792 1452; x_wconf 87' lang='lat' dir='ltr'>dicitur,</span> <span class='ocrx_word' id='word_1_130' title='bbox 1809 1380 1896 1458; x_wconf 86' lang='lat' dir='ltr'>quod</span> <span class='ocrx_word' id='word_1_131' title='bbox 1909 1380 1955 1440; x_wconf 88' lang='lat' dir='ltr'>in</span> 
     </span>
     <span class='ocr_line' id='line_1_13' title="bbox 302 1476 1958 1556; baseline 0 -18"><span class='ocrx_word' id='word_1_132' title='bbox 302 1478 420 1554; x_wconf 70' lang='lat' dir='ltr'>quarta</span> <span class='ocrx_word' id='word_1_133' title='bbox 440 1477 667 1554; x_wconf 76' lang='lat' dir='ltr'>ingredientis</span> <span class='ocrx_word' id='word_1_134' title='bbox 679 1479 764 1540; x_wconf 87' lang='lat' dir='ltr'>duas</span> <span class='ocrx_word' id='word_1_135' title='bbox 778 1479 862 1552; x_wconf 84' lang='lat' dir='ltr'>viss,</span> <span class='ocrx_word' id='word_1_136' title='bbox 886 1478 1001 1556; x_wconf 87' lang='lat' dir='ltr'>quinta</span> <span class='ocrx_word' id='word_1_137' title='bbox 1015 1491 1093 1540; x_wconf 88' lang='lat' dir='ltr'>cor·</span> <span class='ocrx_word' id='word_1_138' title='bbox 1148 1476 1470 1552; x_wconf 85' lang='lat' dir='ltr'>monumentojacet,</span> <span class='ocrx_word' id='word_1_139' title='bbox 1488 1477 1522 1539; x_wconf 91' lang='lat' dir='ltr'>et</span> <span class='ocrx_word' id='word_1_140' title='bbox 1537 1476 1803 1554; x_wconf 75' lang='lat' dir='ltr'>quauiduanus</span> <span class='ocrx_word' id='word_1_141' title='bbox 1791 1493 1862 1554; x_wconf 86' lang='lat' dir='ltr'>Jam</span> <span class='ocrx_word' id='word_1_142' title='bbox 1883 1476 1958 1538; x_wconf 83' lang='lat' dir='ltr'>toe-</span> 
     </span>
     <span class='ocr_line' id='line_1_14' title="bbox 301 1572 1953 1651; baseline 0.001 -18"><span class='ocrx_word' id='word_1_143' title='bbox 301 1572 352 1634; x_wconf 87' lang='lat' dir='ltr'>dis</span> <span class='ocrx_word' id='word_1_144' title='bbox 367 1589 521 1651; x_wconf 87' lang='lat' dir='ltr'>nequam.</span> <span class='ocrx_word' id='word_1_145' title='bbox 1148 1573 1205 1635; x_wconf 71' lang='lat' dir='ltr'>td</span> <span class='ocrx_word' id='word_1_146' title='bbox 1220 1573 1340 1634; x_wconf 86' lang='lat' dir='ltr'>Contra</span> <span class='ocrx_word' id='word_1_147' title='bbox 1350 1573 1520 1650; x_wconf 89' lang='lat' dir='ltr'>pudorem</span> <span class='ocrx_word' id='word_1_148' title='bbox 1532 1573 1759 1650; x_wconf 84' lang='lat' dir='ltr'>componenda</span> <span class='ocrx_word' id='word_1_149' title='bbox 1771 1574 1846 1635; x_wconf 90' lang='lat' dir='ltr'>sunt</span> <span class='ocrx_word' id='word_1_150' title='bbox 1856 1574 1953 1636; x_wconf 85' lang='lat' dir='ltr'>trra</span> 
     </span>
     <span class='ocr_line' id='line_1_15' title="bbox 342 1669 1956 1748; baseline 0.001 -18"><span class='ocrx_word' id='word_1_151' title='bbox 342 1672 380 1732; x_wconf 90' lang='lat' dir='ltr'>ln</span> <span class='ocrx_word' id='word_1_152' title='bbox 408 1670 461 1732; x_wconf 89' lang='lat' dir='ltr'>his</span> <span class='ocrx_word' id='word_1_153' title='bbox 487 1670 721 1747; x_wconf 80' lang='lat' dir='ltr'>intelliguntur</span> <span class='ocrx_word' id='word_1_154' title='bbox 747 1671 893 1748; x_wconf 78' lang='lat' dir='ltr'>quinque</span> <span class='ocrx_word' id='word_1_155' title='bbox 924 1670 1094 1732; x_wconf 87' lang='lat' dir='ltr'>hominum</span> <span class='ocrx_word' id='word_1_156' title='bbox 1150 1671 1385 1732; x_wconf 75' lang='lat' dir='ltr'>consideratio</span> <span class='ocrx_word' id='word_1_157' title='bbox 1408 1671 1568 1742; x_wconf 76' lang='lat' dir='ltr'>rationis,</span> <span class='ocrx_word' id='word_1_158' title='bbox 1593 1685 1655 1732; x_wconf 87' lang='lat' dir='ltr'>cur</span> <span class='ocrx_word' id='word_1_159' title='bbox 1683 1669 1804 1747; x_wconf 88' lang='lat' dir='ltr'>pudeat</span> <span class='ocrx_word' id='word_1_160' title='bbox 1830 1671 1956 1732; x_wconf 87' lang='lat' dir='ltr'>dicere</span> 
     </span>
     <span class='ocr_line' id='line_1_16' title="bbox 303 1765 1959 1845; baseline -0.001 -17"><span class='ocrx_word' id='word_1_161' title='bbox 303 1767 442 1845; x_wconf 88' lang='lat' dir='ltr'>species.</span> <span class='ocrx_word' id='word_1_162' title='bbox 457 1770 521 1829; x_wconf 81' lang='lat' dir='ltr'>(lor</span> <span class='ocrx_word' id='word_1_163' title='bbox 536 1767 657 1844; x_wconf 81' lang='lat' dir='ltr'>duplex</span> <span class='ocrx_word' id='word_1_164' title='bbox 672 1768 768 1828; x_wconf 88' lang='lat' dir='ltr'>estin</span> <span class='ocrx_word' id='word_1_165' title='bbox 775 1767 843 1839; x_wconf 89' lang='lat' dir='ltr'>his,</span> <span class='ocrx_word' id='word_1_166' title='bbox 867 1769 933 1845; x_wconf 88' lang='lat' dir='ltr'>qui</span> <span class='ocrx_word' id='word_1_167' title='bbox 929 1768 1032 1830; x_wconf 77' lang='lat' dir='ltr'>sunt·</span> <span class='ocrx_word' id='word_1_168' title='bbox 1023 1783 1096 1828; x_wconf 86' lang='lat' dir='ltr'>rns-</span> <span class='ocrx_word' id='word_1_169' title='bbox 1149 1766 1234 1842; x_wconf 88' lang='lat' dir='ltr'>quod</span> <span class='ocrx_word' id='word_1_170' title='bbox 1252 1780 1318 1826; x_wconf 90' lang='lat' dir='ltr'>non</span> <span class='ocrx_word' id='word_1_171' title='bbox 1333 1765 1581 1843; x_wconf 82' lang='lat' dir='ltr'>puduittacere,</span> <span class='ocrx_word' id='word_1_172' title='bbox 1597 1767 1774 1828; x_wconf 77' lang='lat' dir='ltr'>reverenti</span> <span class='ocrx_word' id='word_1_173' title='bbox 1761 1770 1797 1828; x_wconf 86' lang='lat' dir='ltr'>ta</span> <span class='ocrx_word' id='word_1_174' title='bbox 1809 1766 1959 1828; x_wconf 87' lang='lat' dir='ltr'>intuen-</span> 
     </span>
     <span class='ocr_line' id='line_1_17' title="bbox 300 1863 1954 1942; baseline -0.001 -17"><span class='ocrx_word' id='word_1_175' title='bbox 300 1863 420 1926; x_wconf 78' lang='lat' dir='ltr'>tabiles</span> <span class='ocrx_word' id='word_1_176' title='bbox 433 1864 466 1925; x_wconf 91' lang='lat' dir='ltr'>at</span> <span class='ocrx_word' id='word_1_177' title='bbox 479 1865 568 1940; x_wconf 79' lang='lat' dir='ltr'>vagi,</span> <span class='ocrx_word' id='word_1_178' title='bbox 585 1865 641 1942; x_wconf 88' lang='lat' dir='ltr'>qui</span> <span class='ocrx_word' id='word_1_179' title='bbox 656 1865 753 1926; x_wconf 90' lang='lat' dir='ltr'>modo</span> <span class='ocrx_word' id='word_1_180' title='bbox 768 1864 891 1926; x_wconf 82' lang='lat' dir='ltr'>sanent</span> <span class='ocrx_word' id='word_1_181' title='bbox 911 1879 1011 1925; x_wconf 91' lang='lat' dir='ltr'>unam</span> <span class='ocrx_word' id='word_1_182' title='bbox 1030 1881 1094 1926; x_wconf 91' lang='lat' dir='ltr'>vo·</span> <span class='ocrx_word' id='word_1_183' title='bbox 1148 1864 1193 1924; x_wconf 88' lang='lat' dir='ltr'>tis</span> <span class='ocrx_word' id='word_1_184' title='bbox 1217 1863 1298 1935; x_wconf 87' lang='lat' dir='ltr'>Dei,</span> <span class='ocrx_word' id='word_1_185' title='bbox 1322 1865 1536 1938; x_wconf 78' lang='lat' dir='ltr'>comparatio</span> <span class='ocrx_word' id='word_1_186' title='bbox 1562 1864 1705 1940; x_wconf 88' lang='lat' dir='ltr'>majoris</span> <span class='ocrx_word' id='word_1_187' title='bbox 1727 1863 1954 1925; x_wconf 85' lang='lat' dir='ltr'>contusionis.</span> 
     </span>
     <span class='ocr_line' id='line_1_18' title="bbox 234 1959 1955 2037; baseline 0 -17"><span class='ocrx_word' id='word_1_188' title='bbox 234 1994 240 2002; x_wconf 88' lang='lat'><strong>·</strong></span> <span class='ocrx_word' id='word_1_189' title='bbox 301 1960 474 2031; x_wconf 85' lang='lat' dir='ltr'>luntatem,</span> <span class='ocrx_word' id='word_1_190' title='bbox 490 1962 586 2022; x_wconf 89' lang='lat' dir='ltr'>modo</span> <span class='ocrx_word' id='word_1_191' title='bbox 611 1961 723 2022; x_wconf 87' lang='lat' dir='ltr'>aliam.</span> <span class='ocrx_word' id='word_1_192' title='bbox 744 1963 812 2022; x_wconf 63' lang='lat' dir='ltr'>(lora</span> <span class='ocrx_word' id='word_1_193' title='bbox 826 1961 1024 2024; x_wconf 81' lang='lat' dir='ltr'>dissolutum</span> <span class='ocrx_word' id='word_1_194' title='bbox 1045 1961 1095 2023; x_wconf 87' lang='lat' dir='ltr'>est</span> <span class='ocrx_word' id='word_1_195' title='bbox 1150 1961 1272 2020; x_wconf 85' lang='lat' dir='ltr'>Contra</span> <span class='ocrx_word' id='word_1_196' title='bbox 1297 1959 1449 2020; x_wconf 86' lang='lat' dir='ltr'>timorem</span> <span class='ocrx_word' id='word_1_197' title='bbox 1470 1959 1547 2032; x_wconf 90' lang='lat' dir='ltr'>tria,</span> <span class='ocrx_word' id='word_1_198' title='bbox 1564 1975 1661 2037; x_wconf 86' lang='lat' dir='ltr'>poena</span> <span class='ocrx_word' id='word_1_199' title='bbox 1680 1959 1814 2033; x_wconf 81' lang='lat' dir='ltr'>inferni,</span> <span class='ocrx_word' id='word_1_200' title='bbox 1831 1961 1955 2037; x_wconf 85' lang='lat' dir='ltr'>longa,</span> 
     </span>
    </p>
   </div>
   <div class='ocr_carea' id='block_1_4' title="bbox 301 2043 2094 2133">
    <p class='ocr_par' dir='ltr' id='par_1_4' title="bbox 301 2043 2094 2133">
     <span class='ocr_line' id='line_1_19' title="bbox 301 2043 2094 2133; baseline 0 -15"><span class='ocrx_word' id='word_1_201' title='bbox 301 2058 337 2118; x_wconf 92' lang='lat' dir='ltr'>in</span> <span class='ocrx_word' id='word_1_202' title='bbox 351 2057 488 2130; x_wconf 89' lang='lat' dir='ltr'>timidis,</span> <span class='ocrx_word' id='word_1_203' title='bbox 503 2059 692 2120; x_wconf 88' lang='lat' dir='ltr'>cordurum</span> <span class='ocrx_word' id='word_1_204' title='bbox 710 2059 746 2118; x_wconf 91' lang='lat' dir='ltr'>in</span> <span class='ocrx_word' id='word_1_205' title='bbox 761 2057 947 2131; x_wconf 89' lang='lat' dir='ltr'>obstinatis,</span> <span class='ocrx_word' id='word_1_206' title='bbox 970 2073 1028 2119; x_wconf 91' lang='lat' dir='ltr'>cor</span> <span class='ocrx_word' id='word_1_207' title='bbox 1041 2059 1096 2118; x_wconf 87' lang='lat' dir='ltr'>in·</span> <span class='ocrx_word' id='word_1_208' title='bbox 1149 2055 1272 2130; x_wconf 76' lang='lat' dir='ltr'>gravis,</span> <span class='ocrx_word' id='word_1_209' title='bbox 1288 2055 1511 2117; x_wconf 83' lang='lat' dir='ltr'>infructuosa:</span> <span class='ocrx_word' id='word_1_210' title='bbox 1526 2057 1641 2117; x_wconf 85' lang='lat' dir='ltr'>eontra</span> <span class='ocrx_word' id='word_1_211' title='bbox 1651 2057 1852 2132; x_wconf 77' lang='lat' dir='ltr'>poenitentia</span> <span class='ocrx_word' id='word_1_212' title='bbox 1861 2073 1960 2133; x_wconf 80' lang='lat' dir='ltr'>prae-</span> <span class='ocrx_word' id='word_1_213' title='bbox 2093 2043 2094 2048; x_wconf 56' lang='grc'>’</span> 
     </span>
    </p>
   </div>
   <div class='ocr_carea' id='block_1_5' title="bbox 241 2151 1960 5616">
    <p class='ocr_par' dir='ltr' id='par_1_5' title="bbox 241 2151 1960 5616">
     <span class='ocr_line' id='line_1_20' title="bbox 301 2151 1959 2233; baseline -0.002 -17"><span class='ocrx_word' id='word_1_214' title='bbox 301 2154 455 2231; x_wconf 78' lang='lat' dir='ltr'>grediens</span> <span class='ocrx_word' id='word_1_215' title='bbox 479 2155 568 2216; x_wconf 87' lang='lat' dir='ltr'>duas</span> <span class='ocrx_word' id='word_1_216' title='bbox 582 2155 655 2216; x_wconf 79' lang='lat' dir='ltr'>vias</span> <span class='ocrx_word' id='word_1_217' title='bbox 675 2155 727 2217; x_wconf 87' lang='lat' dir='ltr'>est</span> <span class='ocrx_word' id='word_1_218' title='bbox 746 2155 941 2233; x_wconf 68' lang='lat' dir='ltr'>hypocritis</span> <span class='ocrx_word' id='word_1_219' title='bbox 963 2154 1096 2232; x_wconf 74' lang='lat' dir='ltr'>quiin·</span> <span class='ocrx_word' id='word_1_220' title='bbox 1149 2151 1663 2228; x_wconf 71' lang='lat' dir='ltr'>sentistemporishrevislevis,</span> <span class='ocrx_word' id='word_1_221' title='bbox 1677 2152 1959 2216; x_wconf 79' lang='lat' dir='ltr'>fructuosacon-</span> 
     </span>
     <span class='ocr_line' id='line_1_21' title="bbox 301 2248 1956 2328; baseline -0.001 -16"><span class='ocrx_word' id='word_1_222' title='bbox 301 2252 498 2328; x_wconf 80' lang='lat' dir='ltr'>gradiuntur</span> <span class='ocrx_word' id='word_1_223' title='bbox 513 2253 602 2313; x_wconf 85' lang='lat' dir='ltr'>viam</span> <span class='ocrx_word' id='word_1_224' title='bbox 623 2253 683 2314; x_wconf 87' lang='lat' dir='ltr'>Dei</span> <span class='ocrx_word' id='word_1_225' title='bbox 707 2253 740 2315; x_wconf 90' lang='lat' dir='ltr'>et</span> <span class='ocrx_word' id='word_1_226' title='bbox 753 2252 988 2325; x_wconf 84' lang='lat' dir='ltr'>riam-mundi,</span> <span class='ocrx_word' id='word_1_227' title='bbox 1005 2253 1093 2312; x_wconf 88' lang='lat' dir='ltr'>viam</span> <span class='ocrx_word' id='word_1_228' title='bbox 1150 2253 1202 2312; x_wconf 89' lang='lat' dir='ltr'>tra</span> <span class='ocrx_word' id='word_1_229' title='bbox 1214 2264 1306 2326; x_wconf 90' lang='lat' dir='ltr'>spem</span> <span class='ocrx_word' id='word_1_230' title='bbox 1320 2250 1404 2311; x_wconf 89' lang='lat' dir='ltr'>tria:</span> <span class='ocrx_word' id='word_1_231' title='bbox 1421 2248 1508 2310; x_wconf 89' lang='lat' dir='ltr'>bona</span> <span class='ocrx_word' id='word_1_232' title='bbox 1525 2249 1629 2311; x_wconf 81' lang='lat' dir='ltr'>futuri</span> <span class='ocrx_word' id='word_1_233' title='bbox 1637 2249 1756 2312; x_wconf 81' lang='lat' dir='ltr'>saculi</span> <span class='ocrx_word' id='word_1_234' title='bbox 1769 2251 1956 2326; x_wconf 80' lang='lat' dir='ltr'>praesentis</span> 
     </span>
     <span class='ocr_line' id='line_1_22' title="bbox 302 2345 1956 2425; baseline -0.001 -17"><span class='ocrx_word' id='word_1_235' title='bbox 302 2349 362 2409; x_wconf 88' lang='lat' dir='ltr'>Dei</span> <span class='ocrx_word' id='word_1_236' title='bbox 376 2347 413 2409; x_wconf 91' lang='grc' dir='ltr'>ιιι</span> <span class='ocrx_word' id='word_1_237' title='bbox 433 2349 520 2410; x_wconf 79' lang='lat' dir='ltr'>bona</span> <span class='ocrx_word' id='word_1_238' title='bbox 541 2347 714 2425; x_wconf 74' lang='lat' dir='ltr'>religione,</span> <span class='ocrx_word' id='word_1_239' title='bbox 737 2349 825 2410; x_wconf 88' lang='lat' dir='ltr'>viam</span> <span class='ocrx_word' id='word_1_240' title='bbox 844 2349 957 2410; x_wconf 88' lang='lat' dir='ltr'>mundi</span> <span class='ocrx_word' id='word_1_241' title='bbox 978 2348 1014 2409; x_wconf 92' lang='lat' dir='ltr'>in</span> <span class='ocrx_word' id='word_1_242' title='bbox 1036 2349 1113 2409; x_wconf 53' lang='lat' dir='ltr'>de»</span> <span class='ocrx_word' id='word_1_243' title='bbox 1149 2346 1227 2408; x_wconf 83' lang='lat' dir='ltr'>vitae</span> <span class='ocrx_word' id='word_1_244' title='bbox 1240 2345 1334 2407; x_wconf 88' lang='lat' dir='ltr'>honis</span> <span class='ocrx_word' id='word_1_245' title='bbox 1350 2347 1488 2422; x_wconf 88' lang='lat' dir='ltr'>majora,</span> <span class='ocrx_word' id='word_1_246' title='bbox 1501 2345 1956 2420; x_wconf 36' lang='lat' dir='ltr'>certioravdurahiliora3ad</span> 
     </span>
     <span class='ocr_line' id='line_1_23' title="bbox 301 2443 1959 2523; baseline 0.001 -19"><span class='ocrx_word' id='word_1_247' title='bbox 301 2443 439 2506; x_wconf 79' lang='lat' dir='ltr'>siderio</span> <span class='ocrx_word' id='word_1_248' title='bbox 455 2461 553 2510; x_wconf 71' lang='lat' dir='ltr'>vana</span> <span class='ocrx_word' id='word_1_249' title='bbox 574 2446 701 2522; x_wconf 80' lang='lat' dir='ltr'>gloriae.</span> <span class='ocrx_word' id='word_1_250' title='bbox 726 2447 793 2507; x_wconf 86' lang='lat' dir='ltr'>cor</span> <span class='ocrx_word' id='word_1_251' title='bbox 809 2459 951 2523; x_wconf 79' lang='lat' dir='ltr'>nequam</span> <span class='ocrx_word' id='word_1_252' title='bbox 972 2445 1010 2506; x_wconf 89' lang='lat' dir='ltr'>in</span> <span class='ocrx_word' id='word_1_253' title='bbox 1030 2459 1102 2505; x_wconf 81' lang='grc' dir='ltr'>ιιιιι-1</span> <span class='ocrx_word' id='word_1_254' title='bbox 1150 2457 1289 2519; x_wconf 88' lang='lat' dir='ltr'>quorum</span> <span class='ocrx_word' id='word_1_255' title='bbox 1317 2443 1599 2519; x_wconf 72' lang='lat' dir='ltr'>comparationem</span> <span class='ocrx_word' id='word_1_256' title='bbox 1629 2443 1787 2520; x_wconf 81' lang='lat' dir='ltr'>quidquid</span> <span class='ocrx_word' id='word_1_257' title='bbox 1815 2443 1851 2503; x_wconf 90' lang='lat' dir='ltr'>in</span> <span class='ocrx_word' id='word_1_258' title='bbox 1879 2443 1959 2506; x_wconf 88' lang='lat' dir='ltr'>hoc</span> 
     </span>
     <span class='ocr_line' id='line_1_24' title="bbox 301 2539 1960 2620; baseline -0.001 -19"><span class='ocrx_word' id='word_1_259' title='bbox 301 2539 432 2603; x_wconf 90' lang='lat' dir='ltr'>litiosis.</span> <span class='ocrx_word' id='word_1_260' title='bbox 469 2543 511 2604; x_wconf 88' lang='lat' dir='ltr'>Hi</span> <span class='ocrx_word' id='word_1_261' title='bbox 546 2558 715 2620; x_wconf 80' lang='lat' dir='ltr'>passeres,</span> <span class='ocrx_word' id='word_1_262' title='bbox 753 2545 799 2604; x_wconf 78' lang='lat' dir='ltr'>ut·</span> <span class='ocrx_word' id='word_1_263' title='bbox 823 2543 871 2604; x_wconf 89' lang='lat' dir='ltr'>ait</span> <span class='ocrx_word' id='word_1_264' title='bbox 904 2541 1093 2614; x_wconf 75' lang='lat' dir='ltr'>Psalmista,</span> <span class='ocrx_word' id='word_1_265' title='bbox 1150 2539 1271 2600; x_wconf 89' lang='lat' dir='ltr'>mundo</span> <span class='ocrx_word' id='word_1_266' title='bbox 1296 2539 1479 2600; x_wconf 88' lang='lat' dir='ltr'>desiderari</span> <span class='ocrx_word' id='word_1_267' title='bbox 1494 2539 1610 2616; x_wconf 82' lang='lat' dir='ltr'>potest,</span> <span class='ocrx_word' id='word_1_268' title='bbox 1628 2540 1791 2601; x_wconf 88' lang='lat' dir='ltr'>modicum</span> <span class='ocrx_word' id='word_1_269' title='bbox 1803 2540 1869 2612; x_wconf 88' lang='lat' dir='ltr'>est,</span> <span class='ocrx_word' id='word_1_270' title='bbox 1888 2541 1960 2600; x_wconf 91' lang='lat' dir='ltr'>in-</span> 
     </span>
     <span class='ocr_line' id='line_1_25' title="bbox 301 2635 1960 2714; baseline 0 -16"><span class='ocrx_word' id='word_1_271' title='bbox 301 2636 541 2714; x_wconf 76' lang='lat' dir='ltr'>transmigrant</span> <span class='ocrx_word' id='word_1_272' title='bbox 558 2639 595 2700; x_wconf 90' lang='lat' dir='ltr'>in</span> <span class='ocrx_word' id='word_1_273' title='bbox 617 2640 739 2710; x_wconf 87' lang='lat' dir='ltr'>monte,</span> <span class='ocrx_word' id='word_1_274' title='bbox 763 2637 859 2709; x_wconf 87' lang='lat' dir='ltr'>idest,</span> <span class='ocrx_word' id='word_1_275' title='bbox 879 2637 916 2698; x_wconf 88' lang='lat' dir='ltr'>in</span> <span class='ocrx_word' id='word_1_276' title='bbox 939 2637 1095 2713; x_wconf 82' lang='lat' dir='ltr'>superbia</span> <span class='ocrx_word' id='word_1_277' title='bbox 1150 2637 1278 2698; x_wconf 75' lang='lat' dir='ltr'>certum</span> <span class='ocrx_word' id='word_1_278' title='bbox 1289 2635 1357 2708; x_wconf 84' lang='lat' dir='ltr'>est,</span> <span class='ocrx_word' id='word_1_279' title='bbox 1366 2637 1632 2698; x_wconf 88' lang='lat' dir='ltr'>momentaneum</span> <span class='ocrx_word' id='word_1_280' title='bbox 1645 2637 1708 2698; x_wconf 88' lang='lat' dir='ltr'>est.</span> <span class='ocrx_word' id='word_1_281' title='bbox 1728 2638 1845 2699; x_wconf 85' lang='lat' dir='ltr'>Contra</span> <span class='ocrx_word' id='word_1_282' title='bbox 1863 2637 1960 2698; x_wconf 84' lang='lat' dir='ltr'>des-</span> 
     </span>
     <span class='ocr_line' id='line_1_26' title="bbox 302 2731 1955 2812; baseline 0 -17"><span class='ocrx_word' id='word_1_283' title='bbox 302 2735 446 2796; x_wconf 83' lang='lat' dir='ltr'>Satanae.</span> <span class='ocrx_word' id='word_1_284' title='bbox 462 2735 644 2811; x_wconf 87' lang='lat' dir='ltr'>Dipondius</span> <span class='ocrx_word' id='word_1_285' title='bbox 661 2735 716 2796; x_wconf 83' lang='lat' dir='ltr'>vel</span> <span class='ocrx_word' id='word_1_286' title='bbox 735 2734 932 2811; x_wconf 78' lang='lat' dir='ltr'>dipondium·</span> <span class='ocrx_word' id='word_1_287' title='bbox 950 2734 1097 2810; x_wconf 86' lang='lat' dir='ltr'>est-pon-</span> <span class='ocrx_word' id='word_1_288' title='bbox 1150 2733 1355 2812; x_wconf 84' lang='lat' dir='ltr'>perationem</span> <span class='ocrx_word' id='word_1_289' title='bbox 1366 2731 1520 2794; x_wconf 80' lang='lat' dir='ltr'>vincendi</span> <span class='ocrx_word' id='word_1_290' title='bbox 1529 2733 1675 2809; x_wconf 84' lang='lat' dir='ltr'>peccata,</span> <span class='ocrx_word' id='word_1_291' title='bbox 1688 2733 1772 2795; x_wconf 71' lang='lat' dir='ltr'>trist</span> <span class='ocrx_word' id='word_1_292' title='bbox 1786 2735 1955 2810; x_wconf 86' lang='lat' dir='ltr'>proprius</span> 
     </span>
     <span class='ocr_line' id='line_1_27' title="bbox 301 2828 1955 2906; baseline 0.001 -16"><span class='ocrx_word' id='word_1_293' title='bbox 301 2828 362 2890; x_wconf 86' lang='lat' dir='ltr'>dus</span> <span class='ocrx_word' id='word_1_294' title='bbox 378 2829 595 2901; x_wconf 89' lang='lat' dir='ltr'>levissimum,</span> <span class='ocrx_word' id='word_1_295' title='bbox 616 2831 772 2892; x_wconf 89' lang='lat' dir='ltr'>constans</span> <span class='ocrx_word' id='word_1_296' title='bbox 794 2829 1093 2892; x_wconf 84' lang='lat' dir='ltr'>duobus-minutis.</span> <span class='ocrx_word' id='word_1_297' title='bbox 1149 2831 1246 2906; x_wconf 79' lang='lat' dir='ltr'>rigor</span> <span class='ocrx_word' id='word_1_298' title='bbox 1268 2829 1417 2905; x_wconf 88' lang='lat' dir='ltr'>sumptus</span> <span class='ocrx_word' id='word_1_299' title='bbox 1439 2843 1482 2889; x_wconf 85' lang='lat' dir='ltr'>ex</span> <span class='ocrx_word' id='word_1_300' title='bbox 1496 2828 1734 2902; x_wconf 84' lang='lat' dir='ltr'>contutatione,</span> <span class='ocrx_word' id='word_1_301' title='bbox 1751 2831 1856 2905; x_wconf 79' lang='lat' dir='ltr'>gratia</span> <span class='ocrx_word' id='word_1_302' title='bbox 1879 2831 1955 2891; x_wconf 83' lang='lat' dir='ltr'>Dei</span> 
     </span>
     <span class='ocr_line' id='line_1_28' title="bbox 299 2925 1953 3004; baseline 0.001 -18"><span class='ocrx_word' id='word_1_303' title='bbox 299 2926 360 2986; x_wconf 90' lang='lat' dir='ltr'>Isti</span> <span class='ocrx_word' id='word_1_304' title='bbox 381 2941 536 3002; x_wconf 84' lang='lat' dir='ltr'>passeres</span> <span class='ocrx_word' id='word_1_305' title='bbox 549 2927 697 2988; x_wconf 81' lang='lat' dir='ltr'>veneunt</span> <span class='ocrx_word' id='word_1_306' title='bbox 711 2926 879 3002; x_wconf 84' lang='lat' dir='ltr'>dipondio,</span> <span class='ocrx_word' id='word_1_307' title='bbox 895 2925 992 2997; x_wconf 86' lang='lat' dir='ltr'>idest,</span> <span class='ocrx_word' id='word_1_308' title='bbox 1013 2925 1096 2988; x_wconf 80' lang='lat' dir='ltr'>uitio</span> <span class='ocrx_word' id='word_1_309' title='bbox 1150 2942 1223 3004; x_wconf 79' lang='lat' dir='ltr'>quae</span> <span class='ocrx_word' id='word_1_310' title='bbox 1245 2927 1390 2987; x_wconf 88' lang='lat' dir='ltr'>meretur</span> <span class='ocrx_word' id='word_1_311' title='bbox 1403 2941 1445 2986; x_wconf 80' lang='lat' dir='ltr'>ex</span> <span class='ocrx_word' id='word_1_312' title='bbox 1460 2925 1658 2997; x_wconf 84' lang='lat' dir='ltr'>humilitate,</span> <span class='ocrx_word' id='word_1_313' title='bbox 1674 2925 1834 2988; x_wconf 83' lang='lat' dir='ltr'>auxilium</span> <span class='ocrx_word' id='word_1_314' title='bbox 1852 2930 1953 3004; x_wconf 75' lang='lat' dir='ltr'>ejuS‚</span> 
     </span>
     <span class='ocr_line' id='line_1_29' title="bbox 300 3021 1712 3099; baseline 0.001 -18"><span class='ocrx_word' id='word_1_315' title='bbox 300 3021 488 3097; x_wconf 80' lang='lat' dir='ltr'>gulositatis</span> <span class='ocrx_word' id='word_1_316' title='bbox 509 3024 542 3085; x_wconf 89' lang='lat' dir='ltr'>et</span> <span class='ocrx_word' id='word_1_317' title='bbox 562 3022 723 3084; x_wconf 85' lang='lat' dir='ltr'>libidinis.</span> <span class='ocrx_word' id='word_1_318' title='bbox 744 3024 825 3083; x_wconf 84' lang='lat' dir='ltr'>ilaec</span> <span class='ocrx_word' id='word_1_319' title='bbox 844 3023 922 3083; x_wconf 91' lang='lat' dir='ltr'>sunt</span> <span class='ocrx_word' id='word_1_320' title='bbox 947 3021 1013 3082; x_wconf 88' lang='lat' dir='ltr'>duo</span> <span class='ocrx_word' id='word_1_321' title='bbox 1030 3021 1100 3082; x_wconf 58' lang='lat' dir='ltr'>flu*</span> <span class='ocrx_word' id='word_1_322' title='bbox 1149 3023 1204 3084; x_wconf 93' lang='lat' dir='ltr'>cui</span> <span class='ocrx_word' id='word_1_323' title='bbox 1217 3022 1393 3084; x_wconf 83' lang='lat' dir='ltr'>confitetur</span> <span class='ocrx_word' id='word_1_324' title='bbox 1411 3039 1454 3083; x_wconf 79' lang='lat' dir='ltr'>ex</span> <span class='ocrx_word' id='word_1_325' title='bbox 1468 3023 1712 3099; x_wconf 52' lang='lat' dir='ltr'>compassiones</span> 
     </span>
     <span class='ocr_line' id='line_1_30' title="bbox 301 3107 1957 3200; baseline 0.002 -21"><span class='ocrx_word' id='word_1_326' title='bbox 301 3119 392 3180; x_wconf 86' lang='lat' dir='ltr'>mina</span> <span class='ocrx_word' id='word_1_327' title='bbox 407 3120 572 3191; x_wconf 81' lang='lat' dir='ltr'>Damasci,</span> <span class='ocrx_word' id='word_1_328' title='bbox 588 3119 725 3191; x_wconf 86' lang='lat' dir='ltr'>scilicet,</span> <span class='ocrx_word' id='word_1_329' title='bbox 739 3118 870 3190; x_wconf 58' lang='lat' dir='ltr'>thanas</span> <span class='ocrx_word' id='word_1_330' title='bbox 888 3118 973 3200; x_wconf 86' lang='lat' dir='ltr'>quod</span> <span class='ocrx_word' id='word_1_331' title='bbox 988 3119 1104 3180; x_wconf 58' lang='lat' dir='ltr'>intes</span> <span class='ocrx_word' id='word_1_332' title='bbox 1188 3118 1321 3182; x_wconf 84' lang='lat' dir='ltr'>Duobus</span> <span class='ocrx_word' id='word_1_333' title='bbox 1354 3107 1463 3181; x_wconf 87' lang='lat' dir='ltr'>autem</span> <span class='ocrx_word' id='word_1_334' title='bbox 1498 3120 1604 3180; x_wconf 89' lang='lat' dir='ltr'>modis</span> <span class='ocrx_word' id='word_1_335' title='bbox 1637 3119 1844 3182; x_wconf 75' lang='lat' dir='ltr'>confitebitur</span> <span class='ocrx_word' id='word_1_336' title='bbox 1878 3135 1957 3182; x_wconf 83' lang='lat' dir='ltr'>nos</span> 
     </span>
     <span class='ocr_line' id='line_1_31' title="bbox 301 3214 1957 3293; baseline 0 -15"><span class='ocrx_word' id='word_1_337' title='bbox 301 3216 695 3292; x_wconf 78' lang='lat' dir='ltr'>pretatursuttossioues3</span> <span class='ocrx_word' id='word_1_338' title='bbox 711 3221 745 3278; x_wconf 86' lang='lat' dir='ltr'>et</span> <span class='ocrx_word' id='word_1_339' title='bbox 758 3216 910 3292; x_wconf 74' lang='lat' dir='ltr'>designat</span> <span class='ocrx_word' id='word_1_340' title='bbox 923 3214 1094 3276; x_wconf 90' lang='lat' dir='ltr'>libidinem</span> <span class='ocrx_word' id='word_1_341' title='bbox 1149 3216 1299 3278; x_wconf 73' lang='lat' dir='ltr'>Christus</span> <span class='ocrx_word' id='word_1_342' title='bbox 1320 3231 1432 3278; x_wconf 89' lang='lat' dir='ltr'>coram</span> <span class='ocrx_word' id='word_1_343' title='bbox 1448 3217 1588 3293; x_wconf 74' lang='lat' dir='ltr'>angelis,</span> <span class='ocrx_word' id='word_1_344' title='bbox 1603 3217 1769 3288; x_wconf 79' lang='lat' dir='ltr'>videlicet,</span> <span class='ocrx_word' id='word_1_345' title='bbox 1788 3217 1957 3279; x_wconf 86' lang='lat' dir='ltr'>laudibus</span> 
     </span>
     <span class='ocr_line' id='line_1_32' title="bbox 301 3311 1954 3389; baseline 0.004 -17"><span class='ocrx_word' id='word_1_346' title='bbox 301 3327 375 3389; x_wconf 77' lang='lat' dir='ltr'>quae</span> <span class='ocrx_word' id='word_1_347' title='bbox 399 3312 556 3374; x_wconf 79' lang='lat' dir='ltr'>diffundit</span> <span class='ocrx_word' id='word_1_348' title='bbox 579 3314 613 3376; x_wconf 91' lang='lat' dir='ltr'>et</span> <span class='ocrx_word' id='word_1_349' title='bbox 635 3312 849 3388; x_wconf 86' lang='lat' dir='ltr'>distemperat</span> <span class='ocrx_word' id='word_1_350' title='bbox 876 3311 1032 3372; x_wconf 87' lang='lat' dir='ltr'>humores</span> <span class='ocrx_word' id='word_1_351' title='bbox 1058 3311 1094 3372; x_wconf 91' lang='lat' dir='ltr'>in</span> <span class='ocrx_word' id='word_1_352' title='bbox 1148 3315 1182 3375; x_wconf 88' lang='lat' dir='ltr'>et</span> <span class='ocrx_word' id='word_1_353' title='bbox 1204 3313 1410 3374; x_wconf 85' lang='lat' dir='ltr'>muneribus.</span> <span class='ocrx_word' id='word_1_354' title='bbox 1435 3315 1482 3374; x_wconf 89' lang='lat' dir='ltr'>Do</span> <span class='ocrx_word' id='word_1_355' title='bbox 1503 3313 1658 3376; x_wconf 88' lang='lat' dir='ltr'>laudibus</span> <span class='ocrx_word' id='word_1_356' title='bbox 1682 3313 1761 3376; x_wconf 90' lang='lat' dir='ltr'>dicit</span> <span class='ocrx_word' id='word_1_357' title='bbox 1785 3315 1954 3378; x_wconf 89' lang='lat' dir='ltr'>Salomon</span> 
     </span>
     <span class='ocr_line' id='line_1_33' title="bbox 300 3408 1957 3486; baseline 0.002 -16"><span class='ocrx_word' id='word_1_358' title='bbox 300 3424 449 3485; x_wconf 83' lang='lat' dir='ltr'>corpore,</span> <span class='ocrx_word' id='word_1_359' title='bbox 465 3411 497 3472; x_wconf 87' lang='lat' dir='ltr'>et</span> <span class='ocrx_word' id='word_1_360' title='bbox 509 3409 667 3486; x_wconf 83' lang='lat' dir='ltr'>Pharpha</span> <span class='ocrx_word' id='word_1_361' title='bbox 679 3408 765 3486; x_wconf 87' lang='lat' dir='ltr'>quod</span> <span class='ocrx_word' id='word_1_362' title='bbox 785 3408 1025 3486; x_wconf 78' lang='lat' dir='ltr'>interpretatur</span> <span class='ocrx_word' id='word_1_363' title='bbox 1043 3408 1095 3468; x_wconf 90' lang='lat' dir='ltr'>la·</span> <span class='ocrx_word' id='word_1_364' title='bbox 1148 3410 1407 3482; x_wconf 78' lang='lat' dir='ltr'>inproverlniis,</span> <span class='ocrx_word' id='word_1_365' title='bbox 1424 3410 1465 3470; x_wconf 90' lang='lat' dir='ltr'>de</span> <span class='ocrx_word' id='word_1_366' title='bbox 1486 3408 1563 3471; x_wconf 83' lang='lat' dir='ltr'>lorti</span> <span class='ocrx_word' id='word_1_367' title='bbox 1585 3411 1745 3472; x_wconf 88' lang='lat' dir='ltr'>muliere:</span> <span class='ocrx_word' id='word_1_368' title='bbox 1764 3414 1957 3473; x_wconf 72' lang='lat' dir='ltr'>sarrece-</span> 
     </span>
     <span class='ocr_line' id='line_1_34' title="bbox 299 3502 1959 3582; baseline 0.003 -17"><span class='ocrx_word' id='word_1_369' title='bbox 299 3505 406 3582; x_wconf 86' lang='lat' dir='ltr'>pides,</span> <span class='ocrx_word' id='word_1_370' title='bbox 422 3506 575 3582; x_wconf 81' lang='lat' dir='ltr'>designat</span> <span class='ocrx_word' id='word_1_371' title='bbox 588 3506 707 3567; x_wconf 87' lang='lat' dir='ltr'>edendi</span> <span class='ocrx_word' id='word_1_372' title='bbox 719 3505 941 3582; x_wconf 71' lang='lat' dir='ltr'>gulositatem,</span> <span class='ocrx_word' id='word_1_373' title='bbox 955 3521 1027 3582; x_wconf 80' lang='lat' dir='ltr'>quas</span> <span class='ocrx_word' id='word_1_374' title='bbox 1043 3502 1096 3565; x_wconf 84' lang='lat' dir='ltr'>fa·</span> <span class='ocrx_word' id='word_1_375' title='bbox 1148 3508 1233 3568; x_wconf 80' lang='lat' dir='ltr'>rant</span> <span class='ocrx_word' id='word_1_376' title='bbox 1246 3509 1310 3580; x_wconf 78' lang='lat' dir='ltr'>ttttt</span> <span class='ocrx_word' id='word_1_377' title='bbox 1321 3510 1408 3579; x_wconf 78' lang='lat' dir='ltr'>etos,</span> <span class='ocrx_word' id='word_1_378' title='bbox 1421 3508 1455 3569; x_wconf 84' lang='lat' dir='ltr'>et</span> <span class='ocrx_word' id='word_1_379' title='bbox 1474 3509 1707 3568; x_wconf 82' lang='lat' dir='ltr'>testtsstmam</span> <span class='ocrx_word' id='word_1_380' title='bbox 1728 3511 1959 3582; x_wconf 69' lang='lat' dir='ltr'>proedaoee-</span> 
     </span>
     <span class='ocr_line' id='line_1_35' title="bbox 300 3602 1952 3684; baseline 0.002 -21"><span class='ocrx_word' id='word_1_381' title='bbox 300 3602 346 3665; x_wconf 92' lang='lat' dir='ltr'>cit</span> <span class='ocrx_word' id='word_1_382' title='bbox 366 3603 517 3666; x_wconf 88' lang='lat' dir='ltr'>homines</span> <span class='ocrx_word' id='word_1_383' title='bbox 533 3603 634 3666; x_wconf 89' lang='lat' dir='ltr'>duros</span> <span class='ocrx_word' id='word_1_384' title='bbox 656 3608 689 3666; x_wconf 85' lang='lat' dir='ltr'>et</span> <span class='ocrx_word' id='word_1_385' title='bbox 711 3602 863 3668; x_wconf 85' lang='lat' dir='ltr'>hebetes..</span> <span class='ocrx_word' id='word_1_386' title='bbox 880 3605 950 3666; x_wconf 86' lang='lat' dir='ltr'>Hoc</span> <span class='ocrx_word' id='word_1_387' title='bbox 974 3602 1094 3678; x_wconf 88' lang='lat' dir='ltr'>dipon-</span> <span class='ocrx_word' id='word_1_388' title='bbox 1149 3603 1245 3675; x_wconf 83' lang='lat' dir='ltr'>runt,</span> <span class='ocrx_word' id='word_1_389' title='bbox 1259 3605 1293 3664; x_wconf 85' lang='lat' dir='ltr'>et</span> <span class='ocrx_word' id='word_1_390' title='bbox 1306 3607 1364 3664; x_wconf 79' lang='lat' dir='ltr'>ptr</span> <span class='ocrx_word' id='word_1_391' title='bbox 1377 3606 1452 3675; x_wconf 78' lang='lat' dir='ltr'>ejus</span> <span class='ocrx_word' id='word_1_392' title='bbox 1463 3605 1617 3666; x_wconf 69' lang='lat' dir='ltr'>iamavit</span> <span class='ocrx_word' id='word_1_393' title='bbox 1629 3619 1707 3666; x_wconf 84' lang='lat' dir='ltr'>eom</span> <span class='ocrx_word' id='word_1_394' title='bbox 1721 3603 1831 3684; x_wconf 84' lang='lat' dir='ltr'>(Prov.</span> <span class='ocrx_word' id='word_1_395' title='bbox 1842 3619 1952 3680; x_wconf 76' lang='lat' dir='ltr'>xxxi,</span> 
     </span>
     <span class='ocr_line' id='line_1_36' title="bbox 300 3689 1957 3778; baseline 0.001 -18"><span class='ocrx_word' id='word_1_396' title='bbox 300 3699 355 3760; x_wconf 93' lang='lat' dir='ltr'>dio</span> <span class='ocrx_word' id='word_1_397' title='bbox 379 3716 415 3760; x_wconf 89' lang='lat' dir='ltr'>se</span> <span class='ocrx_word' id='word_1_398' title='bbox 438 3701 587 3762; x_wconf 83' lang='lat' dir='ltr'>vendunt</span> <span class='ocrx_word' id='word_1_399' title='bbox 608 3689 774 3763; x_wconf 85' lang='lat' dir='ltr'>homines¹</span> <span class='ocrx_word' id='word_1_400' title='bbox 789 3699 852 3777; x_wconf 90' lang='lat' dir='ltr'>ipsi</span> <span class='ocrx_word' id='word_1_401' title='bbox 871 3699 1016 3771; x_wconf 88' lang='lat' dir='ltr'>diabolo,</span> <span class='ocrx_word' id='word_1_402' title='bbox 1037 3699 1094 3760; x_wconf 89' lang='lat' dir='ltr'>sed</span> <span class='ocrx_word' id='word_1_403' title='bbox 1148 3697 1215 3778; x_wconf 82' lang='lat'><strong>28).</strong></span> <span class='ocrx_word' id='word_1_404' title='bbox 1237 3699 1346 3760; x_wconf 82' lang='lat' dir='ltr'>Fortis</span> <span class='ocrx_word' id='word_1_405' title='bbox 1359 3700 1480 3760; x_wconf 88' lang='lat' dir='ltr'>mulier</span> <span class='ocrx_word' id='word_1_406' title='bbox 1500 3701 1551 3761; x_wconf 90' lang='lat' dir='ltr'>ost</span> <span class='ocrx_word' id='word_1_407' title='bbox 1565 3700 1677 3762; x_wconf 88' lang='lat' dir='ltr'>anima</span> <span class='ocrx_word' id='word_1_408' title='bbox 1701 3717 1775 3778; x_wconf 75' lang='lat' dir='ltr'>quaa</span> <span class='ocrx_word' id='word_1_409' title='bbox 1793 3703 1957 3762; x_wconf 86' lang='lat' dir='ltr'>oontem-</span> 
     </span>
     <span class='ocr_line' id='line_1_37' title="bbox 299 3795 1953 3876; baseline 0.002 -18"><span class='ocrx_word' id='word_1_410' title='bbox 299 3797 411 3858; x_wconf 86' lang='lat' dir='ltr'>tamen</span> <span class='ocrx_word' id='word_1_411' title='bbox 439 3812 519 3860; x_wconf 81' lang='lat' dir='ltr'>non</span> <span class='ocrx_word' id='word_1_412' title='bbox 532 3797 611 3858; x_wconf 86' lang='lat' dir='ltr'>sunt</span> <span class='ocrx_word' id='word_1_413' title='bbox 634 3797 669 3857; x_wconf 90' lang='lat' dir='ltr'>in</span> <span class='ocrx_word' id='word_1_414' title='bbox 691 3797 864 3858; x_wconf 83' lang='lat' dir='ltr'>oblivione·</span> <span class='ocrx_word' id='word_1_415' title='bbox 882 3798 1092 3867; x_wconf 82' lang='lat' dir='ltr'>coramlleo,</span> <span class='ocrx_word' id='word_1_416' title='bbox 1149 3795 1200 3858; x_wconf 87' lang='lat' dir='ltr'>nit</span> <span class='ocrx_word' id='word_1_417' title='bbox 1219 3811 1379 3873; x_wconf 86' lang='lat' dir='ltr'>prospera</span> <span class='ocrx_word' id='word_1_418' title='bbox 1401 3796 1526 3857; x_wconf 87' lang='lat' dir='ltr'>mundi.</span> <span class='ocrx_word' id='word_1_419' title='bbox 1548 3797 1624 3857; x_wconf 76' lang='lat' dir='ltr'>Filii</span> <span class='ocrx_word' id='word_1_420' title='bbox 1646 3800 1718 3875; x_wconf 80' lang='lat' dir='ltr'>ejus</span> <span class='ocrx_word' id='word_1_421' title='bbox 1742 3801 1818 3860; x_wconf 87' lang='lat' dir='ltr'>sunt</span> <span class='ocrx_word' id='word_1_422' title='bbox 1839 3813 1953 3876; x_wconf 87' lang='lat' dir='ltr'>opera</span> 
     </span>
     <span class='ocr_line' id='line_1_38' title="bbox 301 3890 1951 3976; baseline 0.004 -24"><span class='ocrx_word' id='word_1_423' title='bbox 301 3892 359 3969; x_wconf 87' lang='lat' dir='ltr'>qui</span> <span class='ocrx_word' id='word_1_424' title='bbox 373 3892 477 3953; x_wconf 89' lang='lat' dir='ltr'>solem</span> <span class='ocrx_word' id='word_1_425' title='bbox 490 3907 595 3952; x_wconf 27' lang='lat' dir='ltr'>&#39;suum</span> <span class='ocrx_word' id='word_1_426' title='bbox 621 3891 703 3953; x_wconf 88' lang='lat' dir='ltr'>oriri</span> <span class='ocrx_word' id='word_1_427' title='bbox 726 3891 806 3954; x_wconf 86' lang='lat' dir='ltr'>lacit</span> <span class='ocrx_word' id='word_1_428' title='bbox 819 3908 924 3968; x_wconf 87' lang='lat' dir='ltr'>super</span> <span class='ocrx_word' id='word_1_429' title='bbox 941 3890 1045 3953; x_wconf 89' lang='lat' dir='ltr'>bonos</span> <span class='ocrx_word' id='word_1_430' title='bbox 1063 3895 1096 3954; x_wconf 88' lang='lat' dir='ltr'>et</span> <span class='ocrx_word' id='word_1_431' title='bbox 1148 3891 1324 3970; x_wconf 70' lang='lat' dir='ltr'>bonazquae</span> <span class='ocrx_word' id='word_1_432' title='bbox 1340 3893 1522 3956; x_wconf 90' lang='lat' dir='ltr'>laudabunt</span> <span class='ocrx_word' id='word_1_433' title='bbox 1542 3909 1627 3955; x_wconf 89' lang='lat' dir='ltr'>eam.</span> <span class='ocrx_word' id='word_1_434' title='bbox 1657 3895 1718 3956; x_wconf 91' lang='lat' dir='ltr'>Vir</span> <span class='ocrx_word' id='word_1_435' title='bbox 1738 3897 1820 3972; x_wconf 78' lang='lat' dir='ltr'>ejus,</span> <span class='ocrx_word' id='word_1_436' title='bbox 1842 3895 1951 3976; x_wconf 80' lang='lat' dir='ltr'>idest,</span> 
     </span>
     <span class='ocr_line' id='line_1_39' title="bbox 300 3988 1954 4069; baseline 0.002 -19"><span class='ocrx_word' id='word_1_437' title='bbox 300 3988 417 4050; x_wconf 83' lang='lat' dir='ltr'>malos.</span> <span class='ocrx_word' id='word_1_438' title='bbox 436 3988 500 4050; x_wconf 88' lang='lat' dir='ltr'>Sed</span> <span class='ocrx_word' id='word_1_439' title='bbox 513 3988 628 4066; x_wconf 86' lang='lat' dir='ltr'>capilli</span> <span class='ocrx_word' id='word_1_440' title='bbox 647 3989 765 4064; x_wconf 83' lang='lat' dir='ltr'>capitis</span> <span class='ocrx_word' id='word_1_441' title='bbox 779 3989 881 4050; x_wconf 81' lang='lat' dir='ltr'>uestri</span> <span class='ocrx_word' id='word_1_442' title='bbox 902 4003 1017 4054; x_wconf 78' lang='lat' dir='ltr'>omnes</span> <span class='ocrx_word' id='word_1_443' title='bbox 1032 4005 1096 4048; x_wconf 91' lang='lat' dir='ltr'>nu·</span> <span class='ocrx_word' id='word_1_444' title='bbox 1149 3989 1314 4061; x_wconf 82' lang='lat' dir='ltr'>Christus,</span> <span class='ocrx_word' id='word_1_445' title='bbox 1328 3991 1463 4066; x_wconf 86' lang='lat' dir='ltr'>proptor</span> <span class='ocrx_word' id='word_1_446' title='bbox 1476 3990 1562 4052; x_wconf 88' lang='lat' dir='ltr'>bona</span> <span class='ocrx_word' id='word_1_447' title='bbox 1575 4006 1716 4069; x_wconf 88' lang='lat' dir='ltr'>opera...</span> <span class='ocrx_word' id='word_1_448' title='bbox 1733 3993 1890 4054; x_wconf 89' lang='lat' dir='ltr'>Dominus</span> <span class='ocrx_word' id='word_1_449' title='bbox 1900 3993 1954 4056; x_wconf 88' lang='lat' dir='ltr'>de</span> 
     </span>
     <span class='ocr_line' id='line_1_40' title="bbox 241 4085 1953 4163; baseline 0.001 -15"><span class='ocrx_word' id='word_1_450' title='bbox 241 4111 244 4118; x_wconf 54' lang='lat'><strong><em>⁴</em></strong></span> <span class='ocrx_word' id='word_1_451' title='bbox 301 4085 420 4148; x_wconf 87' lang='lat' dir='ltr'>mereti</span> <span class='ocrx_word' id='word_1_452' title='bbox 445 4087 533 4147; x_wconf 86' lang='lat' dir='ltr'>srmt.</span> <span class='ocrx_word' id='word_1_453' title='bbox 558 4085 677 4162; x_wconf 84' lang='lat' dir='ltr'>Capilli</span> <span class='ocrx_word' id='word_1_454' title='bbox 693 4087 771 4148; x_wconf 90' lang='lat' dir='ltr'>sunt</span> <span class='ocrx_word' id='word_1_455' title='bbox 784 4085 870 4147; x_wconf 91' lang='lat' dir='ltr'>hona</span> <span class='ocrx_word' id='word_1_456' title='bbox 884 4086 1092 4162; x_wconf 87' lang='lat' dir='ltr'>temporalis,</span> <span class='ocrx_word' id='word_1_457' title='bbox 1150 4088 1265 4147; x_wconf 87' lang='lat' dir='ltr'>sancto</span> <span class='ocrx_word' id='word_1_458' title='bbox 1289 4086 1434 4147; x_wconf 85' lang='lat' dir='ltr'>Martino</span> <span class='ocrx_word' id='word_1_459' title='bbox 1458 4086 1542 4149; x_wconf 80' lang='lat' dir='ltr'>dixit</span> <span class='ocrx_word' id='word_1_460' title='bbox 1562 4086 1605 4148; x_wconf 90' lang='lat' dir='ltr'>ad</span> <span class='ocrx_word' id='word_1_461' title='bbox 1625 4088 1762 4163; x_wconf 77' lang='lat' dir='ltr'>angelos</span> <span class='ocrx_word' id='word_1_462' title='bbox 1782 4109 1789 4148; x_wconf 76' lang='grc' dir='ltr'><strong><em>ε</em></strong></span> <span class='ocrx_word' id='word_1_463' title='bbox 1810 4089 1953 4150; x_wconf 82' lang='lat' dir='ltr'>Marti-</span> 
     </span>
     <span class='ocr_line' id='line_1_41' title="bbox 300 4182 1955 4260; baseline 0.002 -16"><span class='ocrx_word' id='word_1_464' title='bbox 300 4182 518 4259; x_wconf 77' lang='lat' dir='ltr'>cogitstiones</span> <span class='ocrx_word' id='word_1_465' title='bbox 540 4183 678 4254; x_wconf 76' lang='lat' dir='ltr'>mentis,</span> <span class='ocrx_word' id='word_1_466' title='bbox 692 4182 831 4243; x_wconf 90' lang='lat' dir='ltr'>minima</span> <span class='ocrx_word' id='word_1_467' title='bbox 864 4197 1112 4260; x_wconf 55' lang='lat' dir='ltr'>quecqueconm</span> <span class='ocrx_word' id='word_1_468' title='bbox 1149 4197 1215 4243; x_wconf 72' lang='lat' dir='ltr'>otas</span> <span class='ocrx_word' id='word_1_469' title='bbox 1231 4185 1341 4243; x_wconf 73' lang='lat' dir='ltr'>adusto</span> <span class='ocrx_word' id='word_1_470' title='bbox 1354 4183 1616 4246; x_wconf 77' lang='lat' dir='ltr'>catoccusaemo</span> <span class='ocrx_word' id='word_1_471' title='bbox 1629 4186 1955 4249; x_wconf 76' lang='lat' dir='ltr'>tocmcoasteoon·</span> 
     </span>
     <span class='ocr_line' id='line_1_42' title="bbox 299 4278 1953 4359; baseline 0.001 -17"><span class='ocrx_word' id='word_1_472' title='bbox 299 4279 407 4359; x_wconf 77' lang='lat' dir='ltr'>poris.</span> <span class='ocrx_word' id='word_1_473' title='bbox 421 4282 467 4341; x_wconf 87' lang='lat' dir='ltr'>Do</span> <span class='ocrx_word' id='word_1_474' title='bbox 491 4280 599 4357; x_wconf 88' lang='lat' dir='ltr'>primo</span> <span class='ocrx_word' id='word_1_475' title='bbox 623 4279 739 4348; x_wconf 86' lang='lat' dir='ltr'>habes,</span> <span class='ocrx_word' id='word_1_476' title='bbox 762 4278 969 4356; x_wconf 86' lang='lat' dir='ltr'>quodMsria</span> <span class='ocrx_word' id='word_1_477' title='bbox 983 4279 1097 4340; x_wconf 78' lang='lat' dir='ltr'>exter-</span> <span class='ocrx_word' id='word_1_478' title='bbox 1150 4279 1254 4340; x_wconf 56' lang='lat' dir='ltr'>tescit,</span> <span class='ocrx_word' id='word_1_479' title='bbox 1267 4281 1313 4340; x_wconf 88' lang='lat' dir='ltr'>De</span> <span class='ocrx_word' id='word_1_480' title='bbox 1325 4278 1518 4342; x_wconf 88' lang='lat' dir='ltr'>munoribus</span> <span class='ocrx_word' id='word_1_481' title='bbox 1531 4279 1612 4342; x_wconf 85' lang='lat' dir='ltr'>dicit</span> <span class='ocrx_word' id='word_1_482' title='bbox 1622 4281 1798 4357; x_wconf 86' lang='lat' dir='ltr'>Apostolus</span> <span class='ocrx_word' id='word_1_483' title='bbox 1810 4301 1817 4340; x_wconf 94' lang='lat'>:</span> <span class='ocrx_word' id='word_1_484' title='bbox 1828 4285 1953 4358; x_wconf 81' lang='lat' dir='ltr'>Repo-</span> 
     </span>
     <span class='ocr_line' id='line_1_43' title="bbox 300 4373 1954 4454; baseline 0.001 -17"><span class='ocrx_word' id='word_1_485' title='bbox 300 4377 346 4439; x_wconf 80' lang='lat' dir='ltr'>s³t</span> <span class='ocrx_word' id='word_1_486' title='bbox 364 4377 495 4454; x_wconf 88' lang='lat' dir='ltr'>capillis</span> <span class='ocrx_word' id='word_1_487' title='bbox 512 4378 583 4440; x_wconf 85' lang='lat' dir='ltr'>suis</span> <span class='ocrx_word' id='word_1_488' title='bbox 598 4377 799 4454; x_wconf 68' lang='lat' dir='ltr'>pedeslesu,</span> <span class='ocrx_word' id='word_1_489' title='bbox 817 4373 914 4448; x_wconf 66' lang='lat' dir='ltr'>Quod:</span> <span class='ocrx_word' id='word_1_490' title='bbox 924 4391 1094 4454; x_wconf 74' lang='lat' dir='ltr'>exponens</span> <span class='ocrx_word' id='word_1_491' title='bbox 1148 4377 1217 4436; x_wconf 85' lang='lat' dir='ltr'>sita</span> <span class='ocrx_word' id='word_1_492' title='bbox 1230 4378 1284 4438; x_wconf 85' lang='lat' dir='ltr'>est</span> <span class='ocrx_word' id='word_1_493' title='bbox 1304 4377 1809 4452; x_wconf 71' lang='lat' dir='ltr'>mtttcoronajusttttce,quom</span> <span class='ocrx_word' id='word_1_494' title='bbox 1823 4381 1954 4442; x_wconf 77' lang='lat' dir='ltr'>reddet</span> 
     </span>
     <span class='ocr_line' id='line_1_44' title="bbox 299 4473 1953 4550; baseline 0.003 -16"><span class='ocrx_word' id='word_1_495' title='bbox 299 4473 415 4535; x_wconf 87' lang='lat' dir='ltr'>beatus</span> <span class='ocrx_word' id='word_1_496' title='bbox 432 4475 618 4550; x_wconf 68' lang='lat' dir='ltr'>¹(lsregorius</span> <span class='ocrx_word' id='word_1_497' title='bbox 640 4473 743 4536; x_wconf 88' lang='lat' dir='ltr'>dicit:</span> <span class='ocrx_word' id='word_1_498' title='bbox 759 4477 871 4539; x_wconf 79' lang='lat' dir='ltr'>Pedes</span> <span class='ocrx_word' id='word_1_499' title='bbox 893 4477 1095 4548; x_wconf 69' lang='lat' dir='ltr'>Josucapa</span> <span class='ocrx_word' id='word_1_500' title='bbox 1148 4475 1233 4534; x_wconf 82' lang='grc' dir='ltr'>ιιιιἸιι</span> <span class='ocrx_word' id='word_1_501' title='bbox 1263 4477 1435 4536; x_wconf 69' lang='lat' dir='ltr'>Dorulaus</span> <span class='ocrx_word' id='word_1_502' title='bbox 1459 4477 1496 4534; x_wconf 80' lang='lat' dir='ltr'>tn</span> <span class='ocrx_word' id='word_1_503' title='bbox 1524 4477 1581 4536; x_wconf 87' lang='lat' dir='ltr'>ttto</span> <span class='ocrx_word' id='word_1_504' title='bbox 1607 4477 1661 4536; x_wconf 78' lang='lat' dir='ltr'>dte</span> <span class='ocrx_word' id='word_1_505' title='bbox 1688 4475 1806 4548; x_wconf 76' lang='lat' dir='ltr'>justus</span> <span class='ocrx_word' id='word_1_506' title='bbox 1827 4479 1953 4540; x_wconf 70' lang='lat' dir='ltr'>rocem</span> 
     </span>
     <span class='ocr_line' id='line_1_45' title="bbox 299 4568 1953 4650; baseline 0.001 -18"><span class='ocrx_word' id='word_1_507' title='bbox 299 4573 342 4632; x_wconf 84' lang='lat' dir='ltr'>lis</span> <span class='ocrx_word' id='word_1_508' title='bbox 353 4571 491 4646; x_wconf 78' lang='lat' dir='ltr'>torpere</span> <span class='ocrx_word' id='word_1_509' title='bbox 500 4572 552 4632; x_wconf 85' lang='lat' dir='ltr'>est</span> <span class='ocrx_word' id='word_1_510' title='bbox 563 4585 738 4646; x_wconf 82' lang='lat' dir='ltr'>pauperes</span> <span class='ocrx_word' id='word_1_511' title='bbox 748 4573 843 4632; x_wconf 64' lang='lat' dir='ltr'>boam</span> <span class='ocrx_word' id='word_1_512' title='bbox 853 4572 1102 4646; x_wconf 79' lang='lat' dir='ltr'>temporalibus</span> <span class='ocrx_word' id='word_1_513' title='bbox 1149 4569 1354 4648; x_wconf 85' lang='lat' dir='ltr'>(llTim.1r‚</span> <span class='ocrx_word' id='word_1_514' title='bbox 1372 4568 1417 4648; x_wconf 85' lang='grc'>8).</span> <span class='ocrx_word' id='word_1_515' title='bbox 1435 4570 1526 4642; x_wconf 89' lang='lat' dir='ltr'>Quod</span> <span class='ocrx_word' id='word_1_516' title='bbox 1550 4571 1620 4648; x_wconf 91' lang='lat' dir='ltr'>ipse</span> <span class='ocrx_word' id='word_1_517' title='bbox 1642 4571 1801 4650; x_wconf 69' lang='lat' dir='ltr'>praestare</span> <span class='ocrx_word' id='word_1_518' title='bbox 1824 4572 1953 4648; x_wconf 80' lang='lat' dir='ltr'>digne-</span> 
     </span>
     <span class='ocr_line' id='line_1_46' title="bbox 299 4657 1953 4744; baseline 0.003 -17"><span class='ocrx_word' id='word_1_519' title='bbox 299 4667 508 4728; x_wconf 74' lang='lat' dir='ltr'>sustentocc.</span> <span class='ocrx_word' id='word_1_520' title='bbox 582 4697 586 4704; x_wconf 93' lang='lat'>·</span> <span class='ocrx_word' id='word_1_521' title='bbox 1087 4657 1091 4668; x_wconf 88' lang='lat'>&#39;</span> <span class='ocrx_word' id='word_1_522' title='bbox 1148 4667 1214 4739; x_wconf 91' lang='lat' dir='ltr'>tur,</span> <span class='ocrx_word' id='word_1_523' title='bbox 1238 4665 1294 4744; x_wconf 87' lang='lat' dir='ltr'>qui</span> <span class='ocrx_word' id='word_1_524' title='bbox 1314 4667 1398 4728; x_wconf 84' lang='lat' dir='ltr'>vivit</span> <span class='ocrx_word' id='word_1_525' title='bbox 1417 4669 1451 4729; x_wconf 88' lang='lat' dir='ltr'>et</span> <span class='ocrx_word' id='word_1_526' title='bbox 1462 4667 1581 4743; x_wconf 82' lang='lat' dir='ltr'>regnat</span> <span class='ocrx_word' id='word_1_527' title='bbox 1605 4667 1640 4729; x_wconf 90' lang='lat' dir='ltr'>in</span> <span class='ocrx_word' id='word_1_528' title='bbox 1665 4668 1788 4730; x_wconf 76' lang='lat' dir='ltr'>sacula</span> <span class='ocrx_word' id='word_1_529' title='bbox 1802 4669 1953 4732; x_wconf 85' lang='lat' dir='ltr'>saeculo-</span> 
     </span>
     <span class='ocr_line' id='line_1_47' title="bbox 340 4755 1322 4843; baseline -0.001 -19"><span class='ocrx_word' id='word_1_530' title='bbox 340 4763 545 4824; x_wconf 85' lang='lat' dir='ltr'>Desecundo</span> <span class='ocrx_word' id='word_1_531' title='bbox 557 4763 690 4824; x_wconf 87' lang='lat' dir='ltr'>inlihro</span> <span class='ocrx_word' id='word_1_532' title='bbox 701 4763 841 4825; x_wconf 88' lang='lat' dir='ltr'>Numeri</span> <span class='ocrx_word' id='word_1_533' title='bbox 855 4764 987 4836; x_wconf 87' lang='lat' dir='ltr'>dicitur,</span> <span class='ocrx_word' id='word_1_534' title='bbox 1007 4755 1092 4843; x_wconf 87' lang='lat' dir='ltr'>quod</span> <span class='ocrx_word' id='word_1_535' title='bbox 1148 4779 1233 4824; x_wconf 87' lang='lat' dir='ltr'>rum.</span> <span class='ocrx_word' id='word_1_536' title='bbox 1320 4761 1322 4764; x_wconf 81' lang='grc'><strong>’</strong></span> 
     </span>
     <span class='ocr_line' id='line_1_48' title="bbox 299 4859 1598 4974; baseline 0.002 -53"><span class='ocrx_word' id='word_1_537' title='bbox 299 4861 480 4922; x_wconf 84' lang='lat' dir='ltr'>Nazaraeus</span> <span class='ocrx_word' id='word_1_538' title='bbox 490 4859 587 4923; x_wconf 85' lang='lat' dir='ltr'>debet</span> <span class='ocrx_word' id='word_1_539' title='bbox 598 4861 735 4938; x_wconf 90' lang='lat' dir='ltr'>capillos</span> <span class='ocrx_word' id='word_1_540' title='bbox 747 4862 866 4922; x_wconf 88' lang='lat' dir='ltr'>radere</span> <span class='ocrx_word' id='word_1_541' title='bbox 877 4862 913 4922; x_wconf 91' lang='lat' dir='ltr'>in</span> <span class='ocrx_word' id='word_1_542' title='bbox 924 4877 1095 4924; x_wconf 84' lang='lat' dir='ltr'>consecra·</span> <span class='ocrx_word' id='word_1_543' title='bbox 1467 4911 1472 4922; x_wconf 91' lang='lat'>.</span> <span class='ocrx_word' id='word_1_544' title='bbox 1492 4887 1598 4974; x_wconf 70' lang='lat' dir='ltr'>XXX</span> 
     </span>
     <span class='ocr_line' id='line_1_49' title="bbox 297 4957 1878 5036; baseline -0.001 -16"><span class='ocrx_word' id='word_1_545' title='bbox 297 4958 400 5020; x_wconf 85' lang='lat' dir='ltr'>tione.</span> <span class='ocrx_word' id='word_1_546' title='bbox 410 4959 592 5025; x_wconf 79' lang='lat' dir='ltr'>Nazaraeus</span> <span class='ocrx_word' id='word_1_547' title='bbox 602 4959 655 5020; x_wconf 87' lang='lat' dir='ltr'>est</span> <span class='ocrx_word' id='word_1_548' title='bbox 669 4957 1023 5035; x_wconf 82' lang='lat' dir='ltr'>quilibetolrristianus</span> <span class='ocrx_word' id='word_1_549' title='bbox 1036 4973 1095 5036; x_wconf 90' lang='lat' dir='ltr'>per</span> <span class='ocrx_word' id='word_1_550' title='bbox 1876 5007 1878 5011; x_wconf 92' lang='lat'>.</span> 
     </span>
     <span class='ocr_line' id='line_1_50' title="bbox 298 5054 1846 5138; baseline 0 -22"><span class='ocrx_word' id='word_1_551' title='bbox 298 5070 412 5116; x_wconf 84' lang='lat' dir='ltr'>veram</span> <span class='ocrx_word' id='word_1_552' title='bbox 441 5054 656 5130; x_wconf 81' lang='lat' dir='ltr'>religionem</span> <span class='ocrx_word' id='word_1_553' title='bbox 662 5055 874 5117; x_wconf 82' lang='lat' dir='ltr'>consecratus</span> <span class='ocrx_word' id='word_1_554' title='bbox 892 5071 918 5119; x_wconf 90' lang='lat' dir='ltr'>a</span> <span class='ocrx_word' id='word_1_555' title='bbox 940 5056 1092 5127; x_wconf 86' lang='lat' dir='ltr'>Domino,</span> <span class='ocrx_word' id='word_1_556' title='bbox 1246 5071 1307 5133; x_wconf 76' lang='lat' dir='ltr'>no</span> <span class='ocrx_word' id='word_1_557' title='bbox 1313 5071 1442 5133; x_wconf 71' lang='lat' dir='ltr'>ppsrpo</span> <span class='ocrx_word' id='word_1_558' title='bbox 1466 5073 1596 5134; x_wconf 75' lang='lat' dir='ltr'>UNffls</span> <span class='ocrx_word' id='word_1_559' title='bbox 1617 5075 1846 5138; x_wconf 60' lang='lat' dir='ltr'>Mpprppffls</span> 
     </span>
     <span class='ocr_line' id='line_1_51' title="bbox 298 5150 1095 5229; baseline 0.001 -18"><span class='ocrx_word' id='word_1_560' title='bbox 298 5151 355 5229; x_wconf 84' lang='lat' dir='ltr'>qui</span> <span class='ocrx_word' id='word_1_561' title='bbox 370 5150 467 5212; x_wconf 88' lang='lat' dir='ltr'>dehet</span> <span class='ocrx_word' id='word_1_562' title='bbox 480 5151 619 5228; x_wconf 88' lang='lat' dir='ltr'>capillos</span> <span class='ocrx_word' id='word_1_563' title='bbox 640 5151 770 5224; x_wconf 88' lang='lat' dir='ltr'>radere,</span> <span class='ocrx_word' id='word_1_564' title='bbox 788 5151 882 5224; x_wconf 87' lang='lat' dir='ltr'>idest,</span> <span class='ocrx_word' id='word_1_565' title='bbox 908 5167 1014 5218; x_wconf 83' lang='lat' dir='ltr'>vanas</span> <span class='ocrx_word' id='word_1_566' title='bbox 1037 5167 1095 5212; x_wconf 90' lang='lat' dir='ltr'>co-</span> 
     </span>
     <span class='ocr_line' id='line_1_52' title="bbox 298 5247 1948 5326; baseline 0.002 -17"><span class='ocrx_word' id='word_1_567' title='bbox 298 5247 476 5324; x_wconf 76' lang='lat' dir='ltr'>gitationes</span> <span class='ocrx_word' id='word_1_568' title='bbox 491 5251 675 5325; x_wconf 84' lang='lat' dir='ltr'>amputare.</span> <span class='ocrx_word' id='word_1_569' title='bbox 695 5247 872 5310; x_wconf 80' lang='lat' dir='ltr'>Detertio</span> <span class='ocrx_word' id='word_1_570' title='bbox 863 5265 908 5310; x_wconf 91' lang='grc' dir='ltr'>ιιι·</span> <span class='ocrx_word' id='word_1_571' title='bbox 914 5249 977 5310; x_wconf 88' lang='lat' dir='ltr'>lrou</span> <span class='ocrx_word' id='word_1_572' title='bbox 991 5265 1096 5310; x_wconf 83' lang='lat' dir='ltr'>evan·</span> <span class='ocrx_word' id='word_1_573' title='bbox 1190 5249 1252 5313; x_wconf 83' lang='lat' dir='ltr'>Qut</span> <span class='ocrx_word' id='word_1_574' title='bbox 1273 5248 1345 5309; x_wconf 81' lang='lat' dir='ltr'>vult</span> <span class='ocrx_word' id='word_1_575' title='bbox 1359 5250 1480 5310; x_wconf 77' lang='lat' dir='ltr'>neutra</span> <span class='ocrx_word' id='word_1_576' title='bbox 1493 5248 1572 5322; x_wconf 86' lang='lat' dir='ltr'>post</span> <span class='ocrx_word' id='word_1_577' title='bbox 1584 5263 1640 5310; x_wconf 83' lang='lat' dir='ltr'>mc</span> <span class='ocrx_word' id='word_1_578' title='bbox 1654 5249 1797 5326; x_wconf 63' lang='lat' dir='ltr'>meoet</span> <span class='ocrx_word' id='word_1_579' title='bbox 1809 5253 1948 5312; x_wconf 84' lang='lat' dir='ltr'>semet-</span> 
     </span>
     <span class='ocr_line' id='line_1_53' title="bbox 298 5343 1950 5422; baseline 0.002 -16"><span class='ocrx_word' id='word_1_580' title='bbox 298 5345 411 5420; x_wconf 70' lang='lat' dir='ltr'>pelio.</span> <span class='ocrx_word' id='word_1_581' title='bbox 434 5344 492 5404; x_wconf 77' lang='lat' dir='ltr'>uiti</span> <span class='ocrx_word' id='word_1_582' title='bbox 517 5345 614 5407; x_wconf 87' lang='lat' dir='ltr'>dicit</span> <span class='ocrx_word' id='word_1_583' title='bbox 622 5345 741 5408; x_wconf 87' lang='lat' dir='ltr'>beatus</span> <span class='ocrx_word' id='word_1_584' title='bbox 765 5345 980 5421; x_wconf 79' lang='lat' dir='ltr'>Augustinus,</span> <span class='ocrx_word' id='word_1_585' title='bbox 1007 5343 1093 5422; x_wconf 91' lang='lat' dir='ltr'>quod</span> <span class='ocrx_word' id='word_1_586' title='bbox 1149 5345 1272 5418; x_wconf 79' lang='lat' dir='ltr'>ipsum,</span> <span class='ocrx_word' id='word_1_587' title='bbox 1285 5345 1319 5405; x_wconf 86' lang='lat' dir='ltr'>et</span> <span class='ocrx_word' id='word_1_588' title='bbox 1333 5343 1427 5406; x_wconf 80' lang='lat' dir='ltr'>tollat</span> <span class='ocrx_word' id='word_1_589' title='bbox 1436 5359 1700 5418; x_wconf 83' lang='lat' dir='ltr'>crucemsuom,</span> <span class='ocrx_word' id='word_1_590' title='bbox 1723 5345 1757 5408; x_wconf 86' lang='lat' dir='ltr'>et</span> <span class='ocrx_word' id='word_1_591' title='bbox 1776 5349 1950 5420; x_wconf 77' lang='lat' dir='ltr'>sequatur</span> 
     </span>
     <span class='ocr_line' id='line_1_54' title="bbox 299 5438 1542 5522; baseline -0.002 -20"><span class='ocrx_word' id='word_1_592' title='bbox 299 5455 413 5503; x_wconf 88' lang='lat' dir='ltr'>omnes</span> <span class='ocrx_word' id='word_1_593' title='bbox 428 5441 528 5517; x_wconf 89' lang='lat' dir='ltr'>capili</span> <span class='ocrx_word' id='word_1_594' title='bbox 543 5442 648 5504; x_wconf 86' lang='lat' dir='ltr'>nostri</span> <span class='ocrx_word' id='word_1_595' title='bbox 673 5443 833 5520; x_wconf 86' lang='lat' dir='ltr'>quantum</span> <span class='ocrx_word' id='word_1_596' title='bbox 854 5441 897 5503; x_wconf 88' lang='lat' dir='ltr'>ad</span> <span class='ocrx_word' id='word_1_597' title='bbox 919 5456 1093 5504; x_wconf 86' lang='lat' dir='ltr'>resurreo·</span> <span class='ocrx_word' id='word_1_598' title='bbox 1148 5455 1203 5503; x_wconf 78' lang='lat' dir='ltr'>sne</span> <span class='ocrx_word' id='word_1_599' title='bbox 1216 5438 1346 5519; x_wconf 80' lang='lat' dir='ltr'>(Matth.</span> <span class='ocrx_word' id='word_1_600' title='bbox 1364 5456 1457 5514; x_wconf 82' lang='lat' dir='ltr'>xxvi,</span> <span class='ocrx_word' id='word_1_601' title='bbox 1475 5440 1542 5522; x_wconf 78' lang='grc'>24).</span> 
     </span>
     <span class='ocr_line' id='line_1_55' title="bbox 300 5535 1947 5616; baseline 0.005 -20"><span class='ocrx_word' id='word_1_602' title='bbox 300 5535 425 5598; x_wconf 85' lang='lat' dir='ltr'>tionem</span> <span class='ocrx_word' id='word_1_603' title='bbox 440 5536 605 5601; x_wconf 86' lang='lat' dir='ltr'>numerati</span> <span class='ocrx_word' id='word_1_604' title='bbox 626 5541 714 5600; x_wconf 91' lang='lat' dir='ltr'>sunt.</span> <span class='ocrx_word' id='word_1_605' title='bbox 840 5569 845 5576; x_wconf 89' lang='lat'>·</span> <span class='ocrx_word' id='word_1_606' title='bbox 1188 5539 1294 5616; x_wconf 86' lang='lat' dir='ltr'>Hujus</span> <span class='ocrx_word' id='word_1_607' title='bbox 1315 5537 1480 5614; x_wconf 73' lang='lat' dir='ltr'>evangelii</span> <span class='ocrx_word' id='word_1_608' title='bbox 1504 5538 1603 5600; x_wconf 87' lang='lat' dir='ltr'>lectio</span> <span class='ocrx_word' id='word_1_609' title='bbox 1628 5539 1692 5601; x_wconf 90' lang='lat' dir='ltr'>tria</span> <span class='ocrx_word' id='word_1_610' title='bbox 1710 5538 1804 5602; x_wconf 90' lang='lat' dir='ltr'>nobis</span> <span class='ocrx_word' id='word_1_611' title='bbox 1818 5539 1947 5604; x_wconf 81' lang='lat' dir='ltr'>obscr-</span> 
     </span>
    </p>
   </div>
   <div class='ocr_carea' id='block_1_6' title="bbox 0 0 2104 6404">
    <p class='ocr_par' dir='ltr' id='par_1_6' title="bbox 0 0 2104 6404">
     <span class='ocr_line' id='line_1_56' title="bbox 0 0 2104 6404; baseline 0 1"><span class='ocrx_word' id='word_1_612' title='bbox 0 0 2104 6404; x_wconf 95' lang='lat' dir='ltr'> </span> 
     </span>
    </p>
   </div>
  </div>
 </body>
</html>
