4162 6424
367 266 425 324 591
988 265 1162 327 HONORH
1186 263 1230 326 111
1252 264 1401 326 OPERA.
1942 273 1983 336 illl

348 458 352 468 »
369 423 482 484 Sancti
506 425 642 485 Martini
664 424 856 502 presbytero
879 425 1053 499 cardinali,
1075 429 1114 487 A.
1131 427 1166 486 S.
1220 427 1331 490 taven.
1350 426 1383 488 et
1397 423 1526 486 dilectis
1541 423 1621 488 tiliis
1635 425 1801 498 Briosen.,
1815 427 1877 488 et..
1891 431 1982 494 ibaar·

368 519 493 595 legate,
518 520 670 584 iaciendo
693 539 809 599 paoem
833 538 907 584 cum
932 523 1106 585 carissimo
1130 522 1166 582 in
1221 539 1293 585 cen.
1309 522 1555 586 archidiaconis
1570 523 1744 586 pictaven.

370 618 500 679 Christo
524 618 594 679 lilio
619 620 732 681 nostro
756 623 796 682 ll.
819 618 866 700 (2)
887 637 966 698 rege
986 620 1167 696 anglorum
1248 607 1365 682 ¹Tanta
1375 621 1582 697 negotiorum
1596 620 1784 698 frequentia
1792 637 1981 700 perurgemur,

372 715 511 786 illustri,
539 718 790 792 consanguineo
814 717 882 790 tuo,
911 719 1006 794 crrjus
1028 733 1167 793 regnum
1222 719 1258 779 ut
1276 733 1481 796 nequeamus
1505 727 1744 796 usquequaque
1763 733 1874 780 cavere
1887 737 1903 781 a
1918 727 1982 798 pell·

369 827 436 874 non
452 812 575 890 absque
596 814 795 891 apostolicae
820 815 915 876 Sedis
934 814 1070 893 injuria,
1092 829 1167 875 cum
1221 815 1366 880 tionibus
1388 816 1557 893 captiosis,
1575 817 1632 878 sed
1647 816 1786 892 dignum
1804 819 1904 890 estut,
1921 823 1982 897 quod

373 909 501 972 adeam
516 911 691 987 pertineat,
705 913 925 990 impugnabas
943 935 950 974 ι
974 929 1045 985 nos,
1059 911 1169 990 preci·
1222 912 1371 989 improba
1396 913 1577 990 petentium
1599 912 1877 976 circumventione
1897 916 1982 976 subri-

371 1006 433 1068 bus
457 1008 524 1069 tuis
539 1007 719 1085 benignum
738 1011 963 1088 impertientes
982 1023 1167 1080 assensum,
1222 1012 1321 1088 pitur‚
1331 1009 1693 1074 affectaretractatione
1703 1011 1839 1088 provida
1847 1014 1979 1075 vacuetur.

370 1105 500 1168 litteras
517 1109 633 1168 contra
646 1110 679 1168 te
704 1109 758 1171 rel
781 1095 949 1186 adjutores
972 1109 1048 1170 tuos
1064 1108 1168 1168 laicos
1224 1110 1422 1186 Sanequum
1442 1109 1497 1170 W.
1513 1109 1606 1186 prior
1625 1107 1667 1170 de
1681 1107 1851 1180 cabrosia,
1870 1112 1899 1171 et
1913 1113 1944 1171 Η.
1960 1114 1982 1173 at

370 1204 545 1266 occasione
561 1205 753 1283 hujusmodl
765 1221 785 1268 a
797 1206 880 1267 Sede
896 1205 1087 1283 apostolica
1099 1204 1168 1264 im·
1223 1208 1259 1268 L.
1273 1205 1629 1283 monacbiBurgalien.
1640 1207 1722 1268 olim
1733 1206 1775 1266 ad
1787 1205 1981 1270 leliclsnano-

335 1313 339 1320 ’
368 1303 528 1378 petrataS,
552 1303 584 1364 te
613 1303 768 1365 servante
792 1302 1031 1365 inviolabiliter
1054 1317 1168 1380 pacem
1223 1304 1283 1364 riae
1308 1302 1492 1366 innocentii
1518 1318 1611 1381 papae
1638 1302 1888 1381 praedecessoris
1905 1306 1980 1364 nostrl

370 1399 488 1475 ipsam,
515 1399 605 1462 vires
626 1401 804 1462 statuimus
828 1417 895 1462 non
917 1400 1051 1462 babere.
1077 1398 1169 1460 Nulli
1223 1401 1434 1477 praesentiam
1470 1400 1709 1472 accessissent,
1745 1399 1887 1462 abbatem
1911 1417 1978 1462 suun

369 1512 460 1573 ergo,
479 1497 542 1559 etc.
564 1499 684 1559 Datum
698 1499 868 1572 Laterani,
883 1497 995 1560 idibus
1004 1497 1169 1576 januarii,
1223 1513 1323 1576 super
1337 1496 1576 1575 dilapidatione
1591 1513 1633 1560 ao
1652 1498 1731 1559 aliis
1751 1497 1928 1559 criminibus
1943 1499 1979 1558 de

371 1610 459 1656 anno
472 1595 628 1658 secundo.

724 1722 809 1809 CVI

488 1867 541 1926 Ad
561 1866 771 1928 baudovicum
791 1868 885 1943 repis
906 1866 1058 1940 Philippi

628 1963 911 2040 primopenitum.

671 2075 704 2131 ¹3
719 2074 775 2131 all.
792 2074 871 2131 lala.

374 2181 509 2246 [bouquet
522 2179 627 2232 Recueil
638 2181 681 2230 des
693 2091 838 2238 hilstnriens,
851 2181 950 2243 tlllx,
959 2193 985 2244 p.
996 2178 1051 2232 668-
1062 2179 1169 2244 Regnat,

642 2259 687 2310 lib.
699 2260 730 2319 ll,
742 2259 816 2324 epist.
827 2259 896 2326 8tss.]

367 2367 537 2426 'Postulante
552 2366 696 2424 ludovico
710 2367 789 2439 ragis
803 2365 926 2440 Philippi
946 2366 1004 2424 lllio
1022 2372 1054 2423 ut
1070 2379 1170 2438 pacem

407 2467 473 2510 cunr
489 2452 613 2510 ilenrico
638 2451 799 2524 llnglorum
820 2465 891 2524 rege
910 2450 1013 2507 tactam
1030 2451 1171 2508 llonorlns

409 2540 576 2597 auctoritate
589 2540 752 2612 Apostollca
767 2539 926 2609 conllrmet,
943 2539 1005 2610 ejus
1019 2539 1073 2612 piis
1083 2537 1171 2612 preci

406 2629 460 2686 bus
474 2627 604 2687 Pontilex
616 2629 775 2702 impertitur
790 2642 949 2685 assensum.

411 2746 578 2807 Honorius
593 2746 832 2823 episcopus....,
848 2743 969 2807 dilecto
980 2743 1051 2806 lilio
1066 2742 1170 2806 nobili

372 2844 446 2904 viro
472 2843 654 2914 Ludovico,
683 2842 823 2904 illustris
848 2841 938 2918 regis
966 2843 1170 2904 Francorum

372 2940 605 3018 primogenito,
620 2941 682 3000 etc.
1047 2943 1053 2954 '

412 3044 477 3102 Per
487 3041 562 3102 tuas
573 3039 668 3101 nobis
675 3038 804 3101 litteras
813 3039 1007 3116 supplicasti
1014 3039 1050 3101 ut
1055 3055 1169 3116 pacem

373 3139 461 3200 inter
476 3139 508 3198 te
522 3139 555 3199 et
567 3135 778 3198 carissimum
787 3136 822 3196 in
835 3135 966 3200 Christo
976 3135 1082 3198 illium
1092 3153 1171 3199 nos-

373 3240 461 3297 trum
476 3235 655 3296 Henricum
670 3249 783 3310 regem
798 3234 979 3310 anglorum
994 3233 1168 3308 illustrem,

374 3333 658 3410 consanguineum
672 3332 777 3404 tuum,
790 3332 957 3393 mediante
967 3329 1087 3394 dilecto
1100 3330 1169 3394 lilio

372 3432 486 3493 nostro
511 3433 547 3491 G.
573 3430 661 3492 tituli
687 3429 795 3492 sancti
817 3429 953 3491 Martini
976 3429 1169 3508 presbytero

373 3529 548 3600 cardinali,
560 3527 758 3605 apostolicae
771 3527 865 3588 Sedis
879 3527 999 3603 legate,
1014 3526 1170 3589 amicabi-

372 3626 449 3689 liter
463 3625 595 3698 lactam,
610 3626 798 3702 apostolico
812 3624 971 3687 roborare
986 3625 1168 3686 munimine

372 3721 728 3802 dignaremur(1).Nos
739 3722 851 3798 igitur,
862 3722 927 3800 piis
938 3722 1091 3799 precibus
1101 3723 1167 3784 tuis

371 3820 552 3896 benignum
580 3821 806 3897 impertientes
839 3835 1027 3892 assensum,
1053 3834 1167 3897 pacem

370 3918 488 3995 ipsam,
506 3917 592 3979 sicut
606 3915 744 3993 provide
764 3915 851 3977 lacta
869 3915 920 3977 est
937 3916 970 3976 et
991 3916 1107 3992 sponte
1125 3915 1168 3977 ab

370 4013 509 4090 utraque
518 4013 611 4090 parte
619 4013 763 4088 recepta,
773 4010 971 4072 auctoritate
977 4011 1167 4088 apostolica

370 4109 616 4181 confirmamus,
628 4109 661 4170 et
671 4109 844 4188 praesentis
855 4107 969 4186 scripti
983 4109 1167 4185 patrocinio

370 4207 624 4270 communimus.
638 4206 732 4268 Nulli
744 4221 836 4282 ergo,
851 4207 918 4267 etc.
936 4206 1054 4268 Datum
1068 4207 1168 4268 Late-

369 4304 454 4378 rani,
485 4304 595 4367 idibus
619 4305 787 4382 januarii,
823 4303 1037 4382 pontificatus
1062 4304 1166 4367 nostri

369 4419 457 4466 anno
470 4403 626 4466 secundo.

418 4672 471 4731 Ad
484 4671 679 4743 episcopum
694 4668 729 4728 al
741 4669 926 4728 archidiac.
940 4667 1119 4730 Pictacen.

665 4791 698 4847 la
710 4789 772 4863 J'an.
792 4788 871 4848 lala.

402 4900 512 4962 [liegest.
525 4897 570 4948 lib.
583 4898 616 4958 11,
627 4897 701 4962 epist.
723 4896 778 4948 aaa.
790 4898 848 4948 us.
862 4897 898 4946 La
908 4897 983 4948 Porta
994 4897 1027 4948 du
1039 4897 1134 4960 Thell]

370 5008 491 5065 Litteras
500 5021 550 5079 per
558 5005 830 5074 circumventionem
839 5011 867 5062 et
874 5003 1072 5078 obreptionem
1084 5003 1167 5062 datas

706 5101 831 5152 revocat.

408 5205 576 5267 Honorius
595 5201 779 5268 venerabili
799 5201 896 5264 fratri
915 5204 1071 5282 episcopo
1085 5203 1165 5265 Pic-

407 5388 448 5534 83
462 5390 735 5518 guegffinffiqoneg
749 5458 823 5516 inter
832 5458 985 5515 Henricum
1001 5473 1032 5515 re
1054 5471 1100 5514 em
1111 5459 1166 5516 An·

370 5533 436 5603 qliae
454 5539 481 5588 et
502 5531 674 5589 badericum
695 5531 916 5602 primogenitum
938 5527 1025 5586 illium
1086 5527 1114 5585 lli
1156 5527 1165 5585 i

371 5603 449 5676 rugis
472 5603 597 5659 Francis>
618 5602 718 5660 recitat
733 5599 785 5658 Th.
802 5602 917 5673 ltymer,
929 5606 998 5658 tom.
1015 5603 1038 5670 l,
1056 5615 1083 5673 p.
1101 5543 1162 5658 igi).

1223 1595 1336 1667 laturi,
1353 1596 1386 1657 et
1404 1595 1545 1656 dilectus
1568 1595 1655 1656 illius
1675 1594 1834 1672 magister
1849 1598 1881 1656 d.
1895 1595 1977 1672 capel-

1224 1691 1322 1751 lanus
1346 1694 1460 1755 noster
1479 1691 1522 1752 ab
1546 1691 1618 1769 ipso
1637 1691 1878 1767 praedecessore
1897 1692 1978 1750 nostro

1224 1803 1402 1850 concessus
1416 1787 1551 1850 auditor
1567 1787 1707 1866 praelato
1729 1787 1848 1861 abbati,
1861 1803 1895 1848 ac
1910 1788 1976 1848 dictis

1225 1887 1396 1948 monacbis
1410 1886 1669 1963 interloquendo
1676 1885 1916 1962 pronunciasset
1924 1884 1976 1944 illos

1224 2000 1291 2044 non
1313 1983 1434 2045 debere
1452 1983 1568 2044 contra
1591 1982 1702 2060 ipsum
1726 1981 1871 2044 abbatem
1888 1980 1975 2050 audiri,

1225 2096 1284 2158 pro
1310 2095 1350 2142 eo
1378 2079 1464 2158 quod
1497 2079 1849 2142 excommunicationis
1880 2077 1977 2139 vinculo

1224 2178 1433 2250 tenebantur,
1446 2177 1532 2240 sicut
1538 2178 1627 2240 idem
1636 2177 1742 2240 abbas
1750 2175 1976 2238 commaudltcra

1224 2275 1423 2352 probaverat
1436 2276 1633 2351 memorato;
1645 2278 1719 2353 jam
1733 2274 1819 2336 dicto
1831 2271 1976 2350 pradecas·

1225 2387 1300 2434 sore
1313 2373 1428 2436 nostro
1438 2372 1571 2436 interim
1581 2373 1683 2434 rebus
1689 2371 1841 2433 humanis
1850 2369 1973 2443 exemplo,

1225 2469 1290 2532 duo
1299 2485 1342 2532 ex
1351 2469 1499 2548 praelatis
1514 2470 1687 2532 monachis
1699 2468 1887 2530 insidiantes
1901 2480 1972 2526 occu·

1225 2567 1412 2646 petionibus
1432 2568 1566 2637 nostris,
1582 2567 1659 2628 dum
1675 2579 1824 2628 essemus
1842 2564 1873 2624 in
1889 2562 1974 2625 itinera

1224 2665 1385 2728 redeundi
1397 2665 1438 2726 ad
1458 2665 1589 2737 Urbem,
1608 2665 1770 2742 quasdam
1782 2663 1822 2724 ad
1837 2657 1974 2722 venerabl-

1225 2763 1289 2825 lem
1307 2763 1443 2826 fratrem
1457 2765 1612 2825 nostrum
1636 2763 1852 2824 cenomanen.
1876 2755 1972 2832 episco-

1225 2877 1303 2938 pum
1316 2861 1349 2922 et
1362 2861 1507 2936 collegas
1522 2860 1626 2938 ipsius
1643 2861 1762 2922 contra
1775 2847 1973 2934 prelatunab

1224 2959 1333 3021 batem
1344 2958 1392 3020 sic
1406 2958 1501 3034 ligati
1512 2957 1639 3020 litteras
1648 2955 1864 3033 reportarunt,
1875 2947 1971 3012 obtentu

1225 3071 1364 3134 quarum
1393 3055 1480 3116 idem
1508 3055 1683 3132 episcopus
1711 3058 1746 3116 et
1769 3048 1932 3128 conjudices
1946 3039 1971 3101 al

1224 3153 1472 3230 inquisitionem
1486 3154 1560 3230 post
1574 3150 1829 3228 appellationem
1842 3145 1876 3206 ad
1885 3157 1932 3204 nos
1942 3139 1972 3198 ln·

1222 3251 1416 3328 terpositam
1426 3251 1652 3328 procedentes,
1664 3249 1740 3326 ipso
1752 3245 1862 3309 abbate
1870 3257 1903 3304 aa
1911 3237 1970 3304 allis,

1224 3349 1280 3425 qui
1295 3346 1450 3411 lavabant
1463 3348 1571 3410 eidem
1586 3363 1646 3425 per
1659 3344 1883 3424 suspensiones
1893 3336 1925 3397 ab
1935 3334 1970 3392 ln-

1222 3461 1340 3522 gressu
1354 3445 1515 3518 ecclesiae,
1528 3461 1567 3508 ac
1582 3444 1625 3507 ab
1640 3439 1909 3506 administratione
1919 3444 1970 3490 aar·

1222 3533 1968 3632 tenuasaoaliosmultiplicioraggravatlsnrr

1223 3640 1290 3702 lata
1311 3641 1412 3703 etiam
1431 3641 1466 3702 in
1488 3641 1647 3718 quosdam
1664 3629 1967 3726 excommunicationi

1223 3739 1399 3808 sententia,
1417 3739 1450 3800 et
1464 3754 1503 3799 ea
1520 3753 1584 3815 qua
1606 3737 1700 3813 ligati
1724 3735 1818 3799 erant
1832 3719 1967 3806 supradict

1222 3836 1377 3898 monachi
1398 3835 1562 3908 relaxata,
1577 3835 1712 3898 tandem
1732 3836 1768 3895 in
1786 3831 1882 3908 ipsum
1899 3816 1967 3881 abla-

1221 3936 1299 4003 tem.
1314 3935 1346 3995 et
1361 3931 1520 4011 quosdam
1536 3932 1684 3996 lavantes
1695 3931 1803 3994 eidem
1818 3927 1965 3988 excouml·

1222 4031 1399 4093 nicationis
1419 4031 1617 4092 sententiam
1641 4023 1853 4106 protulerunt,
1873 4013 1935 4118 ipsit
1947 4005 1967 4066 tt

1222 4128 1309 4206 parti
1321 4127 1470 4189 adversas
1483 4127 1643 4190 kalendas
1656 4121 1847 4204 septembris
1857 4115 1966 4194 pronut

1221 4225 1408 4304 praeteritas
1437 4226 1615 4287 terminum
1647 4224 1843 4288 statuentes,
1871 4213 1966 4314 illl·se

1221 4326 1334 4386 nostro
1352 4323 1543 4400 conspectui
1564 4321 1807 4400 praesentarint.
1827 4314 1886 4376 Nos
1897 4303 1966 4380 iptur

1221 4424 1336 4484 tenore
1351 4421 1537 4482 litterarum
1557 4419 1765 4483 obtentarum
1787 4414 1824 4476 ad
1838 4402 1965 4508 prelatum
2012 4439 2013 4475 l

1221 4519 1411 4597 episcopum
1425 4519 1458 4580 et
1471 4521 1544 4595 ejus
1555 4517 1747 4594 conjudices
1757 4505 1912 4586 diligenter
1920 4505 1966 4556 ns·

1222 4618 1327 4694 pecto,
1351 4616 1429 4694 quia
1455 4615 1582 4676 litteras
1602 4615 1693 4692 ipsas
1718 4628 1775 4692 per
1790 4597 1965 4678 obreptionem
2011 4691 2012 4696 Ἰ

1221 4713 1274 4775 vel
1290 4713 1606 4776 circumventionem
1628 4711 1840 4790 cognovimus
1855 4689 1966 4770 lfflltffl'

1221 4812 1286 4885 tus,
1308 4809 1467 4889 quidquid
1492 4811 1628 4871 illarum
1647 4803 1838 4872 auctoritate
1860 4783 1966 4857 noscitur

1221 4908 1436 4981 semiactum,
1446 4907 1654 4971 decrevimus
1665 4904 1854 4969 nonvalere.
1864 4888 1965 4956 ldaOl¹¹⁰

1222 4988 1964 5083 discretionivestraeperapostolicascriptafflil·

1221 5103 1349 5176 damus,
1362 5104 1525 5183 quatenus
1538 5103 1662 5175 omnia,
1677 5118 1750 5181 quae
1764 5086 1897 5172 superils
1906 5071 1964 5176 still

1221 5179 1962 5280 suntapraelatlseplscopo,etcomuciolbussffli
2010 5281 2011 5304 Χ

1220 5391 1322 5446 Datum
1334 5387 1408 5461 apud
1421 5386 1549 5456 Lametb,
1558 5403 1634 5444 anno
1644 5386 1680 5444 ab
1692 5375 1874 5444 incarnatione
1884 5346 1963 5432 nonii}
2009 5391 2010 5400 κ

1221 5461 1382 5544 ΜΟΟᾏΥΙΙ,
1397 5459 1443 5544 tile
1458 5459 1608 5544 undecima
1626 5456 1801 5540 septembris,
1816 5431 1963 5551 donadus&

1220 5532 1425 5676 {lgglllgledertefu
1436 5533 1545 5604 Angllae
1558 5531 1597 5587 lll
1611 5544 1713 5601 pruno.
1725 5525 1786 5588 Vrd.
1799 5525 1879 5589 supra,
1890 5520 1911 5576 p
