4214 6400
299 279 360 341 aaa
761 265 1484 334 nonon11111orana.-ssnuonas.
1772 225 1775 242 ²
1896 263 1964 328 arc

299 437 424 512 norbet
449 435 542 499 'l'olle
567 431 715 506 uerbum,
742 431 821 510 quld
849 431 899 494 est
927 445 1014 508 aqua
1035 429 1102 490 nlsl
1155 429 1244 492 totus
1272 429 1425 492 mundus.
1456 425 1497 490 Et
1530 426 1566 490 ln
1594 427 1710 504 capito
1739 429 1824 505 ejus,
1856 427 1962 502 idest,

301 539 410 614 aquai
423 534 514 609 Quod
537 549 616 610 ergo
645 529 804 592 Dominus
834 529 915 591 dicit
931 549 938 588 ι
952 545 971 588 c
986 526 1102 589 Mundi
1157 529 1298 600 Christo,
1316 527 1373 605 qui
1389 526 1440 588 θεῖ
1456 526 1556 603 caput
1575 525 1742 598 Ecclesiae,
1764 526 1815 587 est
1832 541 1962 588 corona

303 635 383 696 estis
403 633 537 710 propter
561 642 748 690 sermonem
764 642 860 704 quem
876 625 1005 687 locutus
1029 640 1102 684 sum
1157 625 1329 687 duodecim
1356 624 1539 696 stellarum,
1567 623 1664 695 idest,
1686 623 1846 700 perfectio
1880 639 1961 685 om-

302 730 417 800 uobis,
443 728 509 790 tale
536 726 587 788 θεῖ
612 723 709 802 quasi
741 722 858 785 dicat:
885 724 959 784 Jam
988 720 1102 781 mundi
1156 725 1248 785 nium
1275 723 1466 784 electorum.
1498 722 1583 782 Nam
1613 722 1813 798 quicumque
1844 720 1965 783 lucent

303 827 385 888 estis
413 841 473 903 per
499 824 710 901 baptismum,
745 819 802 882 sed
833 820 940 882 uirtus
970 817 1104 879 mundi·
1157 821 1285 896 fulgore
1307 819 1459 897 justitiae,
1490 818 1567 880 sunt
1594 819 1763 896 tamquam
1788 817 1896 880 stellae
1923 820 1961 879 in

303 922 467 986 ficationis
494 937 560 983 non
590 921 641 982 est
665 920 700 981 in
726 903 812 995 aqua
834 917 892 978 sed
916 917 952 977 in
980 914 1100 986 verbo,
1157 934 1280 981 corona
1324 917 1469 988 Christi,
1509 917 1562 978 vel
1606 915 1808 978 diademate.
1851 916 1961 991 Igitur

302 1020 380 1098 quia
407 1035 493 1096 aqua
519 1017 656 1079 mundat
677 1031 736 1092 per
758 1014 943 1077 verbum.»
966 1015 1103 1073 Verum·
1157 1031 1350 1078 maneamus
1385 1015 1420 1077 iu
1456 1013 1586 1076 Christo
1606 1014 1775 1091 tamquam
1800 1013 1963 1090 palmites

302 1118 414 1179 tamen
427 1132 534 1195 neque
549 1114 685 1177 verbum
700 1113 773 1176 sine
787 1127 885 1189 aqua,
898 1125 1005 1188 neque
1015 1125 1103 1186 aqua
1157 1116 1192 1176 in
1213 1115 1290 1185 uita,
1308 1112 1519 1190 suscipiendo
1532 1111 1573 1174 ab
1592 1111 1666 1188 ipso
1679 1111 1853 1173 humorem
1877 1127 1964 1188 gra-

304 1215 377 1276 sine
397 1213 498 1276 verbo
524 1211 688 1291 purificat.
721 1211 784 1272 Sed
814 1209 909 1288 quasi
933 1223 1019 1286 aqua
1044 1222 1103 1284 per
1157 1213 1224 1284 tiae,
1239 1212 1408 1288 tamquam
1417 1210 1547 1288 lapides
1560 1209 1595 1270 in
1605 1208 1830 1282 fundamento,
1845 1209 1960 1271 adhae-

302 1313 441 1380 verhum
453 1311 616 1389 puritlcet,
628 1309 735 1390 virtus
748 1305 991 1387 purificationis
1006 1305 1104 1368 attri-
1156 1309 1259 1372 rende
1279 1308 1329 1370 illi
1346 1307 1442 1368 firma
1461 1307 1634 1379 charitate,
1659 1308 1828 1384 tamquam
1854 1306 1964 1369 stellae

301 1409 416 1472 buitur
432 1409 555 1471 verbis.
1157 1408 1193 1469 in
1207 1406 1405 1479 diademate,
1421 1404 1616 1481 refulgendo
1628 1404 1703 1466 luce
1713 1404 1866 1483 iustitiae.

342 1507 483 1570 Menate
501 1511 539 1568 ie
557 1521 613 1567 me
628 1506 662 1568 θῖ
680 1507 742 1581 eqo
754 1506 792 1565 lu
810 1505 904 1566 vodis
919 1499 1030 1581 (ioan.
1044 1516 1100 1571 xv,
1199 1503 1355 1582 Sequitur
1369 1525 1377 1563 :
1389 1505 1484 1566 Stetit
1497 1507 1629 1577 putares
1650 1504 1842 1578 conpotem
1861 1505 1966 1578 sruc-

305 1604 352 1684 4).
374 1605 444 1666 Νοε
465 1619 637 1665 manemus
650 1603 685 1664 in
702 1601 831 1663 Christo
844 1601 1012 1676 tamquam
1024 1597 1102 1676 pal·
1159 1602 1231 1663 tum
1243 1617 1264 1662 a
1276 1602 1470 1674 εθῖηθῖῖρεο.
1482 1599 1659 1677 Triplicem
1670 1600 1962 1676 gratiamsumunt

303 1703 400 1764 mites
424 1702 460 1763 in
488 1701 567 1775 vite,
596 1704 754 1776 tanquam
775 1698 903 1776 lapides
925 1697 960 1757 in
981 1695 1104 1757 tunda—
1157 1699 1323 1777 palmites,
1346 1714 1367 1760 a
1390 1697 1534 1770 Christo,
1558 1697 1723 1769 videlicet,
1749 1697 1968 1776 praevenien-

303 1801 425 1871 mento,
442 1801 609 1876 tamquam
625 1797 730 1860 stellae
742 1798 778 1860 in
793 1795 990 1857 diademate.
1004 1797 1104 1855 Tam·
1158 1798 1235 1869 tem,
1270 1795 1543 1863 sanctificantem,
1577 1797 1873 1868 consummantem,
1905 1795 1960 1856 vel

305 1915 403 1976 quam
414 1897 565 1974 palmites
576 1898 612 1958 in
621 1896 700 1968 vite,
713 1892 1103 1971 suscipientesachristo
1158 1894 1420 1957 confirmantem.
1434 1893 1595 1954 Similiter
1604 1891 1768 1969 triplicem
1779 1893 1959 1954 humorem
2093 1885 2094 1890 ’

303 1997 516 2072 augmentum
544 1994 673 2070 gratim,
697 1993 783 2055 sicut
806 1991 958 2069 palmites
980 1989 1102 2050 humo·
1159 1993 1259 2054 sumit
1282 1991 1408 2070 palmes
1431 2006 1452 2052 a
1472 1991 1551 2062 uite,
1575 1991 1683 2067 primo
1705 1991 1740 2052 ut
1763 1989 1961 2062 viridescat,

304 2108 376 2154 rem
396 2091 583 2168 suscipiunt
596 2106 616 2151 a
631 2091 709 2152 uite.
727 2089 821 2151 Unde
842 2089 877 2150 in
896 2087 1077 2163 Evangelio
1095 2104 1101 2142 :
1160 2089 1305 2151 secundo
1320 2090 1357 2150 ut
1370 2088 1513 2150 fructum
1526 2087 1638 2160 iaciat,
1653 2088 1751 2150 tertio
1764 2088 1803 2150 ut
1813 2088 1960 2150 rnatum

305 2189 580 2264 Depleattudiaa
594 2191 670 2262 ejus
683 2203 747 2250 nos
765 2188 1101 2260 omuescccepimus.
1158 2188 1199 2249 ad
1231 2187 1454 2250 maturitatem
1483 2185 1658 2264 perducat..
1684 2187 1799 2248 Gratia
1828 2202 1964 2263 praeve-

307 2285 431 2365 Siquis
456 2286 558 2362 igitur
576 2287 703 2363 palmes
725 2286 777 2347 θεῖ
797 2284 957 2362 praecisus
982 2297 1002 2343 a
1023 2282 1102 2352 vite,
1158 2285 1256 2347 niens
1270 2284 1350 2347 iacit
1362 2284 1531 2363 palmitem
1545 2282 1758 2356 viridescere,
1769 2283 1866 2357 idest,
1882 2283 1962 2344 tide-

306 2401 373 2446 nou
387 2385 495 2463 potest
509 2383 633 2446 hahere
651 2384 834 2454 humorem,
846 2382 943 2453 idest,
959 2380 1104 2457 gratiam
1158 2383 1223 2444 lem
1246 2382 1368 2445 bonam
1391 2380 1596 2444 uoluntatem
1620 2381 1754 2444 habere.
1780 2383 1820 2443 Et
1848 2381 1962 2458 gratia

307 2482 348 2543 ad
364 2483 517 2544 salutem.
533 2484 601 2544 Nos
623 2497 795 2543 manemus
816 2481 852 2542 in
867 2479 998 2541 Christo
1017 2479 1106 2541 tam·
1160 2478 1366 2558 subsequens
1379 2479 1460 2541 lacit
1473 2479 1619 2540 animam
1638 2478 1761 2541 honum
1775 2495 1859 2556 opus
1874 2494 1959 2556 par-

306 2596 404 2659 quam
419 2579 547 2656 lapides
562 2579 596 2640 in
611 2577 836 2648 fundamento,
856 2577 934 2655 quia
950 2577 1035 2638 sicut
1051 2575 1106 2636 di·
1157 2579 1275 2652 turire,
1290 2579 1327 2640 ut
1341 2577 1445 2655 possit
1464 2577 1506 2639 ad
1521 2577 1746 2638 maturitatem
1760 2576 1957 2653 perducere.

306 2678 352 2740 cit
374 2677 550 2754 Apostolus
565 2697 573 2738 ι
588 2677 744 2739 Christus
768 2675 820 2737 θεῖ
839 2675 1105 2749 futzmmentum
1159 2677 1272 2739 Gratia
1301 2676 1507 2738 fructificans
1531 2675 1610 2749 lacit
1636 2674 1788 2753 palmites
1812 2673 1959 2736 fructum
2093 2677 2094 2718 3

308 2774 338 2855 (Ι
351 2777 425 2836 Cor.
441 2791 491 2847 m,
508 2774 572 2855 11).
589 2776 628 2835 Et
642 2774 758 2836 beatus
774 2774 896 2835 Petrus
907 2772 989 2834 dicit
1000 2770 1104 2832 fideli·
1158 2774 1279 2847 iacere,
1296 2773 1392 2848 idest,
1414 2773 1528 2836 fideles
1548 2772 1635 2835 bona
1657 2789 1758 2850 opera
1782 2772 1960 2849 perticere.

305 2871 384 2934 bus:
401 2876 474 2948 Ipsi
487 2873 664 2946 tamquam
677 2875 806 2946 lapides
825 2874 899 2931 vivi
913 2871 1109 2944 mperoedt-
1158 2875 1208 2934 De
1225 2874 1333 2949 prima
1353 2873 1386 2934 et
1402 2872 1503 2933 tertia
1524 2871 1633 2946 gratia
1652 2869 1733 2931 dicit
1752 2869 1961 2946 Apostolus:
2093 2863 2094 2866 ’

305 2972 461 3045 licemini
471 2967 555 3048 (Pet.
573 2985 609 3037 n,
626 2969 670 3049 5).
689 2968 793 3044 Igitur
805 2967 956 3029 Christus
971 2967 1021 3029 est
1033 2966 1109 3028 lun·
1157 2975 1250 3034 Deus
1264 2971 1386 3045 estqui
1400 2970 1617 3043 operatura
1631 2971 1725 3030 vodis
1738 2973 1821 3030 velte
1836 2968 1963 3042 erper-
2093 3039 2094 3048 ἵ

306 3067 512 3138 dementum,
535 3065 630 3138 idest,
651 3065 785 3126 initium
805 3064 838 3126 et
861 3063 1106 3125 firmamentum
1157 3071 1261 3142 ficere
1270 3083 1339 3141 pro
1359 3071 1446 3129 cona
1468 3067 1643 3128 voluntate
1665 3064 1802 3145 (Philip.
1826 3080 1865 3137 n,
1891 3063 1957 3144 13).

306 3165 453 3226 omnium
465 3163 658 3225 electorum.
674 3163 825 3224 Christus
841 3162 891 3224 θεῖ
901 3160 1102 3222 tundamen—
1158 3167 1197 3228 Et
1218 3165 1410 3241 Fulgentius
1437 3181 1481 3225 :c
1509 3164 1671 3227 Voluntas
1700 3179 1773 3241 quaa
1796 3163 1832 3224 in
1858 3161 1959 3223 vohis

306 3264 376 3324 tum
390 3261 559 3334 Ecclesiae,
576 3261 654 3338 quia
672 3261 759 3322 sicut
771 3260 839 3322 tota
855 3258 971 3321 domus
986 3258 1105 3320 nititur
1157 3263 1243 3324 bona
1267 3262 1354 3324 dono
1373 3261 1433 3324 Dei
1447 3261 1636 3323 miserentis
1651 3260 1805 3332 allicitur,
1832 3260 1906 3338 ipsa
1920 3259 1959 3320 in

306 3359 532 3432 fundamento,
546 3359 593 3420 ita
605 3359 674 3421 tota
689 3357 839 3419 Ecclesia
853 3356 1026 3433 rogitaret
1040 3372 1108 3432 gu·
1158 3358 1264 3434 nohis,
1281 3363 1317 3422 ut
1330 3359 1417 3422 bona
1436 3359 1568 3438 operari
1587 3358 1709 3431 ualeat,
1732 3358 1959 3435 adiuvatur.»
2093 3343 2094 3410 ξ

306 3457 466 3520 bernatur
488 3473 507 3518 a
526 3455 668 3528 Christo,
694 3456 773 3534 quia
791 3455 878 3517 sicut
898 3453 979 3515 dicit
996 3458 1104 3530 Apos—
1158 3457 1302 3520 Proinde
1330 3459 1359 3521 si
1383 3457 1536 3535 palmites
1566 3455 1676 3518 ierunt
1703 3455 1863 3528 fructum,
1888 3471 1957 3516 non

303 3555 412 3617 tolus:
429 3555 586 3618 Christus
605 3554 821 3629 occoeperat
838 3553 1103 3628 medantensium
1157 3556 1319 3618 extollant
1338 3571 1385 3629 εθ,
1401 3555 1481 3633 quia
1495 3555 1604 3632 gratia
1618 3553 1892 3616 saibministratur
1906 3553 1960 3614 illi
2093 3615 2094 3626 ,

305 3657 466 3716 Ecclesiae
479 3650 575 3732 (Eph.
598 3669 631 3724 v,
648 3649 714 3732 23).
731 3651 858 3728 Corpus
878 3650 928 3712 est
941 3648 1100 3720 Ecclesia,
1158 3671 1178 3716 a
1201 3655 1279 3716 vite.
1308 3653 1421 3715 Gratia
1450 3657 1650 3715 corisumans
1673 3651 1727 3713 vel
1753 3651 1959 3714 confirmans
2093 3651 2094 3654 ’

307 3749 455 3812 membra
469 3749 619 3826 corporis
633 3749 710 3810 sunt
725 3748 848 3824 singuli
863 3747 990 3810 fideles.
1009 3746 1103 3810 Unde
1158 3752 1238 3814 lacit
1268 3750 1397 3814 fructus
1430 3750 1472 3812 ad
1508 3749 1733 3812 maturitatem
1768 3748 1960 3826 pervenire,

306 3844 484 3924 Apostolus
510 3867 518 3905 ²
540 3846 637 3906 Sicut
661 3848 700 3906 tn
731 3861 800 3906 ww
825 3845 1105 3920 vomeremque
1157 3849 1255 3922 idest,
1276 3864 1379 3926 opera
1396 3848 1439 3910 ad
1462 3847 1709 3925 perlectionem.
1734 3846 1827 3908 Unde
1851 3845 1957 3906 Dauid

307 3946 464 4006 mandra
484 3945 659 4013 dedemus,
674 3946 792 4004 omma
811 3941 930 4003 autem
948 3944 1105 4003 membra
1159 3946 1275 4010 orabat
1295 3947 1411 4010 dicens
1426 3963 1434 4002 ε
1451 3947 1627 4018 confirma
1649 3950 1721 4018 noc,
1744 3947 1854 4016 Deum,
1870 3947 1959 4018 quod
2093 4017 2094 4022 ἵ

306 4056 376 4104 reon
388 4039 1105 4107 acmuemactumuauent,1tammttunum
1158 4045 1322 4118 operatus
1338 4060 1375 4108 es
1390 4047 1427 4106 in
1439 4047 1535 4106 nocte
1554 4040 1629 4123 (Ρε.
1640 4044 1691 4114 67,
1706 4040 1773 4120 26).
1788 4040 1891 4114 Quasi
1906 4041 1960 4102 di·
2093 4043 2094 4054 ¹

307 4153 434 4216 corpus
447 4153 569 4200 tumus
582 4140 620 4198 in
634 4137 769 4198 cereto
785 4135 895 4215 (Ronl-
909 4151 970 4207 111,
983 4133 1028 4215 4)·
1159 4143 1233 4205 cat:
1258 4146 1307 4204 Tu
1320 4144 1379 4217 qul
1392 4143 1526 4217 capeti
1547 4144 1586 4202 tn
1601 4144 1699 4203 nobis
1715 4143 1840 4202 doniors
1859 4155 1958 4214 optes,

346 4237 430 4310 Quia
443 4236 529 4298 sicut
540 4235 656 4298 domus
669 4233 787 4312 incipit
800 4249 939 4310 surgere
952 4249 972 4294 a
984 4232 1106 4294 sunda·
1158 4241 1328 4312 confirma
1339 4240 1373 4301 ct
1384 4240 1513 4314 perfice
1525 4240 1618 4309 illud,
1633 4237 1710 4315 quia
1722 4236 1807 4298 nihil
1822 4237 1959 4314 prodest

306 4336 437 4407 meniis,
458 4335 505 4397 ita
534 4332 683 4396 ΕὓΰῙθδῑᾶ
710 4332 838 4410 accepit
858 4331 1060 4409 principium
1084 4347 1104 4392 a
1159 4337 1242 4400 hene
1257 4337 1412 4415 coepisse,
1426 4336 1455 4398 si
1471 4335 1557 4397 male
1571 4334 1773 4396 desistimus.

307 4433 448 4495 Christo.
462 4433 542 4493 Item
551 4430 892 4493 sicutiuudamentum
901 4430 1010 4507 portat
1020 4445 1103 4490 onus

305 4531 408 4592 totius
427 4529 555 4602 domus,
579 4529 625 4590 ita
648 4528 799 4590 Christus
816 4528 902 4603 regit
922 4527 1103 4589 Ecclesiam
1473 4513 1641 4600 XXXIII

306 4629 341 4690 et
376 4627 511 4689 ortatut
530 4642 589 4687 sur
611 4625 646 4687 at
659 4625 694 4686 in
709 4624 812 4686 altum
840 4625 904 4686 hoc
922 4626 974 4687 est
1000 4641 1039 4685 us
1064 4641 1105 4686 ue

307 4645 501 4787 adpcoelum.
523 4642 668 4784 Profice
687 4737 748 4783 nos
769 4666 826 4799 qui
841 4737 955 4782 sumus
975 4643 1103 4799 tanges
1336 4683 1380 4743 IN
1404 4681 1534 4742 FESTO
1556 4679 1781 4743 VIRGINUM'

307 4824 387 4897 vivi,
417 4823 521 4883 simus
552 4820 770 4898 conglutinati
803 4821 975 4894 caementc,
1006 4820 1101 4892 idest,
1197 4825 1316 4886 Stmtlc
1334 4823 1387 4884 θεῖ
1402 4836 1551 4900 reanum
1564 4827 1730 4884 coelorum
1749 4823 1867 4883 deoem
1884 4824 1961 4882 uim

306 4921 496 4993 dilectione,
512 4921 546 4982 et
559 4920 747 4981 haereamus
761 4917 987 4990 fundamento,
1004 4918 1101 4988 idest,
1156 4925 1293 5000 plutius
1306 4919 1439 5000 (maun.
1453 4936 1532 4991 xxv,
1552 4918 1599 4998 1).

307 5021 449 5090 christo,
461 5020 619 5096 tanquam
634 5016 739 5080 stellae
754 5017 789 5078 in
804 5016 1002 5090 diademate,
1017 5017 1104 5080 sicut
1198 5018 1346 5092 Quatuor
1360 5018 1466 5080 modis
1480 5017 1684 5094 intelligitur·
1697 5031 1839 5092 Quum
1853 5015 1957 5077 cuelc-

306 5119 430 5196 legitur
449 5117 485 5179 in
504 5114 714 5195 Apocalypsi,
742 5115 828 5193 quod
851 5117 998 5178 ioannes
1020 5115 1104 5176 vidit
1158 5133 1243 5190 rum,
1266 5115 1432 5188 videlicet,
1451 5115 1598 5178 coelestis
1614 5114 1733 5192 patria,
1759 5113 1874 5174 sancta
1890 5115 1955 5174 Ec-

306 5218 479 5280 mulierem
494 5215 649 5277 amictam
663 5213 745 5286 sole,
756 5215 789 5276 et
802 5212 882 5275 luna
893 5211 953 5274 sub
965 5212 1103 5290 pedihus
1158 5214 1272 5288 clesia,
1289 5213 1397 5276 tidelis
1412 5213 1535 5287 amma,
1553 5229 1649 5274 sacra
1669 5212 1852 5289 Scriptura.
1869 5213 1958 5286 Reg-

307 5317 391 5393 ejue,
414 5315 504 5378 etin
525 5313 632 5391 capite
654 5315 727 5390 ejus
751 5326 907 5383 coronam
932 5310 1103 5372 stellarum
1159 5329 1236 5372 num
1258 5312 1417 5375 coelorum
1438 5311 1560 5374 dicitur
1578 5309 1722 5372 coelestis
1738 5308 1858 5386 patria,
1878 5308 1956 5385 quia

307 5413 492 5475 duodecim.
508 5413 629 5473 Mulier
648 5410 708 5471 illa
730 5409 896 5486 significat
909 5408 1102 5479 Ecclesiam,
1159 5410 1206 5471 ihi
1220 5411 1361 5487 regnant
1375 5409 1461 5482 coeli,
1473 5409 1569 5482 idest,
1588 5407 1707 5469 sancti.
1725 5409 1876 5483 Regnum
1890 5421 1956 5467 cce-

305 5527 382 5590 quae
397 5512 470 5572 erat
483 5509 604 5571 amicta
621 5509 702 5581 sole,
719 5507 814 5580 idest,
829 5506 1014 5569 divinitatis
1029 5505 1103 5568 cla·
1160 5509 1267 5569 lorum
1292 5507 1412 5570 dicitur
1436 5508 1551 5569 sancta
1573 5505 1732 5578 Ecclesia,
1753 5503 1833 5582 quia
1856 5503 1892 5565 in
1918 5517 1956 5564 ea

307 5608 416 5672 ritate.
433 5608 472 5669 Et
490 5607 570 5668 luna
584 5607 658 5670 erat
681 5605 742 5668 suh
758 5604 895 5684 pedihus
915 5605 998 5681 ejus,
1019 5604 1107 5666 idest
1160 5609 1237 5670 sunt
1252 5607 1346 5670 multi
1362 5621 1469 5683 reges,
1487 5604 1585 5678 idest,
1602 5603 1710 5666 sancti
1725 5618 1864 5681 quorum
1883 5617 1956 5663 con·
