<?xml version="1.0" encoding="UTF-8"?>
<!DOCTYPE html PUBLIC "-//W3C//DTD XHTML 1.0 Transitional//EN"
    "http://www.w3.org/TR/xhtml1/DTD/xhtml1-transitional.dtd">
<html xmlns="http://www.w3.org/1999/xhtml" xml:lang="en" lang="en">
 <head>
  <title>
</title>
<meta http-equiv="Content-Type" content="text/html;charset=utf-8" />
  <meta name='ocr-system' content='tesseract 3.04.00' />
  <meta name='ocr-capabilities' content='ocr_page ocr_carea ocr_par ocr_line ocrx_word'/>
</head>
<body>
  <div class='ocr_page' id='page_1' title='image "./mediiaevibiblio02unkngoog_0224.png"; bbox 0 0 4214 6400; ppageno 0'>
   <div class='ocr_carea' id='block_1_1' title="bbox 121 358 1771 464">
    <p class='ocr_par' dir='ltr' id='par_1_1' title="bbox 121 358 1771 464">
     <span class='ocr_line' id='line_1_1' title="bbox 121 358 1771 464; baseline 0.01 -42"><span class='ocrx_word' id='word_1_1' title='bbox 121 358 186 422; x_wconf 77' lang='lat'><strong>409</strong></span> <span class='ocrx_word' id='word_1_2' title='bbox 211 449 230 464; x_wconf 31' lang='grc' dir='ltr'>ι</span> <span class='ocrx_word' id='word_1_3' title='bbox 685 363 864 426; x_wconf 73' lang='grc'>1101101111</span> <span class='ocrx_word' id='word_1_4' title='bbox 888 365 1014 430; x_wconf 81' lang='lat' dir='ltr'><strong>PAPAE</strong></span> <span class='ocrx_word' id='word_1_5' title='bbox 1035 367 1082 430; x_wconf 91' lang='lat'><strong>111</strong></span> <span class='ocrx_word' id='word_1_6' title='bbox 1103 368 1211 430; x_wconf 75' lang='lat' dir='ltr'><strong>VITA.</strong></span> <span class='ocrx_word' id='word_1_7' title='bbox 1712 375 1771 438; x_wconf 79' lang='lat'><strong>41⁰</strong></span> 
     </span>
    </p>
   </div>
   <div class='ocr_carea' id='block_1_2' title="bbox 104 517 1772 1189">
    <p class='ocr_par' dir='ltr' id='par_1_2' title="bbox 120 517 1772 996">
     <span class='ocr_line' id='line_1_2' title="bbox 122 517 1772 605; baseline 0.01 -25"><span class='ocrx_word' id='word_1_8' title='bbox 122 521 244 582; x_wconf 85' lang='lat' dir='ltr'><strong>exorta</strong></span> <span class='ocrx_word' id='word_1_9' title='bbox 268 519 345 582; x_wconf 90' lang='lat' dir='ltr'><strong>sunt</strong></span> <span class='ocrx_word' id='word_1_10' title='bbox 365 517 529 597; x_wconf 88' lang='lat' dir='ltr'><strong>germina,</strong></span> <span class='ocrx_word' id='word_1_11' title='bbox 555 519 588 586; x_wconf 89' lang='grc'><strong>61</strong></span> <span class='ocrx_word' id='word_1_12' title='bbox 609 521 741 600; x_wconf 86' lang='lat' dir='ltr'><strong>quidem</strong></span> <span class='ocrx_word' id='word_1_13' title='bbox 765 523 921 588; x_wconf 88' lang='lat' dir='ltr'><strong>diuturno</strong></span> <span class='ocrx_word' id='word_1_14' title='bbox 976 522 1038 586; x_wconf 86' lang='lat' dir='ltr'><strong>bus</strong></span> <span class='ocrx_word' id='word_1_15' title='bbox 1056 541 1135 588; x_wconf 84' lang='lat' dir='ltr'><strong>mox</strong></span> <span class='ocrx_word' id='word_1_16' title='bbox 1154 525 1242 588; x_wconf 91' lang='lat' dir='ltr'><strong>diem</strong></span> <span class='ocrx_word' id='word_1_17' title='bbox 1261 523 1356 600; x_wconf 80' lang='lat' dir='ltr'><strong>dixit,</strong></span> <span class='ocrx_word' id='word_1_18' title='bbox 1377 541 1441 605; x_wconf 84' lang='lat' dir='ltr'><strong>qna</strong></span> <span class='ocrx_word' id='word_1_19' title='bbox 1462 527 1634 594; x_wconf 81' lang='lat' dir='ltr'><strong>Coloniam</strong></span> <span class='ocrx_word' id='word_1_20' title='bbox 1657 547 1772 596; x_wconf 83' lang='lat' dir='ltr'><strong>ornnes</strong></span> 
     </span>
     <span class='ocr_line' id='line_1_3' title="bbox 120 619 1770 700; baseline 0.007 -20"><span class='ocrx_word' id='word_1_21' title='bbox 120 623 273 696; x_wconf 85' lang='lat' dir='ltr'><strong>tempore</strong></span> <span class='ocrx_word' id='word_1_22' title='bbox 288 633 418 694; x_wconf 91' lang='lat' dir='ltr'><strong>semper</strong></span> <span class='ocrx_word' id='word_1_23' title='bbox 426 619 637 695; x_wconf 87' lang='lat' dir='ltr'><strong>pullulantia,</strong></span> <span class='ocrx_word' id='word_1_24' title='bbox 652 621 686 682; x_wconf 88' lang='lat' dir='ltr'><strong>et</strong></span> <span class='ocrx_word' id='word_1_25' title='bbox 699 637 772 699; x_wconf 86' lang='lat' dir='ltr'><strong>quae</strong></span> <span class='ocrx_word' id='word_1_26' title='bbox 784 637 845 700; x_wconf 91' lang='lat' dir='ltr'><strong>per</strong></span> <span class='ocrx_word' id='word_1_27' title='bbox 855 637 923 685; x_wconf 91' lang='lat' dir='ltr'><strong>cre-</strong></span> <span class='ocrx_word' id='word_1_28' title='bbox 978 622 1190 685; x_wconf 81' lang='lat' dir='ltr'><strong>consulendae</strong></span> <span class='ocrx_word' id='word_1_29' title='bbox 1223 623 1275 685; x_wconf 93' lang='lat' dir='ltr'><strong>rei</strong></span> <span class='ocrx_word' id='word_1_30' title='bbox 1307 639 1409 686; x_wconf 89' lang='lat' dir='ltr'><strong>causa</strong></span> <span class='ocrx_word' id='word_1_31' title='bbox 1443 627 1670 692; x_wconf 87' lang='lat' dir='ltr'><strong>convenirent.</strong></span> <span class='ocrx_word' id='word_1_32' title='bbox 1707 629 1770 692; x_wconf 87' lang='lat' dir='ltr'><strong>Sed</strong></span> 
     </span>
     <span class='ocr_line' id='line_1_4' title="bbox 120 715 1772 795; baseline 0.008 -20"><span class='ocrx_word' id='word_1_33' title='bbox 120 715 185 776; x_wconf 90' lang='lat' dir='ltr'><strong>bra</strong></span> <span class='ocrx_word' id='word_1_34' title='bbox 200 717 273 792; x_wconf 89' lang='lat' dir='ltr'><strong>ejus</strong></span> <span class='ocrx_word' id='word_1_35' title='bbox 287 715 471 777; x_wconf 88' lang='lat' dir='ltr'><strong>infortunia</strong></span> <span class='ocrx_word' id='word_1_36' title='bbox 495 733 601 795; x_wconf 86' lang='lat' dir='ltr'><strong>usque</strong></span> <span class='ocrx_word' id='word_1_37' title='bbox 619 718 660 779; x_wconf 92' lang='lat' dir='ltr'><strong>ad</strong></span> <span class='ocrx_word' id='word_1_38' title='bbox 676 719 784 795; x_wconf 89' lang='lat' dir='ltr'><strong>ipsum</strong></span> <span class='ocrx_word' id='word_1_39' title='bbox 797 717 922 780; x_wconf 87' lang='lat' dir='ltr'><strong>obitum</strong></span> <span class='ocrx_word' id='word_1_40' title='bbox 978 719 1054 780; x_wconf 89' lang='lat' dir='ltr'><strong>dum</strong></span> <span class='ocrx_word' id='word_1_41' title='bbox 1079 719 1119 781; x_wconf 93' lang='lat' dir='ltr'><strong>de</strong></span> <span class='ocrx_word' id='word_1_42' title='bbox 1146 719 1245 782; x_wconf 89' lang='lat' dir='ltr'><strong>rebus</strong></span> <span class='ocrx_word' id='word_1_43' title='bbox 1273 721 1468 794; x_wconf 84' lang='lat' dir='ltr'><strong>consulitur,</strong></span> <span class='ocrx_word' id='word_1_44' title='bbox 1496 725 1636 786; x_wconf 88' lang='lat' dir='ltr'><strong>Honorii</strong></span> <span class='ocrx_word' id='word_1_45' title='bbox 1663 726 1772 790; x_wconf 88' lang='lat' dir='ltr'><strong>obitus</strong></span> 
     </span>
     <span class='ocr_line' id='line_1_5' title="bbox 122 812 1770 899; baseline 0.008 -27"><span class='ocrx_word' id='word_1_46' title='bbox 122 812 294 874; x_wconf 89' lang='lat' dir='ltr'><strong>bominem</strong></span> <span class='ocrx_word' id='word_1_47' title='bbox 309 812 465 875; x_wconf 87' lang='lat' dir='ltr'><strong>comitata</strong></span> <span class='ocrx_word' id='word_1_48' title='bbox 489 814 577 886; x_wconf 90' lang='lat' dir='ltr'><strong>sunt,</strong></span> <span class='ocrx_word' id='word_1_49' title='bbox 600 815 636 876; x_wconf 92' lang='lat' dir='ltr'><strong>ut</strong></span> <span class='ocrx_word' id='word_1_50' title='bbox 649 815 834 877; x_wconf 87' lang='lat' dir='ltr'><strong>Nauclerus</strong></span> <span class='ocrx_word' id='word_1_51' title='bbox 847 832 921 878; x_wconf 80' lang='lat' dir='ltr'><strong>me·</strong></span> <span class='ocrx_word' id='word_1_52' title='bbox 977 817 1145 892; x_wconf 87' lang='lat' dir='ltr'><strong>negotium</strong></span> <span class='ocrx_word' id='word_1_53' title='bbox 1158 816 1289 880; x_wconf 87' lang='lat' dir='ltr'><strong>irritum</strong></span> <span class='ocrx_word' id='word_1_54' title='bbox 1312 817 1401 882; x_wconf 90' lang='lat' dir='ltr'><strong>fecit.</strong></span> <span class='ocrx_word' id='word_1_55' title='bbox 1429 819 1561 899; x_wconf 88' lang='lat' dir='ltr'><strong>(Naucl.</strong></span> <span class='ocrx_word' id='word_1_56' title='bbox 1586 838 1699 898; x_wconf 90' lang='lat' dir='ltr'><strong>gener.</strong></span> <span class='ocrx_word' id='word_1_57' title='bbox 1719 826 1770 897; x_wconf 88' lang='grc'><strong>41,</strong></span> 
     </span>
     <span class='ocr_line' id='line_1_6' title="bbox 122 910 1541 996; baseline 0.006 -26"><span class='ocrx_word' id='word_1_58' title='bbox 122 910 233 972; x_wconf 88' lang='lat' dir='ltr'><strong>morat</strong></span> <span class='ocrx_word' id='word_1_59' title='bbox 244 925 358 985; x_wconf 89' lang='lat' dir='ltr'><strong>gener.</strong></span> <span class='ocrx_word' id='word_1_60' title='bbox 370 911 422 971; x_wconf 83' lang='lat' dir='ltr'><strong>dl.</strong></span> <span class='ocrx_word' id='word_1_61' title='bbox 441 910 503 970; x_wconf 89' lang='lat' dir='ltr'><strong>Cui</strong></span> <span class='ocrx_word' id='word_1_62' title='bbox 517 911 645 973; x_wconf 88' lang='lat' dir='ltr'><strong>accedit</strong></span> <span class='ocrx_word' id='word_1_63' title='bbox 655 911 783 974; x_wconf 88' lang='lat' dir='ltr'><strong>Alberti</strong></span> <span class='ocrx_word' id='word_1_64' title='bbox 798 913 924 974; x_wconf 90' lang='lat' dir='ltr'><strong>Krant-</strong></span> <span class='ocrx_word' id='word_1_65' title='bbox 978 915 1053 990; x_wconf 88' lang='lat' dir='ltr'><strong>post</strong></span> <span class='ocrx_word' id='word_1_66' title='bbox 1065 915 1222 976; x_wconf 78' lang='lat' dir='ltr'><strong>Antonin.</strong></span> <span class='ocrx_word' id='word_1_67' title='bbox 1241 915 1290 976; x_wconf 89' lang='grc'>111.</span> <span class='ocrx_word' id='word_1_68' title='bbox 1307 916 1357 988; x_wconf 88' lang='grc'><strong>19,</strong></span> <span class='ocrx_word' id='word_1_69' title='bbox 1371 933 1399 976; x_wconf 91' lang='grc'><strong>0.</strong></span> <span class='ocrx_word' id='word_1_70' title='bbox 1415 919 1445 988; x_wconf 90' lang='lat'><strong>3,</strong></span> <span class='ocrx_word' id='word_1_71' title='bbox 1462 920 1482 993; x_wconf 58' lang='grc' dir='ltr'><em>ᾖ</em></span> <span class='ocrx_word' id='word_1_72' title='bbox 1496 916 1541 996; x_wconf 90' lang='grc'><strong>5).</strong></span> 
     </span>
    </p>

    <p class='ocr_par' dir='ltr' id='par_1_3' title="bbox 104 1007 1772 1189">
     <span class='ocr_line' id='line_1_7' title="bbox 104 1007 1771 1091; baseline 0.007 -23"><span class='ocrx_word' id='word_1_73' title='bbox 104 1007 169 1068; x_wconf 75' lang='lat' dir='ltr'><strong>nii</strong></span> <span class='ocrx_word' id='word_1_74' title='bbox 182 1007 414 1069; x_wconf 87' lang='lat' dir='ltr'><strong>sententiahis</strong></span> <span class='ocrx_word' id='word_1_75' title='bbox 432 1008 544 1069; x_wconf 89' lang='lat' dir='ltr'><strong>verbis</strong></span> <span class='ocrx_word' id='word_1_76' title='bbox 566 1009 766 1086; x_wconf 89' lang='lat' dir='ltr'><strong>conscripta,</strong></span> <span class='ocrx_word' id='word_1_77' title='bbox 782 1010 923 1072; x_wconf 84' lang='lat' dir='ltr'><strong>etvalde</strong></span> <span class='ocrx_word' id='word_1_78' title='bbox 1015 1012 1211 1073; x_wconf 78' lang='lat' dir='ltr'><strong>Accesserat</strong></span> <span class='ocrx_word' id='word_1_79' title='bbox 1242 1013 1511 1090; x_wconf 77' lang='lat' dir='ltr'><strong>impedimentum</strong></span> <span class='ocrx_word' id='word_1_80' title='bbox 1546 1016 1658 1091; x_wconf 78' lang='lat' dir='ltr'><strong>aliud3</strong></span> <span class='ocrx_word' id='word_1_81' title='bbox 1694 1033 1771 1080; x_wconf 91' lang='lat' dir='ltr'><strong>nam</strong></span> 
     </span>
     <span class='ocr_line' id='line_1_8' title="bbox 122 1103 1772 1189; baseline 0.008 -24"><span class='ocrx_word' id='word_1_82' title='bbox 122 1105 271 1181; x_wconf 88' lang='lat' dir='ltr'><strong>ingenua</strong></span> <span class='ocrx_word' id='word_1_83' title='bbox 286 1103 439 1182; x_wconf 87' lang='lat' dir='ltr'><strong>libertate</strong></span> <span class='ocrx_word' id='word_1_84' title='bbox 453 1105 583 1181; x_wconf 88' lang='lat' dir='ltr'><strong>prolata</strong></span> <span class='ocrx_word' id='word_1_85' title='bbox 598 1127 605 1166; x_wconf 86' lang='lat'><strong>:</strong></span> <span class='ocrx_word' id='word_1_86' title='bbox 622 1107 853 1179; x_wconf 69' lang='grc'>«1111611001,</span> <span class='ocrx_word' id='word_1_87' title='bbox 869 1107 924 1168; x_wconf 85' lang='grc'>111-</span> <span class='ocrx_word' id='word_1_88' title='bbox 978 1123 1087 1170; x_wconf 92' lang='lat' dir='ltr'><strong>comes</strong></span> <span class='ocrx_word' id='word_1_89' title='bbox 1116 1108 1157 1170; x_wconf 92' lang='lat' dir='ltr'><strong>de</strong></span> <span class='ocrx_word' id='word_1_90' title='bbox 1184 1109 1315 1170; x_wconf 85' lang='lat' dir='ltr'><strong>Scuiria</strong></span> <span class='ocrx_word' id='word_1_91' title='bbox 1341 1113 1450 1174; x_wconf 88' lang='lat' dir='ltr'><strong>Daciae</strong></span> <span class='ocrx_word' id='word_1_92' title='bbox 1474 1127 1586 1189; x_wconf 87' lang='lat' dir='ltr'><strong>regem</strong></span> <span class='ocrx_word' id='word_1_93' title='bbox 1606 1130 1679 1176; x_wconf 90' lang='lat' dir='ltr'><strong>cum</strong></span> <span class='ocrx_word' id='word_1_94' title='bbox 1702 1115 1772 1178; x_wconf 86' lang='lat' dir='ltr'><strong>tilio</strong></span> 
     </span>
    </p>
   </div>
   <div class='ocr_carea' id='block_1_3' title="bbox 23 1201 1909 1287">
    <p class='ocr_par' dir='ltr' id='par_1_4' title="bbox 23 1201 1909 1287">
     <span class='ocr_line' id='line_1_9' title="bbox 23 1201 1909 1287; baseline 0.007 -25"><span class='ocrx_word' id='word_1_95' title='bbox 23 1219 30 1228; x_wconf 90' lang='lat'>·</span> <span class='ocrx_word' id='word_1_96' title='bbox 122 1219 143 1262; x_wconf 86' lang='lat'><strong>‹</strong></span> <span class='ocrx_word' id='word_1_97' title='bbox 166 1202 255 1279; x_wconf 87' lang='lat' dir='ltr'><strong>quit,</strong></span> <span class='ocrx_word' id='word_1_98' title='bbox 286 1201 451 1262; x_wconf 88' lang='lat' dir='ltr'><strong>secundus</strong></span> <span class='ocrx_word' id='word_1_99' title='bbox 486 1217 530 1264; x_wconf 87' lang='lat' dir='ltr'><strong>ex</strong></span> <span class='ocrx_word' id='word_1_100' title='bbox 559 1202 752 1266; x_wconf 83' lang='lat' dir='ltr'><strong>Constantia</strong></span> <span class='ocrx_word' id='word_1_101' title='bbox 785 1204 923 1266; x_wconf 89' lang='lat' dir='ltr'><strong>moniali</strong></span> <span class='ocrx_word' id='word_1_102' title='bbox 973 1207 1044 1282; x_wconf 87' lang='lat' dir='ltr'><strong>jam</strong></span> <span class='ocrx_word' id='word_1_103' title='bbox 1064 1204 1236 1267; x_wconf 80' lang='lat' dir='ltr'><strong>biennium</strong></span> <span class='ocrx_word' id='word_1_104' title='bbox 1258 1207 1406 1283; x_wconf 85' lang='lat' dir='ltr'><strong>captivos</strong></span> <span class='ocrx_word' id='word_1_105' title='bbox 1429 1208 1626 1272; x_wconf 78' lang='lat' dir='ltr'><strong>detinuerat.</strong></span> <span class='ocrx_word' id='word_1_106' title='bbox 1644 1211 1774 1287; x_wconf 81' lang='lat' dir='ltr'><strong>Agebat</strong></span> <span class='ocrx_word' id='word_1_107' title='bbox 1906 1205 1909 1214; x_wconf 90' lang='lat'>&#39;</span> 
     </span>
    </p>
   </div>
   <div class='ocr_carea' id='block_1_4' title="bbox 122 1298 1785 5456">
    <p class='ocr_par' dir='ltr' id='par_1_5' title="bbox 122 1298 1775 2454">
     <span class='ocr_line' id='line_1_10' title="bbox 124 1298 1774 1382; baseline 0.007 -23"><span class='ocrx_word' id='word_1_108' title='bbox 124 1316 146 1359; x_wconf 85' lang='lat'><strong>‹</strong></span> <span class='ocrx_word' id='word_1_109' title='bbox 168 1298 389 1376; x_wconf 85' lang='lat' dir='ltr'><strong>sexagenaria</strong></span> <span class='ocrx_word' id='word_1_110' title='bbox 410 1300 514 1372; x_wconf 91' lang='lat' dir='ltr'><strong>ortus,</strong></span> <span class='ocrx_word' id='word_1_111' title='bbox 537 1302 635 1364; x_wconf 87' lang='lat' dir='ltr'><strong>etex</strong></span> <span class='ocrx_word' id='word_1_112' title='bbox 652 1301 798 1362; x_wconf 88' lang='lat' dir='ltr'><strong>Henrico</strong></span> <span class='ocrx_word' id='word_1_113' title='bbox 828 1302 923 1364; x_wconf 82' lang='lat' dir='ltr'><strong>sexto</strong></span> <span class='ocrx_word' id='word_1_114' title='bbox 978 1302 1149 1364; x_wconf 78' lang='lat' dir='ltr'><strong>conradus</strong></span> <span class='ocrx_word' id='word_1_115' title='bbox 1176 1302 1305 1378; x_wconf 88' lang='lat' dir='ltr'><strong>legatus</strong></span> <span class='ocrx_word' id='word_1_116' title='bbox 1332 1320 1408 1366; x_wconf 90' lang='lat' dir='ltr'><strong>cum</strong></span> <span class='ocrx_word' id='word_1_117' title='bbox 1440 1306 1638 1382; x_wconf 81' lang='lat' dir='ltr'><strong>lingelberto</strong></span> <span class='ocrx_word' id='word_1_118' title='bbox 1675 1309 1774 1370; x_wconf 87' lang='lat' dir='ltr'><strong>Golo-</strong></span> 
     </span>
     <span class='ocr_line' id='line_1_11' title="bbox 124 1395 1774 1482; baseline 0.005 -26"><span class='ocrx_word' id='word_1_119' title='bbox 124 1413 145 1456; x_wconf 86' lang='lat'><strong>‹</strong></span> <span class='ocrx_word' id='word_1_120' title='bbox 168 1395 331 1458; x_wconf 82' lang='lat' dir='ltr'><strong>Friderici</strong></span> <span class='ocrx_word' id='word_1_121' title='bbox 351 1395 450 1473; x_wconf 87' lang='lat' dir='ltr'><strong>primi</strong></span> <span class='ocrx_word' id='word_1_122' title='bbox 469 1395 562 1459; x_wconf 84' lang='lat' dir='ltr'><strong>filio:</strong></span> <span class='ocrx_word' id='word_1_123' title='bbox 585 1397 649 1460; x_wconf 92' lang='lat' dir='ltr'><strong>boc</strong></span> <span class='ocrx_word' id='word_1_124' title='bbox 670 1413 689 1460; x_wconf 89' lang='lat' dir='ltr'><strong>e</strong></span> <span class='ocrx_word' id='word_1_125' title='bbox 712 1399 923 1460; x_wconf 82' lang='lat' dir='ltr'><strong>matrimonio</strong></span> <span class='ocrx_word' id='word_1_126' title='bbox 977 1399 1086 1460; x_wconf 88' lang='lat' dir='ltr'><strong>niensi</strong></span> <span class='ocrx_word' id='word_1_127' title='bbox 1116 1399 1377 1477; x_wconf 86' lang='lat' dir='ltr'><strong>archiepiscopo,</strong></span> <span class='ocrx_word' id='word_1_128' title='bbox 1408 1404 1441 1464; x_wconf 84' lang='lat' dir='ltr'><strong>et</strong></span> <span class='ocrx_word' id='word_1_129' title='bbox 1472 1403 1616 1480; x_wconf 78' lang='lat' dir='ltr'><strong>ilenrico</strong></span> <span class='ocrx_word' id='word_1_130' title='bbox 1643 1407 1774 1482; x_wconf 71' lang='lat' dir='ltr'><strong>Argen-</strong></span> 
     </span>
     <span class='ocr_line' id='line_1_12' title="bbox 123 1493 1773 1578; baseline 0.007 -25"><span class='ocrx_word' id='word_1_131' title='bbox 123 1494 281 1565; x_wconf 83' lang='lat' dir='ltr'><strong>«natus,</strong></span> <span class='ocrx_word' id='word_1_132' title='bbox 309 1493 365 1554; x_wconf 86' lang='lat' dir='ltr'><strong>bic</strong></span> <span class='ocrx_word' id='word_1_133' title='bbox 395 1493 436 1555; x_wconf 91' lang='lat' dir='ltr'><strong>de</strong></span> <span class='ocrx_word' id='word_1_134' title='bbox 464 1494 577 1556; x_wconf 84' lang='lat' dir='ltr'><strong>radice</strong></span> <span class='ocrx_word' id='word_1_135' title='bbox 611 1495 720 1571; x_wconf 90' lang='lat' dir='ltr'><strong>reguli</strong></span> <span class='ocrx_word' id='word_1_136' title='bbox 748 1494 923 1558; x_wconf 80' lang='lat' dir='ltr'><strong>basiliscus</strong></span> <span class='ocrx_word' id='word_1_137' title='bbox 977 1495 1101 1558; x_wconf 82' lang='lat' dir='ltr'><strong>tinensi</strong></span> <span class='ocrx_word' id='word_1_138' title='bbox 1129 1497 1284 1575; x_wconf 89' lang='lat' dir='ltr'><strong>episcopo</strong></span> <span class='ocrx_word' id='word_1_139' title='bbox 1312 1497 1454 1575; x_wconf 84' lang='lat' dir='ltr'><strong>aliisque</strong></span> <span class='ocrx_word' id='word_1_140' title='bbox 1485 1500 1705 1578; x_wconf 88' lang='lat' dir='ltr'><strong>principibus,</strong></span> <span class='ocrx_word' id='word_1_141' title='bbox 1736 1503 1773 1566; x_wconf 90' lang='lat' dir='ltr'><strong>ut</strong></span> 
     </span>
     <span class='ocr_line' id='line_1_13' title="bbox 122 1590 1773 1673; baseline 0.007 -23"><span class='ocrx_word' id='word_1_142' title='bbox 122 1590 343 1662; x_wconf 78' lang='lat' dir='ltr'><strong>«secundus,</strong></span> <span class='ocrx_word' id='word_1_143' title='bbox 367 1591 475 1667; x_wconf 79' lang='lat' dir='ltr'><strong>major</strong></span> <span class='ocrx_word' id='word_1_144' title='bbox 505 1590 611 1652; x_wconf 86' lang='lat' dir='ltr'><strong>bostis</strong></span> <span class='ocrx_word' id='word_1_145' title='bbox 639 1590 796 1654; x_wconf 72' lang='lat' dir='ltr'><strong>Ecclesiae</strong></span> <span class='ocrx_word' id='word_1_146' title='bbox 825 1607 922 1669; x_wconf 85' lang='lat' dir='ltr'><strong>quam</strong></span> <span class='ocrx_word' id='word_1_147' title='bbox 977 1591 1012 1652; x_wconf 89' lang='lat' dir='ltr'><strong>in</strong></span> <span class='ocrx_word' id='word_1_148' title='bbox 1040 1593 1228 1656; x_wconf 86' lang='lat' dir='ltr'><strong>libertatern</strong></span> <span class='ocrx_word' id='word_1_149' title='bbox 1255 1591 1348 1657; x_wconf 86' lang='lat' dir='ltr'><strong>abire</strong></span> <span class='ocrx_word' id='word_1_150' title='bbox 1379 1596 1615 1673; x_wconf 73' lang='lat' dir='ltr'><strong>permitterent</strong></span> <span class='ocrx_word' id='word_1_151' title='bbox 1642 1599 1773 1662; x_wconf 82' lang='lat' dir='ltr'><strong>Fuisset</strong></span> 
     </span>
     <span class='ocr_line' id='line_1_14' title="bbox 122 1686 1772 1773; baseline 0.007 -27"><span class='ocrx_word' id='word_1_152' title='bbox 122 1704 143 1746; x_wconf 69' lang='lat' dir='ltr'><strong>a</strong></span> <span class='ocrx_word' id='word_1_153' title='bbox 165 1686 232 1758; x_wconf 87' lang='lat' dir='ltr'><strong>avi,</strong></span> <span class='ocrx_word' id='word_1_154' title='bbox 256 1686 314 1764; x_wconf 81' lang='lat' dir='ltr'><strong>qui</strong></span> <span class='ocrx_word' id='word_1_155' title='bbox 336 1686 440 1749; x_wconf 86' lang='lat' dir='ltr'><strong>multa</strong></span> <span class='ocrx_word' id='word_1_156' title='bbox 459 1686 516 1748; x_wconf 92' lang='lat' dir='ltr'><strong>diu</strong></span> <span class='ocrx_word' id='word_1_157' title='bbox 533 1687 612 1749; x_wconf 90' lang='lat' dir='ltr'><strong>fecit</strong></span> <span class='ocrx_word' id='word_1_158' title='bbox 634 1688 676 1750; x_wconf 87' lang='lat' dir='ltr'><strong>ad</strong></span> <span class='ocrx_word' id='word_1_159' title='bbox 700 1689 923 1751; x_wconf 84' lang='lat' dir='ltr'><strong>enervandam</strong></span> <span class='ocrx_word' id='word_1_160' title='bbox 977 1689 1088 1750; x_wconf 87' lang='lat' dir='ltr'><strong>autern</strong></span> <span class='ocrx_word' id='word_1_161' title='bbox 1102 1690 1271 1768; x_wconf 79' lang='lat' dir='ltr'><strong>negotium</strong></span> <span class='ocrx_word' id='word_1_162' title='bbox 1285 1690 1428 1756; x_wconf 82' lang='lat' dir='ltr'><strong>feliciter</strong></span> <span class='ocrx_word' id='word_1_163' title='bbox 1441 1692 1641 1764; x_wconf 87' lang='lat' dir='ltr'><strong>absolutum,</strong></span> <span class='ocrx_word' id='word_1_164' title='bbox 1656 1695 1772 1773; x_wconf 88' lang='lat' dir='ltr'><strong>siquae</strong></span> 
     </span>
     <span class='ocr_line' id='line_1_15' title="bbox 123 1783 1773 1868; baseline 0.007 -25"><span class='ocrx_word' id='word_1_165' title='bbox 123 1801 144 1843; x_wconf 87' lang='lat'>‹</span> <span class='ocrx_word' id='word_1_166' title='bbox 165 1783 323 1846; x_wconf 75' lang='lat' dir='ltr'><strong>Ecclesiae</strong></span> <span class='ocrx_word' id='word_1_167' title='bbox 339 1784 546 1860; x_wconf 87' lang='lat' dir='ltr'><strong>potestatem,</strong></span> <span class='ocrx_word' id='word_1_168' title='bbox 561 1785 619 1846; x_wconf 91' lang='lat' dir='ltr'><strong>sed</strong></span> <span class='ocrx_word' id='word_1_169' title='bbox 634 1785 771 1862; x_wconf 82' lang='lat' dir='ltr'><strong>impegit</strong></span> <span class='ocrx_word' id='word_1_170' title='bbox 785 1786 820 1847; x_wconf 92' lang='lat' dir='ltr'><strong>in</strong></span> <span class='ocrx_word' id='word_1_171' title='bbox 832 1786 922 1863; x_wconf 89' lang='lat' dir='ltr'><strong>lapi·</strong></span> <span class='ocrx_word' id='word_1_172' title='bbox 973 1785 1108 1864; x_wconf 74' lang='lat' dir='ltr'><strong>iuberet</strong></span> <span class='ocrx_word' id='word_1_173' title='bbox 1133 1787 1262 1864; x_wconf 88' lang='lat' dir='ltr'><strong>legatus</strong></span> <span class='ocrx_word' id='word_1_174' title='bbox 1292 1789 1500 1866; x_wconf 88' lang='lat' dir='ltr'><strong>Apostolicus</strong></span> <span class='ocrx_word' id='word_1_175' title='bbox 1532 1791 1654 1854; x_wconf 88' lang='lat' dir='ltr'><strong>Dacica</strong></span> <span class='ocrx_word' id='word_1_176' title='bbox 1688 1809 1773 1868; x_wconf 90' lang='lat' dir='ltr'><strong>gens</strong></span> 
     </span>
     <span class='ocr_line' id='line_1_16' title="bbox 124 1881 1774 1961; baseline 0.006 -20"><span class='ocrx_word' id='word_1_177' title='bbox 124 1897 144 1942; x_wconf 84' lang='grc'><strong>11</strong></span> <span class='ocrx_word' id='word_1_178' title='bbox 167 1881 242 1942; x_wconf 88' lang='lat' dir='ltr'><strong>dem</strong></span> <span class='ocrx_word' id='word_1_179' title='bbox 264 1895 364 1959; x_wconf 90' lang='lat' dir='ltr'><strong>super</strong></span> <span class='ocrx_word' id='word_1_180' title='bbox 392 1897 491 1959; x_wconf 87' lang='lat' dir='ltr'><strong>quam</strong></span> <span class='ocrx_word' id='word_1_181' title='bbox 514 1883 602 1944; x_wconf 89' lang='lat' dir='ltr'><strong>Deus</strong></span> <span class='ocrx_word' id='word_1_182' title='bbox 628 1881 781 1946; x_wconf 89' lang='lat' dir='ltr'><strong>fundavit</strong></span> <span class='ocrx_word' id='word_1_183' title='bbox 807 1883 924 1944; x_wconf 85' lang='lat' dir='ltr'><strong>Eccle-</strong></span> <span class='ocrx_word' id='word_1_184' title='bbox 978 1884 1189 1961; x_wconf 81' lang='lat' dir='ltr'><strong>suscepisset.</strong></span> <span class='ocrx_word' id='word_1_185' title='bbox 1205 1885 1421 1948; x_wconf 88' lang='lat' dir='ltr'><strong>Actumenim</strong></span> <span class='ocrx_word' id='word_1_186' title='bbox 1435 1887 1554 1961; x_wconf 88' lang='lat' dir='ltr'><strong>fuerat,</strong></span> <span class='ocrx_word' id='word_1_187' title='bbox 1571 1889 1774 1952; x_wconf 87' lang='lat' dir='ltr'><strong>assentiente</strong></span> 
     </span>
     <span class='ocr_line' id='line_1_17' title="bbox 124 1979 1775 2061; baseline 0.004 -20"><span class='ocrx_word' id='word_1_188' title='bbox 124 1979 268 2051; x_wconf 78' lang='lat' dir='ltr'><strong>«siam,</strong></span> <span class='ocrx_word' id='word_1_189' title='bbox 296 1980 392 2054; x_wconf 69' lang='lat' dir='ltr'><strong>crnjus</strong></span> <span class='ocrx_word' id='word_1_190' title='bbox 426 1979 555 2042; x_wconf 87' lang='lat' dir='ltr'><strong>tantum</strong></span> <span class='ocrx_word' id='word_1_191' title='bbox 583 1980 635 2042; x_wconf 87' lang='lat' dir='ltr'><strong>est</strong></span> <span class='ocrx_word' id='word_1_192' title='bbox 660 1979 764 2042; x_wconf 91' lang='lat' dir='ltr'><strong>robur</strong></span> <span class='ocrx_word' id='word_1_193' title='bbox 798 1979 835 2042; x_wconf 90' lang='lat' dir='ltr'><strong>ut</strong></span> <span class='ocrx_word' id='word_1_194' title='bbox 862 1995 923 2043; x_wconf 90' lang='lat' dir='ltr'><strong>nec</strong></span> <span class='ocrx_word' id='word_1_195' title='bbox 977 1997 1067 2058; x_wconf 89' lang='lat' dir='ltr'><strong>rege,</strong></span> <span class='ocrx_word' id='word_1_196' title='bbox 1084 1982 1120 2045; x_wconf 91' lang='lat' dir='ltr'><strong>ut</strong></span> <span class='ocrx_word' id='word_1_197' title='bbox 1134 1998 1207 2060; x_wconf 81' lang='lat' dir='ltr'><strong>qnae</strong></span> <span class='ocrx_word' id='word_1_198' title='bbox 1222 1981 1264 2045; x_wconf 90' lang='lat' dir='ltr'><strong>de</strong></span> <span class='ocrx_word' id='word_1_199' title='bbox 1279 1983 1420 2061; x_wconf 86' lang='lat' dir='ltr'><strong>imperio</strong></span> <span class='ocrx_word' id='word_1_200' title='bbox 1443 1984 1633 2061; x_wconf 87' lang='lat' dir='ltr'><strong>occuparat,</strong></span> <span class='ocrx_word' id='word_1_201' title='bbox 1652 1985 1775 2048; x_wconf 91' lang='lat' dir='ltr'><strong>redde·</strong></span> 
     </span>
     <span class='ocr_line' id='line_1_18' title="bbox 126 2073 1774 2159; baseline 0.006 -23"><span class='ocrx_word' id='word_1_202' title='bbox 126 2094 146 2136; x_wconf 74' lang='lat' dir='ltr'><strong>a</strong></span> <span class='ocrx_word' id='word_1_203' title='bbox 168 2076 272 2154; x_wconf 79' lang='lat' dir='ltr'><strong>porta</strong></span> <span class='ocrx_word' id='word_1_204' title='bbox 305 2074 405 2137; x_wconf 89' lang='lat' dir='ltr'><strong>inferi</strong></span> <span class='ocrx_word' id='word_1_205' title='bbox 425 2076 631 2153; x_wconf 82' lang='lat' dir='ltr'><strong>praevaleant</strong></span> <span class='ocrx_word' id='word_1_206' title='bbox 653 2076 814 2139; x_wconf 87' lang='lat' dir='ltr'><strong>adversus</strong></span> <span class='ocrx_word' id='word_1_207' title='bbox 836 2092 921 2139; x_wconf 89' lang='lat' dir='ltr'><strong>eam.</strong></span> <span class='ocrx_word' id='word_1_208' title='bbox 979 2079 1040 2152; x_wconf 85' lang='lat' dir='ltr'><strong>ret,</strong></span> <span class='ocrx_word' id='word_1_209' title='bbox 1056 2093 1096 2141; x_wconf 85' lang='lat' dir='ltr'><strong>ac</strong></span> <span class='ocrx_word' id='word_1_210' title='bbox 1119 2079 1275 2158; x_wconf 89' lang='lat' dir='ltr'><strong>deinceps</strong></span> <span class='ocrx_word' id='word_1_211' title='bbox 1290 2081 1387 2157; x_wconf 91' lang='lat' dir='ltr'><strong>regni</strong></span> <span class='ocrx_word' id='word_1_212' title='bbox 1402 2073 1526 2144; x_wconf 87' lang='lat' dir='ltr'><strong>corona</strong></span> <span class='ocrx_word' id='word_1_213' title='bbox 1540 2081 1581 2143; x_wconf 94' lang='lat' dir='ltr'><strong>de</strong></span> <span class='ocrx_word' id='word_1_214' title='bbox 1597 2082 1774 2159; x_wconf 86' lang='lat' dir='ltr'><strong>imperato·</strong></span> 
     </span>
     <span class='ocr_line' id='line_1_19' title="bbox 124 2173 1774 2255; baseline 0.006 -23"><span class='ocrx_word' id='word_1_215' title='bbox 124 2189 144 2232; x_wconf 81' lang='lat'><strong>‹</strong></span> <span class='ocrx_word' id='word_1_216' title='bbox 166 2173 407 2245; x_wconf 84' lang='lat' dir='ltr'><strong>Quantominns</strong></span> <span class='ocrx_word' id='word_1_217' title='bbox 429 2173 580 2236; x_wconf 86' lang='lat' dir='ltr'><strong>mortalis</strong></span> <span class='ocrx_word' id='word_1_218' title='bbox 601 2173 711 2247; x_wconf 86' lang='lat' dir='ltr'><strong>bomo,</strong></span> <span class='ocrx_word' id='word_1_219' title='bbox 733 2189 794 2236; x_wconf 88' lang='lat' dir='ltr'><strong>vas</strong></span> <span class='ocrx_word' id='word_1_220' title='bbox 807 2175 923 2252; x_wconf 89' lang='lat' dir='ltr'><strong>putre-</strong></span> <span class='ocrx_word' id='word_1_221' title='bbox 977 2176 1141 2238; x_wconf 85' lang='lat' dir='ltr'><strong>riemann</strong></span> <span class='ocrx_word' id='word_1_222' title='bbox 1164 2177 1358 2254; x_wconf 86' lang='lat' dir='ltr'><strong>susciperet.</strong></span> <span class='ocrx_word' id='word_1_223' title='bbox 1380 2178 1501 2240; x_wconf 89' lang='lat' dir='ltr'><strong>Dacica</strong></span> <span class='ocrx_word' id='word_1_224' title='bbox 1520 2194 1602 2255; x_wconf 90' lang='lat' dir='ltr'><strong>gens</strong></span> <span class='ocrx_word' id='word_1_225' title='bbox 1616 2179 1774 2242; x_wconf 89' lang='lat' dir='ltr'><strong>assentiri</strong></span> 
     </span>
     <span class='ocr_line' id='line_1_20' title="bbox 124 2269 1775 2354; baseline 0.004 -21"><span class='ocrx_word' id='word_1_226' title='bbox 124 2288 144 2333; x_wconf 85' lang='grc'><strong>11</strong></span> <span class='ocrx_word' id='word_1_227' title='bbox 167 2269 267 2343; x_wconf 88' lang='lat' dir='ltr'><strong>dinis,</strong></span> <span class='ocrx_word' id='word_1_228' title='bbox 283 2269 410 2332; x_wconf 89' lang='lat' dir='ltr'><strong>concha</strong></span> <span class='ocrx_word' id='word_1_229' title='bbox 423 2270 646 2348; x_wconf 78' lang='lat' dir='ltr'><strong>sterquilinii!</strong></span> <span class='ocrx_word' id='word_1_230' title='bbox 659 2287 678 2333; x_wconf 71' lang='lat' dir='ltr'><strong>s</strong></span> <span class='ocrx_word' id='word_1_231' title='bbox 691 2273 771 2334; x_wconf 83' lang='lat' dir='ltr'><strong>Haeo</strong></span> <span class='ocrx_word' id='word_1_232' title='bbox 782 2273 920 2336; x_wconf 77' lang='grc'>11111111.</span> <span class='ocrx_word' id='word_1_233' title='bbox 978 2273 1184 2346; x_wconf 83' lang='lat' dir='ltr'><strong>detrectavit,</strong></span> <span class='ocrx_word' id='word_1_234' title='bbox 1201 2277 1299 2352; x_wconf 87' lang='lat' dir='ltr'><strong>atque</strong></span> <span class='ocrx_word' id='word_1_235' title='bbox 1319 2275 1366 2336; x_wconf 89' lang='lat' dir='ltr'><strong>ita</strong></span> <span class='ocrx_word' id='word_1_236' title='bbox 1381 2275 1514 2338; x_wconf 91' lang='lat' dir='ltr'><strong>irritum</strong></span> <span class='ocrx_word' id='word_1_237' title='bbox 1528 2276 1696 2354; x_wconf 90' lang='lat' dir='ltr'><strong>negotium</strong></span> <span class='ocrx_word' id='word_1_238' title='bbox 1711 2276 1775 2339; x_wconf 85' lang='grc'>11111</span> 
     </span>
     <span class='ocr_line' id='line_1_21' title="bbox 123 2367 1503 2454; baseline 0.001 -22"><span class='ocrx_word' id='word_1_239' title='bbox 123 2368 275 2443; x_wconf 74' lang='lat' dir='ltr'><strong>metrop.</strong></span> <span class='ocrx_word' id='word_1_240' title='bbox 291 2367 349 2428; x_wconf 91' lang='lat' dir='ltr'><strong>lib.</strong></span> <span class='ocrx_word' id='word_1_241' title='bbox 365 2370 396 2440; x_wconf 83' lang='lat'><strong>7,</strong></span> <span class='ocrx_word' id='word_1_242' title='bbox 412 2383 485 2444; x_wconf 90' lang='lat' dir='ltr'><strong>cap.</strong></span> <span class='ocrx_word' id='word_1_243' title='bbox 498 2369 530 2430; x_wconf 88' lang='lat'><strong>8.</strong></span> <span class='ocrx_word' id='word_1_244' title='bbox 979 2369 1152 2448; x_wconf 86' lang='lat' dir='ltr'><strong>(Trithem.</strong></span> <span class='ocrx_word' id='word_1_245' title='bbox 1166 2375 1290 2434; x_wconf 74' lang='lat' dir='ltr'><strong>Cicron.</strong></span> <span class='ocrx_word' id='word_1_246' title='bbox 1306 2370 1503 2454; x_wconf 61' lang='grc'>11111000).</span> 
     </span>
    </p>

    <p class='ocr_par' dir='ltr' id='par_1_6' title="bbox 123 2463 1779 4197">
     <span class='ocr_line' id='line_1_22' title="bbox 165 2463 1775 2556; baseline 0.004 -30"><span class='ocrx_word' id='word_1_247' title='bbox 165 2464 357 2527; x_wconf 74' lang='grc'>1111611006</span> <span class='ocrx_word' id='word_1_248' title='bbox 369 2465 481 2542; x_wconf 86' lang='lat' dir='ltr'><strong>itaque</strong></span> <span class='ocrx_word' id='word_1_249' title='bbox 495 2463 560 2527; x_wconf 89' lang='lat' dir='ltr'><strong>sibi</strong></span> <span class='ocrx_word' id='word_1_250' title='bbox 574 2464 713 2540; x_wconf 90' lang='lat' dir='ltr'><strong>veritus,</strong></span> <span class='ocrx_word' id='word_1_251' title='bbox 731 2464 925 2556; x_wconf 72' lang='grc'>1111100110-</span> <span class='ocrx_word' id='word_1_252' title='bbox 1019 2468 1083 2530; x_wconf 85' lang='lat' dir='ltr'><strong>Sed</strong></span> <span class='ocrx_word' id='word_1_253' title='bbox 1097 2468 1139 2530; x_wconf 91' lang='lat' dir='ltr'><strong>de</strong></span> <span class='ocrx_word' id='word_1_254' title='bbox 1158 2467 1257 2530; x_wconf 87' lang='lat' dir='ltr'><strong>rebus</strong></span> <span class='ocrx_word' id='word_1_255' title='bbox 1272 2469 1433 2531; x_wconf 85' lang='lat' dir='ltr'><strong>Friderici</strong></span> <span class='ocrx_word' id='word_1_256' title='bbox 1453 2468 1624 2532; x_wconf 89' lang='lat' dir='ltr'><strong>hactenus.</strong></span> <span class='ocrx_word' id='word_1_257' title='bbox 1640 2471 1710 2532; x_wconf 91' lang='lat' dir='ltr'><strong>Nec</strong></span> <span class='ocrx_word' id='word_1_258' title='bbox 1724 2469 1775 2532; x_wconf 90' lang='lat' dir='ltr'><strong>est</strong></span> 
     </span>
     <span class='ocr_line' id='line_1_23' title="bbox 123 2561 1774 2641; baseline 0.002 -17"><span class='ocrx_word' id='word_1_259' title='bbox 123 2562 226 2626; x_wconf 87' lang='lat' dir='ltr'><strong>licam</strong></span> <span class='ocrx_word' id='word_1_260' title='bbox 246 2562 364 2624; x_wconf 85' lang='lat' dir='ltr'><strong>sedem</strong></span> <span class='ocrx_word' id='word_1_261' title='bbox 395 2562 459 2624; x_wconf 88' lang='lat' dir='ltr'><strong>sibi</strong></span> <span class='ocrx_word' id='word_1_262' title='bbox 486 2561 640 2624; x_wconf 90' lang='lat' dir='ltr'><strong>redderet</strong></span> <span class='ocrx_word' id='word_1_263' title='bbox 659 2562 837 2634; x_wconf 90' lang='lat' dir='ltr'><strong>mitiorem,</strong></span> <span class='ocrx_word' id='word_1_264' title='bbox 863 2577 924 2625; x_wconf 91' lang='lat' dir='ltr'><strong>nec</strong></span> <span class='ocrx_word' id='word_1_265' title='bbox 978 2564 1126 2626; x_wconf 88' lang='lat' dir='ltr'><strong>hocloco</strong></span> <span class='ocrx_word' id='word_1_266' title='bbox 1148 2566 1462 2641; x_wconf 85' lang='lat' dir='ltr'><strong>praetermittendum</strong></span> <span class='ocrx_word' id='word_1_267' title='bbox 1482 2567 1774 2630; x_wconf 86' lang='lat' dir='ltr'><strong>Honoriumcom-</strong></span> 
     </span>
     <span class='ocr_line' id='line_1_24' title="bbox 124 2659 1774 2742; baseline 0.001 -20"><span class='ocrx_word' id='word_1_268' title='bbox 124 2663 194 2722; x_wconf 86' lang='lat' dir='ltr'><strong>Deo</strong></span> <span class='ocrx_word' id='word_1_269' title='bbox 210 2659 308 2720; x_wconf 87' lang='lat' dir='ltr'><strong>fidem</strong></span> <span class='ocrx_word' id='word_1_270' title='bbox 326 2659 444 2722; x_wconf 89' lang='lat' dir='ltr'><strong>fallere</strong></span> <span class='ocrx_word' id='word_1_271' title='bbox 464 2659 643 2732; x_wconf 90' lang='lat' dir='ltr'><strong>videretur,</strong></span> <span class='ocrx_word' id='word_1_272' title='bbox 660 2660 845 2738; x_wconf 86' lang='lat' dir='ltr'><strong>praesetulit</strong></span> <span class='ocrx_word' id='word_1_273' title='bbox 859 2659 926 2721; x_wconf 90' lang='lat' dir='ltr'><strong>ali·</strong></span> <span class='ocrx_word' id='word_1_274' title='bbox 978 2660 1137 2738; x_wconf 91' lang='lat' dir='ltr'><strong>probasse</strong></span> <span class='ocrx_word' id='word_1_275' title='bbox 1159 2661 1402 2725; x_wconf 88' lang='lat' dir='ltr'><strong>absolutionem</strong></span> <span class='ocrx_word' id='word_1_276' title='bbox 1427 2678 1448 2726; x_wconf 85' lang='lat' dir='ltr'><strong>a</strong></span> <span class='ocrx_word' id='word_1_277' title='bbox 1478 2663 1641 2736; x_wconf 88' lang='lat' dir='ltr'><strong>censuris,</strong></span> <span class='ocrx_word' id='word_1_278' title='bbox 1675 2679 1774 2742; x_wconf 85' lang='lat' dir='ltr'><strong>quam</strong></span> 
     </span>
     <span class='ocr_line' id='line_1_25' title="bbox 127 2755 1773 2836; baseline 0.002 -18"><span class='ocrx_word' id='word_1_279' title='bbox 127 2756 261 2835; x_wconf 88' lang='lat' dir='ltr'><strong>quando</strong></span> <span class='ocrx_word' id='word_1_280' title='bbox 271 2757 427 2820; x_wconf 80' lang='lat' dir='ltr'><strong>Asiaticis</strong></span> <span class='ocrx_word' id='word_1_281' title='bbox 437 2755 536 2819; x_wconf 89' lang='lat' dir='ltr'><strong>rebus</strong></span> <span class='ocrx_word' id='word_1_282' title='bbox 551 2757 720 2834; x_wconf 89' lang='lat' dir='ltr'><strong>suppetias</strong></span> <span class='ocrx_word' id='word_1_283' title='bbox 731 2757 921 2828; x_wconf 87' lang='lat' dir='ltr'><strong>allaturum,</strong></span> <span class='ocrx_word' id='word_1_284' title='bbox 980 2758 1122 2820; x_wconf 87' lang='lat' dir='ltr'><strong>Sifridus</strong></span> <span class='ocrx_word' id='word_1_285' title='bbox 1151 2759 1409 2822; x_wconf 86' lang='lat' dir='ltr'><strong>Hildesemeusis</strong></span> <span class='ocrx_word' id='word_1_286' title='bbox 1437 2761 1549 2822; x_wconf 91' lang='lat' dir='ltr'><strong>Ottoni</strong></span> <span class='ocrx_word' id='word_1_287' title='bbox 1578 2761 1773 2836; x_wconf 88' lang='lat' dir='ltr'><strong>imperatori</strong></span> 
     </span>
     <span class='ocr_line' id='line_1_26' title="bbox 128 2853 1775 2933; baseline 0.003 -19"><span class='ocrx_word' id='word_1_288' title='bbox 128 2870 212 2932; x_wconf 86' lang='lat' dir='ltr'><strong>quas</strong></span> <span class='ocrx_word' id='word_1_289' title='bbox 227 2869 309 2930; x_wconf 89' lang='lat' dir='ltr'><strong>gens</strong></span> <span class='ocrx_word' id='word_1_290' title='bbox 323 2853 372 2916; x_wconf 91' lang='lat' dir='ltr'><strong>ibi</strong></span> <span class='ocrx_word' id='word_1_291' title='bbox 392 2869 413 2915; x_wconf 88' lang='lat' dir='ltr'><strong>a</strong></span> <span class='ocrx_word' id='word_1_292' title='bbox 435 2854 611 2916; x_wconf 84' lang='lat' dir='ltr'><strong>Saracenis</strong></span> <span class='ocrx_word' id='word_1_293' title='bbox 630 2853 790 2916; x_wconf 82' lang='lat' dir='ltr'><strong>afflictata</strong></span> <span class='ocrx_word' id='word_1_294' title='bbox 805 2853 925 2931; x_wconf 88' lang='lat' dir='ltr'><strong>depos-</strong></span> <span class='ocrx_word' id='word_1_295' title='bbox 979 2856 1163 2918; x_wconf 88' lang='lat' dir='ltr'><strong>extremum</strong></span> <span class='ocrx_word' id='word_1_296' title='bbox 1178 2856 1331 2933; x_wconf 89' lang='lat' dir='ltr'><strong>spiritum</strong></span> <span class='ocrx_word' id='word_1_297' title='bbox 1350 2857 1463 2932; x_wconf 88' lang='lat' dir='ltr'><strong>agenti</strong></span> <span class='ocrx_word' id='word_1_298' title='bbox 1484 2857 1680 2919; x_wconf 89' lang='lat' dir='ltr'><strong>contulerat.</strong></span> <span class='ocrx_word' id='word_1_299' title='bbox 1696 2860 1775 2920; x_wconf 89' lang='lat' dir='ltr'><strong>Poe·</strong></span> 
     </span>
     <span class='ocr_line' id='line_1_27' title="bbox 127 2950 1774 3030; baseline 0.001 -16"><span class='ocrx_word' id='word_1_300' title='bbox 127 2951 225 3014; x_wconf 86' lang='lat' dir='ltr'><strong>cebet</strong></span> <span class='ocrx_word' id='word_1_301' title='bbox 266 2950 299 3013; x_wconf 89' lang='lat' dir='ltr'><strong>et</strong></span> <span class='ocrx_word' id='word_1_302' title='bbox 337 2950 600 3028; x_wconf 84' lang='lat' dir='ltr'><strong>praestolabatur,</strong></span> <span class='ocrx_word' id='word_1_303' title='bbox 638 2951 804 3029; x_wconf 86' lang='lat' dir='ltr'><strong>praecipue</strong></span> <span class='ocrx_word' id='word_1_304' title='bbox 844 2966 923 3012; x_wconf 89' lang='lat' dir='ltr'><strong>vero</strong></span> <span class='ocrx_word' id='word_1_305' title='bbox 978 2953 1119 3015; x_wconf 89' lang='lat' dir='ltr'><strong>nitentia</strong></span> <span class='ocrx_word' id='word_1_306' title='bbox 1141 2954 1230 3014; x_wconf 89' lang='lat' dir='ltr'><strong>enim</strong></span> <span class='ocrx_word' id='word_1_307' title='bbox 1250 2953 1310 3014; x_wconf 90' lang='lat' dir='ltr'><strong>illa</strong></span> <span class='ocrx_word' id='word_1_308' title='bbox 1333 2954 1462 3016; x_wconf 87' lang='lat' dir='ltr'><strong>ottonis</strong></span> <span class='ocrx_word' id='word_1_309' title='bbox 1483 2953 1593 3016; x_wconf 90' lang='lat' dir='ltr'><strong>fuerat</strong></span> <span class='ocrx_word' id='word_1_310' title='bbox 1620 2954 1774 3030; x_wconf 87' lang='lat' dir='ltr'><strong>insignis,</strong></span> 
     </span>
     <span class='ocr_line' id='line_1_28' title="bbox 125 3048 1776 3128; baseline 0.001 -17"><span class='ocrx_word' id='word_1_311' title='bbox 125 3053 275 3112; x_wconf 83' lang='lat' dir='ltr'><strong>loannes</strong></span> <span class='ocrx_word' id='word_1_312' title='bbox 289 3048 610 3125; x_wconf 83' lang='lat' dir='ltr'><strong>Hierosolymitanus</strong></span> <span class='ocrx_word' id='word_1_313' title='bbox 631 3063 737 3110; x_wconf 89' lang='lat' dir='ltr'><strong>socer.</strong></span> <span class='ocrx_word' id='word_1_314' title='bbox 758 3049 926 3111; x_wconf 88' lang='lat' dir='ltr'><strong>Praemisit</strong></span> <span class='ocrx_word' id='word_1_315' title='bbox 979 3050 1110 3128; x_wconf 85' lang='lat' dir='ltr'><strong>quando</strong></span> <span class='ocrx_word' id='word_1_316' title='bbox 1123 3050 1256 3127; x_wconf 84' lang='lat' dir='ltr'><strong>quidem</strong></span> <span class='ocrx_word' id='word_1_317' title='bbox 1265 3050 1415 3128; x_wconf 88' lang='lat' dir='ltr'><strong>jusserat</strong></span> <span class='ocrx_word' id='word_1_318' title='bbox 1426 3050 1491 3112; x_wconf 88' lang='lat' dir='ltr'><strong>sibi</strong></span> <span class='ocrx_word' id='word_1_319' title='bbox 1501 3051 1624 3112; x_wconf 90' lang='lat' dir='ltr'><strong>collum</strong></span> <span class='ocrx_word' id='word_1_320' title='bbox 1636 3051 1776 3128; x_wconf 86' lang='lat' dir='ltr'><strong>pedibus</strong></span> 
     </span>
     <span class='ocr_line' id='line_1_29' title="bbox 126 3145 1776 3224; baseline 0.001 -16"><span class='ocrx_word' id='word_1_321' title='bbox 126 3147 231 3224; x_wconf 91' lang='lat' dir='ltr'><strong>igitur</strong></span> <span class='ocrx_word' id='word_1_322' title='bbox 254 3147 290 3207; x_wconf 93' lang='lat' dir='ltr'><strong>in</strong></span> <span class='ocrx_word' id='word_1_323' title='bbox 310 3145 423 3208; x_wconf 86' lang='lat' dir='ltr'><strong>Asiam</strong></span> <span class='ocrx_word' id='word_1_324' title='bbox 445 3148 682 3208; x_wconf 83' lang='lat' dir='ltr'><strong>Treverensem</strong></span> <span class='ocrx_word' id='word_1_325' title='bbox 705 3146 739 3208; x_wconf 91' lang='lat' dir='ltr'><strong>et</strong></span> <span class='ocrx_word' id='word_1_326' title='bbox 757 3147 924 3208; x_wconf 90' lang='lat' dir='ltr'><strong>Mediola-</strong></span> <span class='ocrx_word' id='word_1_327' title='bbox 980 3147 1176 3209; x_wconf 87' lang='lat' dir='ltr'><strong>conculcare</strong></span> <span class='ocrx_word' id='word_1_328' title='bbox 1200 3163 1322 3224; x_wconf 86' lang='lat' dir='ltr'><strong>coquos</strong></span> <span class='ocrx_word' id='word_1_329' title='bbox 1348 3163 1426 3208; x_wconf 87' lang='lat' dir='ltr'><strong>suos</strong></span> <span class='ocrx_word' id='word_1_330' title='bbox 1452 3145 1493 3209; x_wconf 89' lang='lat' dir='ltr'><strong>ob</strong></span> <span class='ocrx_word' id='word_1_331' title='bbox 1520 3147 1679 3210; x_wconf 88' lang='lat' dir='ltr'><strong>violatam</strong></span> <span class='ocrx_word' id='word_1_332' title='bbox 1705 3163 1776 3210; x_wconf 89' lang='lat' dir='ltr'><strong>rem</strong></span> 
     </span>
     <span class='ocr_line' id='line_1_30' title="bbox 127 3229 1775 3323; baseline 0.001 -18"><span class='ocrx_word' id='word_1_333' title='bbox 127 3259 266 3305; x_wconf 90' lang='lat' dir='ltr'><strong>nensem</strong></span> <span class='ocrx_word' id='word_1_334' title='bbox 279 3242 557 3321; x_wconf 87' lang='lat' dir='ltr'><strong>archiepiscopos,</strong></span> <span class='ocrx_word' id='word_1_335' title='bbox 567 3235 785 3307; x_wconf 80' lang='lat' dir='ltr'><strong>Ferentinum</strong></span> <span class='ocrx_word' id='word_1_336' title='bbox 795 3245 828 3306; x_wconf 88' lang='lat' dir='ltr'><strong>et</strong></span> <span class='ocrx_word' id='word_1_337' title='bbox 840 3244 925 3306; x_wconf 86' lang='lat' dir='ltr'><strong>Rbe-</strong></span> <span class='ocrx_word' id='word_1_338' title='bbox 980 3243 1247 3306; x_wconf 77' lang='lat' dir='ltr'><strong>Ecclesiasticam</strong></span> <span class='ocrx_word' id='word_1_339' title='bbox 1272 3244 1422 3323; x_wconf 89' lang='lat' dir='ltr'><strong>(Krantz.</strong></span> <span class='ocrx_word' id='word_1_340' title='bbox 1437 3248 1568 3307; x_wconf 71' lang='lat' dir='ltr'><strong>Samon.</strong></span> <span class='ocrx_word' id='word_1_341' title='bbox 1582 3243 1640 3306; x_wconf 90' lang='lat' dir='ltr'><strong>lib.</strong></span> <span class='ocrx_word' id='word_1_342' title='bbox 1655 3248 1687 3314; x_wconf 83' lang='lat'><strong>7,</strong></span> <span class='ocrx_word' id='word_1_343' title='bbox 1702 3229 1775 3322; x_wconf 72' lang='lat' dir='ltr'><strong>cap.</strong></span> 
     </span>
     <span class='ocr_line' id='line_1_31' title="bbox 126 3339 1777 3420; baseline 0.001 -18"><span class='ocrx_word' id='word_1_344' title='bbox 126 3341 269 3418; x_wconf 90' lang='lat' dir='ltr'><strong>ghinum</strong></span> <span class='ocrx_word' id='word_1_345' title='bbox 292 3341 475 3418; x_wconf 90' lang='lat' dir='ltr'><strong>episcopos,</strong></span> <span class='ocrx_word' id='word_1_346' title='bbox 499 3343 571 3418; x_wconf 90' lang='lat' dir='ltr'><strong>ejus</strong></span> <span class='ocrx_word' id='word_1_347' title='bbox 592 3341 720 3404; x_wconf 88' lang='lat' dir='ltr'><strong>litteras</strong></span> <span class='ocrx_word' id='word_1_348' title='bbox 739 3340 925 3404; x_wconf 86' lang='lat' dir='ltr'><strong>deierantes</strong></span> <span class='ocrx_word' id='word_1_349' title='bbox 979 3339 1046 3420; x_wconf 80' lang='lat'><strong>37).</strong></span> <span class='ocrx_word' id='word_1_350' title='bbox 1069 3342 1166 3402; x_wconf 89' lang='lat' dir='ltr'><strong>Nunc</strong></span> <span class='ocrx_word' id='word_1_351' title='bbox 1190 3341 1231 3402; x_wconf 89' lang='lat' dir='ltr'><strong>ad</strong></span> <span class='ocrx_word' id='word_1_352' title='bbox 1259 3341 1388 3419; x_wconf 85' lang='lat' dir='ltr'><strong>reliqua</strong></span> <span class='ocrx_word' id='word_1_353' title='bbox 1415 3341 1451 3402; x_wconf 90' lang='lat' dir='ltr'><strong>in</strong></span> <span class='ocrx_word' id='word_1_354' title='bbox 1478 3340 1611 3404; x_wconf 88' lang='lat' dir='ltr'><strong>Oriente</strong></span> <span class='ocrx_word' id='word_1_355' title='bbox 1636 3341 1777 3404; x_wconf 87' lang='lat' dir='ltr'><strong>Honorii</strong></span> 
     </span>
     <span class='ocr_line' id='line_1_32' title="bbox 127 3436 1084 3516; baseline -0.002 -16"><span class='ocrx_word' id='word_1_356' title='bbox 127 3437 354 3500; x_wconf 85' lang='lat' dir='ltr'><strong>aureisbullis</strong></span> <span class='ocrx_word' id='word_1_357' title='bbox 375 3436 578 3514; x_wconf 86' lang='lat' dir='ltr'><strong>obsignatas,</strong></span> <span class='ocrx_word' id='word_1_358' title='bbox 604 3439 927 3516; x_wconf 84' lang='lat' dir='ltr'><strong>quibusccmmone-</strong></span> <span class='ocrx_word' id='word_1_359' title='bbox 980 3439 1084 3514; x_wconf 89' lang='lat' dir='ltr'><strong>gesta.</strong></span> 
     </span>
     <span class='ocr_line' id='line_1_33' title="bbox 126 3533 1778 3614; baseline -0.002 -16"><span class='ocrx_word' id='word_1_360' title='bbox 126 3536 185 3598; x_wconf 88' lang='lat' dir='ltr'><strong>bat</strong></span> <span class='ocrx_word' id='word_1_361' title='bbox 199 3551 237 3598; x_wconf 87' lang='lat' dir='ltr'><strong>se</strong></span> <span class='ocrx_word' id='word_1_362' title='bbox 250 3550 380 3613; x_wconf 87' lang='lat' dir='ltr'><strong>quoque</strong></span> <span class='ocrx_word' id='word_1_363' title='bbox 403 3535 497 3596; x_wconf 91' lang='lat' dir='ltr'><strong>brevi</strong></span> <span class='ocrx_word' id='word_1_364' title='bbox 512 3535 714 3598; x_wconf 89' lang='lat' dir='ltr'><strong>adfuturum.</strong></span> <span class='ocrx_word' id='word_1_365' title='bbox 730 3536 776 3598; x_wconf 92' lang='lat' dir='ltr'><strong>lis</strong></span> <span class='ocrx_word' id='word_1_366' title='bbox 794 3536 927 3614; x_wconf 89' lang='lat' dir='ltr'><strong>pollici·</strong></span> <span class='ocrx_word' id='word_1_367' title='bbox 1021 3534 1166 3596; x_wconf 89' lang='lat' dir='ltr'><strong>Orientis</strong></span> <span class='ocrx_word' id='word_1_368' title='bbox 1179 3533 1347 3606; x_wconf 74' lang='lat' dir='ltr'><strong>Ecclesiae,</strong></span> <span class='ocrx_word' id='word_1_369' title='bbox 1370 3534 1462 3596; x_wconf 83' lang='lat' dir='ltr'><strong>nulla</strong></span> <span class='ocrx_word' id='word_1_370' title='bbox 1486 3549 1624 3609; x_wconf 89' lang='lat' dir='ltr'><strong>prorsus</strong></span> <span class='ocrx_word' id='word_1_371' title='bbox 1645 3533 1778 3610; x_wconf 87' lang='lat' dir='ltr'><strong>discep-</strong></span> 
     </span>
     <span class='ocr_line' id='line_1_34' title="bbox 127 3631 1777 3711; baseline -0.001 -17"><span class='ocrx_word' id='word_1_372' title='bbox 127 3631 312 3695; x_wconf 85' lang='lat' dir='ltr'><strong>tationibus</strong></span> <span class='ocrx_word' id='word_1_373' title='bbox 335 3633 443 3708; x_wconf 87' lang='lat' dir='ltr'><strong>major</strong></span> <span class='ocrx_word' id='word_1_374' title='bbox 465 3631 548 3694; x_wconf 85' lang='lat' dir='ltr'><strong>tides</strong></span> <span class='ocrx_word' id='word_1_375' title='bbox 574 3631 723 3694; x_wconf 87' lang='lat' dir='ltr'><strong>adbibita</strong></span> <span class='ocrx_word' id='word_1_376' title='bbox 748 3633 809 3704; x_wconf 87' lang='lat' dir='ltr'><strong>est,</strong></span> <span class='ocrx_word' id='word_1_377' title='bbox 839 3633 926 3711; x_wconf 81' lang='lat' dir='ltr'><strong>quod</strong></span> <span class='ocrx_word' id='word_1_378' title='bbox 981 3631 1108 3693; x_wconf 88' lang='lat' dir='ltr'><strong>tatione</strong></span> <span class='ocrx_word' id='word_1_379' title='bbox 1150 3631 1361 3707; x_wconf 87' lang='lat' dir='ltr'><strong>interposita,</strong></span> <span class='ocrx_word' id='word_1_380' title='bbox 1413 3633 1571 3693; x_wconf 89' lang='lat' dir='ltr'><strong>Romanae</strong></span> <span class='ocrx_word' id='word_1_381' title='bbox 1620 3631 1777 3693; x_wconf 81' lang='lat' dir='ltr'><strong>Ecclesiae</strong></span> 
     </span>
     <span class='ocr_line' id='line_1_35' title="bbox 128 3727 1779 3807; baseline -0.001 -15"><span class='ocrx_word' id='word_1_382' title='bbox 128 3745 219 3802; x_wconf 83' lang='lat' dir='ltr'><strong>mox,</strong></span> <span class='ocrx_word' id='word_1_383' title='bbox 243 3730 318 3807; x_wconf 88' lang='lat' dir='ltr'><strong>post</strong></span> <span class='ocrx_word' id='word_1_384' title='bbox 333 3729 395 3792; x_wconf 89' lang='lat' dir='ltr'><strong>hos</strong></span> <span class='ocrx_word' id='word_1_385' title='bbox 413 3729 564 3800; x_wconf 90' lang='lat' dir='ltr'><strong>nuncios,</strong></span> <span class='ocrx_word' id='word_1_386' title='bbox 590 3728 776 3791; x_wconf 83' lang='lat' dir='ltr'><strong>Brixiensis</strong></span> <span class='ocrx_word' id='word_1_387' title='bbox 791 3730 926 3806; x_wconf 89' lang='lat' dir='ltr'><strong>episco-</strong></span> <span class='ocrx_word' id='word_1_388' title='bbox 981 3727 1160 3805; x_wconf 90' lang='lat' dir='ltr'><strong>primatum</strong></span> <span class='ocrx_word' id='word_1_389' title='bbox 1172 3743 1349 3804; x_wconf 87' lang='lat' dir='ltr'><strong>agnovere.</strong></span> <span class='ocrx_word' id='word_1_390' title='bbox 1363 3728 1449 3790; x_wconf 91' lang='lat' dir='ltr'><strong>Nam</strong></span> <span class='ocrx_word' id='word_1_391' title='bbox 1463 3728 1572 3805; x_wconf 83' lang='lat' dir='ltr'><strong>quoad</strong></span> <span class='ocrx_word' id='word_1_392' title='bbox 1584 3728 1779 3791; x_wconf 83' lang='lat' dir='ltr'><strong>Constanti·-</strong></span> 
     </span>
     <span class='ocr_line' id='line_1_36' title="bbox 128 3825 1776 3906; baseline -0.001 -18"><span class='ocrx_word' id='word_1_393' title='bbox 128 3844 193 3906; x_wconf 89' lang='lat' dir='ltr'><strong>pus</strong></span> <span class='ocrx_word' id='word_1_394' title='bbox 205 3828 240 3888; x_wconf 89' lang='lat' dir='ltr'><strong>et</strong></span> <span class='ocrx_word' id='word_1_395' title='bbox 253 3827 324 3905; x_wconf 87' lang='lat' dir='ltr'><strong>ipse</strong></span> <span class='ocrx_word' id='word_1_396' title='bbox 338 3841 378 3888; x_wconf 93' lang='lat' dir='ltr'><strong>eo</strong></span> <span class='ocrx_word' id='word_1_397' title='bbox 393 3825 560 3904; x_wconf 87' lang='lat' dir='ltr'><strong>profectus</strong></span> <span class='ocrx_word' id='word_1_398' title='bbox 580 3828 720 3889; x_wconf 83' lang='lat' dir='ltr'><strong>osteum</strong></span> <span class='ocrx_word' id='word_1_399' title='bbox 736 3827 926 3902; x_wconf 89' lang='lat' dir='ltr'><strong>ingentibus</strong></span> <span class='ocrx_word' id='word_1_400' title='bbox 981 3825 1190 3901; x_wconf 89' lang='lat' dir='ltr'><strong>nopolitanos</strong></span> <span class='ocrx_word' id='word_1_401' title='bbox 1205 3825 1342 3902; x_wconf 87' lang='lat' dir='ltr'><strong>spectat,</strong></span> <span class='ocrx_word' id='word_1_402' title='bbox 1359 3826 1394 3886; x_wconf 90' lang='lat' dir='ltr'><strong>in</strong></span> <span class='ocrx_word' id='word_1_403' title='bbox 1407 3825 1566 3901; x_wconf 86' lang='lat' dir='ltr'><strong>gravibus</strong></span> <span class='ocrx_word' id='word_1_404' title='bbox 1580 3825 1665 3887; x_wconf 88' lang='lat' dir='ltr'><strong>nibil</strong></span> <span class='ocrx_word' id='word_1_405' title='bbox 1681 3841 1776 3888; x_wconf 89' lang='lat' dir='ltr'><strong>cons·</strong></span> 
     </span>
     <span class='ocr_line' id='line_1_37' title="bbox 129 3921 1779 4002; baseline 0 -16"><span class='ocrx_word' id='word_1_406' title='bbox 129 3941 175 3986; x_wconf 81' lang='lat' dir='ltr'><strong>ex</strong></span> <span class='ocrx_word' id='word_1_407' title='bbox 208 3923 307 3986; x_wconf 86' lang='lat' dir='ltr'><strong>ltalia</strong></span> <span class='ocrx_word' id='word_1_408' title='bbox 340 3923 456 4002; x_wconf 88' lang='lat' dir='ltr'><strong>copiis.</strong></span> <span class='ocrx_word' id='word_1_409' title='bbox 492 3923 586 3986; x_wconf 87' lang='lat' dir='ltr'><strong>Unde</strong></span> <span class='ocrx_word' id='word_1_410' title='bbox 622 3923 810 3985; x_wconf 81' lang='lat' dir='ltr'><strong>Christiana</strong></span> <span class='ocrx_word' id='word_1_411' title='bbox 844 3938 927 3999; x_wconf 87' lang='lat' dir='ltr'><strong>gens</strong></span> <span class='ocrx_word' id='word_1_412' title='bbox 982 3921 1167 3984; x_wconf 87' lang='lat' dir='ltr'><strong>tituendum</strong></span> <span class='ocrx_word' id='word_1_413' title='bbox 1181 3923 1397 3995; x_wconf 86' lang='lat' dir='ltr'><strong>censuerunt,</strong></span> <span class='ocrx_word' id='word_1_414' title='bbox 1424 3925 1572 3984; x_wconf 86' lang='lat' dir='ltr'><strong>Romano</strong></span> <span class='ocrx_word' id='word_1_415' title='bbox 1591 3921 1779 3986; x_wconf 88' lang='lat' dir='ltr'><strong>inconsulto</strong></span> 
     </span>
     <span class='ocr_line' id='line_1_38' title="bbox 130 4018 1778 4096; baseline -0.002 -12"><span class='ocrx_word' id='word_1_416' title='bbox 130 4021 314 4084; x_wconf 78' lang='lat' dir='ltr'><strong>maximum</strong></span> <span class='ocrx_word' id='word_1_417' title='bbox 342 4020 378 4082; x_wconf 90' lang='lat' dir='ltr'><strong>in</strong></span> <span class='ocrx_word' id='word_1_418' title='bbox 411 4020 543 4082; x_wconf 90' lang='lat' dir='ltr'><strong>modum</strong></span> <span class='ocrx_word' id='word_1_419' title='bbox 577 4019 625 4083; x_wconf 88' lang='lat' dir='ltr'><strong>ibi</strong></span> <span class='ocrx_word' id='word_1_420' title='bbox 655 4019 842 4084; x_wconf 84' lang='lat' dir='ltr'><strong>exhilarata</strong></span> <span class='ocrx_word' id='word_1_421' title='bbox 878 4021 930 4082; x_wconf 85' lang='lat' dir='ltr'><strong>est</strong></span> <span class='ocrx_word' id='word_1_422' title='bbox 983 4018 1156 4080; x_wconf 84' lang='lat' dir='ltr'><strong>Pontifice.</strong></span> <span class='ocrx_word' id='word_1_423' title='bbox 1178 4021 1261 4080; x_wconf 90' lang='lat' dir='ltr'><strong>Dum</strong></span> <span class='ocrx_word' id='word_1_424' title='bbox 1280 4019 1369 4081; x_wconf 91' lang='lat' dir='ltr'><strong>enim</strong></span> <span class='ocrx_word' id='word_1_425' title='bbox 1391 4018 1594 4096; x_wconf 89' lang='lat' dir='ltr'><strong>pependerat</strong></span> <span class='ocrx_word' id='word_1_426' title='bbox 1614 4019 1693 4080; x_wconf 90' lang='lat' dir='ltr'><strong>novi</strong></span> <span class='ocrx_word' id='word_1_427' title='bbox 1708 4021 1778 4080; x_wconf 89' lang='lat' dir='ltr'><strong>Pa-</strong></span> 
     </span>
     <span class='ocr_line' id='line_1_39' title="bbox 131 4114 1779 4197; baseline -0.002 -17"><span class='ocrx_word' id='word_1_428' title='bbox 131 4116 334 4197; x_wconf 88' lang='lat' dir='ltr'><strong>(Nauclerus</strong></span> <span class='ocrx_word' id='word_1_429' title='bbox 348 4132 462 4192; x_wconf 87' lang='lat' dir='ltr'><strong>gener.</strong></span> <span class='ocrx_word' id='word_1_430' title='bbox 477 4115 543 4196; x_wconf 78' lang='lat'><strong>41).</strong></span> <span class='ocrx_word' id='word_1_431' title='bbox 982 4115 1139 4179; x_wconf 75' lang='lat' dir='ltr'><strong>biaschae</strong></span> <span class='ocrx_word' id='word_1_432' title='bbox 1154 4116 1352 4192; x_wconf 86' lang='lat' dir='ltr'><strong>designatio,</strong></span> <span class='ocrx_word' id='word_1_433' title='bbox 1375 4117 1525 4192; x_wconf 89' lang='lat' dir='ltr'><strong>sumptus</strong></span> <span class='ocrx_word' id='word_1_434' title='bbox 1542 4114 1637 4176; x_wconf 86' lang='lat' dir='ltr'><strong>multi</strong></span> <span class='ocrx_word' id='word_1_435' title='bbox 1652 4115 1779 4191; x_wconf 89' lang='lat' dir='ltr'><strong>erogati</strong></span> 
     </span>
    </p>

    <p class='ocr_par' dir='ltr' id='par_1_7' title="bbox 128 4209 1785 5456">
     <span class='ocr_line' id='line_1_40' title="bbox 171 4209 1782 4291; baseline -0.002 -15"><span class='ocrx_word' id='word_1_436' title='bbox 171 4212 215 4276; x_wconf 84' lang='lat' dir='ltr'><strong>At</strong></span> <span class='ocrx_word' id='word_1_437' title='bbox 229 4213 501 4291; x_wconf 86' lang='lat' dir='ltr'><strong>ipseFridericus</strong></span> <span class='ocrx_word' id='word_1_438' title='bbox 511 4209 708 4290; x_wconf 81' lang='lat' dir='ltr'><strong>aegritudine</strong></span> <span class='ocrx_word' id='word_1_439' title='bbox 720 4211 876 4275; x_wconf 86' lang='lat' dir='ltr'><strong>simulata</strong></span> <span class='ocrx_word' id='word_1_440' title='bbox 887 4226 929 4276; x_wconf 89' lang='lat' dir='ltr'><strong>ne</strong></span> <span class='ocrx_word' id='word_1_441' title='bbox 984 4212 1131 4289; x_wconf 87' lang='lat' dir='ltr'><strong>fuerant;</strong></span> <span class='ocrx_word' id='word_1_442' title='bbox 1148 4215 1183 4276; x_wconf 85' lang='lat' dir='ltr'><strong>nt</strong></span> <span class='ocrx_word' id='word_1_443' title='bbox 1196 4211 1420 4283; x_wconf 89' lang='lat' dir='ltr'><strong>dubitabatur,</strong></span> <span class='ocrx_word' id='word_1_444' title='bbox 1439 4211 1563 4272; x_wconf 90' lang='lat' dir='ltr'><strong>numid</strong></span> <span class='ocrx_word' id='word_1_445' title='bbox 1579 4212 1621 4272; x_wconf 90' lang='lat' dir='ltr'><strong>ad</strong></span> <span class='ocrx_word' id='word_1_446' title='bbox 1635 4212 1782 4288; x_wconf 86' lang='lat' dir='ltr'><strong>patriar-</strong></span> 
     </span>
     <span class='ocr_line' id='line_1_41' title="bbox 130 4308 1780 4390; baseline -0.002 -18"><span class='ocrx_word' id='word_1_447' title='bbox 130 4309 307 4390; x_wconf 88' lang='lat' dir='ltr'><strong>promissis</strong></span> <span class='ocrx_word' id='word_1_448' title='bbox 335 4312 450 4383; x_wconf 88' lang='lat' dir='ltr'><strong>staret,</strong></span> <span class='ocrx_word' id='word_1_449' title='bbox 477 4309 596 4372; x_wconf 91' lang='lat' dir='ltr'><strong>fefellit</strong></span> <span class='ocrx_word' id='word_1_450' title='bbox 617 4311 686 4372; x_wconf 89' lang='lat' dir='ltr'><strong>tum</strong></span> <span class='ocrx_word' id='word_1_451' title='bbox 711 4310 821 4388; x_wconf 88' lang='lat' dir='ltr'><strong>ipsum</strong></span> <span class='ocrx_word' id='word_1_452' title='bbox 848 4310 930 4372; x_wconf 90' lang='lat' dir='ltr'><strong>Hie-</strong></span> <span class='ocrx_word' id='word_1_453' title='bbox 985 4312 1102 4373; x_wconf 89' lang='lat' dir='ltr'><strong>chatus</strong></span> <span class='ocrx_word' id='word_1_454' title='bbox 1117 4326 1280 4372; x_wconf 89' lang='lat' dir='ltr'><strong>summam</strong></span> <span class='ocrx_word' id='word_1_455' title='bbox 1302 4309 1496 4385; x_wconf 88' lang='lat' dir='ltr'><strong>dignitatem</strong></span> <span class='ocrx_word' id='word_1_456' title='bbox 1518 4308 1694 4384; x_wconf 89' lang='lat' dir='ltr'><strong>spectaret.</strong></span> <span class='ocrx_word' id='word_1_457' title='bbox 1717 4308 1780 4370; x_wconf 85' lang='lat' dir='ltr'><strong>Sed</strong></span> 
     </span>
     <span class='ocr_line' id='line_1_42' title="bbox 131 4404 1782 4485; baseline -0.002 -15"><span class='ocrx_word' id='word_1_458' title='bbox 131 4407 401 4485; x_wconf 87' lang='lat' dir='ltr'><strong>rosolymitarum</strong></span> <span class='ocrx_word' id='word_1_459' title='bbox 429 4423 543 4484; x_wconf 91' lang='lat' dir='ltr'><strong>regem</strong></span> <span class='ocrx_word' id='word_1_460' title='bbox 570 4407 722 4480; x_wconf 84' lang='lat' dir='ltr'><strong>affinem,</strong></span> <span class='ocrx_word' id='word_1_461' title='bbox 745 4409 778 4468; x_wconf 90' lang='lat' dir='ltr'><strong>et</strong></span> <span class='ocrx_word' id='word_1_462' title='bbox 800 4405 930 4484; x_wconf 87' lang='lat' dir='ltr'><strong>Syriaci</strong></span> <span class='ocrx_word' id='word_1_463' title='bbox 985 4424 1060 4469; x_wconf 91' lang='lat' dir='ltr'><strong>cum</strong></span> <span class='ocrx_word' id='word_1_464' title='bbox 1075 4407 1162 4484; x_wconf 87' lang='lat' dir='ltr'><strong>apud</strong></span> <span class='ocrx_word' id='word_1_465' title='bbox 1177 4405 1495 4482; x_wconf 85' lang='lat' dir='ltr'><strong>Constantinopolim</strong></span> <span class='ocrx_word' id='word_1_466' title='bbox 1515 4421 1554 4466; x_wconf 91' lang='lat' dir='ltr'><strong>ea</strong></span> <span class='ocrx_word' id='word_1_467' title='bbox 1578 4420 1633 4466; x_wconf 88' lang='lat' dir='ltr'><strong>res</strong></span> <span class='ocrx_word' id='word_1_468' title='bbox 1647 4404 1782 4466; x_wconf 86' lang='lat' dir='ltr'><strong>definiri</strong></span> 
     </span>
     <span class='ocr_line' id='line_1_43' title="bbox 132 4501 1781 4582; baseline -0.002 -15"><span class='ocrx_word' id='word_1_469' title='bbox 132 4505 301 4567; x_wconf 82' lang='lat' dir='ltr'><strong>exercitus</strong></span> <span class='ocrx_word' id='word_1_470' title='bbox 320 4503 583 4582; x_wconf 83' lang='lat' dir='ltr'><strong>expectationem</strong></span> <span class='ocrx_word' id='word_1_471' title='bbox 595 4503 780 4576; x_wconf 78' lang='lat' dir='ltr'><strong>frustravit,</strong></span> <span class='ocrx_word' id='word_1_472' title='bbox 794 4503 930 4566; x_wconf 85' lang='lat' dir='ltr'><strong>exerci-</strong></span> <span class='ocrx_word' id='word_1_473' title='bbox 964 4539 965 4542; x_wconf 61' lang='lat'><em>=</em></span> <span class='ocrx_word' id='word_1_474' title='bbox 985 4521 1052 4566; x_wconf 92' lang='lat' dir='ltr'><strong>non</strong></span> <span class='ocrx_word' id='word_1_475' title='bbox 1067 4505 1188 4582; x_wconf 89' lang='lat' dir='ltr'><strong>posset,</strong></span> <span class='ocrx_word' id='word_1_476' title='bbox 1217 4503 1387 4566; x_wconf 88' lang='lat' dir='ltr'><strong>consultus</strong></span> <span class='ocrx_word' id='word_1_477' title='bbox 1411 4501 1462 4564; x_wconf 91' lang='lat' dir='ltr'><strong>est</strong></span> <span class='ocrx_word' id='word_1_478' title='bbox 1487 4503 1662 4565; x_wconf 80' lang='lat' dir='ltr'><strong>Honorius·</strong></span> <span class='ocrx_word' id='word_1_479' title='bbox 1674 4502 1731 4581; x_wconf 86' lang='lat' dir='ltr'><strong>qui</strong></span> <span class='ocrx_word' id='word_1_480' title='bbox 1745 4503 1781 4564; x_wconf 89' lang='lat' dir='ltr'><strong>in</strong></span> 
     </span>
     <span class='ocr_line' id='line_1_44' title="bbox 131 4598 1780 4680; baseline -0.003 -14"><span class='ocrx_word' id='word_1_481' title='bbox 131 4605 270 4680; x_wconf 86' lang='lat' dir='ltr'><strong>tumque</strong></span> <span class='ocrx_word' id='word_1_482' title='bbox 292 4601 473 4664; x_wconf 89' lang='lat' dir='ltr'><strong>Brundusii</strong></span> <span class='ocrx_word' id='word_1_483' title='bbox 492 4600 710 4664; x_wconf 87' lang='lat' dir='ltr'><strong>confidentem</strong></span> <span class='ocrx_word' id='word_1_484' title='bbox 730 4601 767 4662; x_wconf 87' lang='lat' dir='ltr'><strong>ut</strong></span> <span class='ocrx_word' id='word_1_485' title='bbox 785 4601 856 4678; x_wconf 88' lang='lat' dir='ltr'><strong>ipse</strong></span> <span class='ocrx_word' id='word_1_486' title='bbox 880 4599 931 4662; x_wconf 91' lang='grc'>1111</span> <span class='ocrx_word' id='word_1_487' title='bbox 987 4601 1059 4664; x_wconf 86' lang='lat' dir='ltr'><strong>baec</strong></span> <span class='ocrx_word' id='word_1_488' title='bbox 1091 4600 1197 4663; x_wconf 89' lang='lat' dir='ltr'><strong>verba</strong></span> <span class='ocrx_word' id='word_1_489' title='bbox 1232 4617 1293 4662; x_wconf 91' lang='lat' dir='ltr'><strong>suo</strong></span> <span class='ocrx_word' id='word_1_490' title='bbox 1324 4598 1452 4678; x_wconf 88' lang='lat' dir='ltr'><strong>judicio</strong></span> <span class='ocrx_word' id='word_1_491' title='bbox 1486 4599 1577 4662; x_wconf 89' lang='lat' dir='ltr'><strong>litem</strong></span> <span class='ocrx_word' id='word_1_492' title='bbox 1612 4598 1780 4662; x_wconf 86' lang='lat' dir='ltr'><strong>diremit:</strong></span> 
     </span>
     <span class='ocr_line' id='line_1_45' title="bbox 128 4696 1784 4780; baseline -0.002 -20"><span class='ocrx_word' id='word_1_493' title='bbox 128 4700 340 4780; x_wconf 87' lang='lat' dir='ltr'><strong>jungeretur,</strong></span> <span class='ocrx_word' id='word_1_494' title='bbox 349 4697 482 4760; x_wconf 89' lang='lat' dir='ltr'><strong>delusit.</strong></span> <span class='ocrx_word' id='word_1_495' title='bbox 496 4700 643 4761; x_wconf 80' lang='lat' dir='ltr'><strong>Fuerunt</strong></span> <span class='ocrx_word' id='word_1_496' title='bbox 655 4699 766 4760; x_wconf 90' lang='lat' dir='ltr'><strong>autem</strong></span> <span class='ocrx_word' id='word_1_497' title='bbox 776 4697 829 4760; x_wconf 88' lang='lat' dir='ltr'><strong>hae</strong></span> <span class='ocrx_word' id='word_1_498' title='bbox 839 4697 933 4759; x_wconf 88' lang='lat' dir='ltr'><strong>frau-</strong></span> <span class='ocrx_word' id='word_1_499' title='bbox 986 4715 1005 4760; x_wconf 81' lang='grc'><strong>11</strong></span> <span class='ocrx_word' id='word_1_500' title='bbox 1035 4699 1254 4761; x_wconf 89' lang='lat' dir='ltr'><strong>Praesentium</strong></span> <span class='ocrx_word' id='word_1_501' title='bbox 1291 4697 1488 4760; x_wconf 88' lang='lat' dir='ltr'><strong>auctoritate</strong></span> <span class='ocrx_word' id='word_1_502' title='bbox 1524 4696 1711 4770; x_wconf 80' lang='lat' dir='ltr'><strong>statuimus,</strong></span> <span class='ocrx_word' id='word_1_503' title='bbox 1747 4697 1784 4758; x_wconf 90' lang='lat' dir='ltr'><strong>ut</strong></span> 
     </span>
     <span class='ocr_line' id='line_1_46' title="bbox 133 4790 1784 4874; baseline -0.004 -14"><span class='ocrx_word' id='word_1_504' title='bbox 133 4799 194 4860; x_wconf 88' lang='lat' dir='ltr'><strong>des</strong></span> <span class='ocrx_word' id='word_1_505' title='bbox 205 4796 288 4859; x_wconf 90' lang='lat' dir='ltr'><strong>adeo</strong></span> <span class='ocrx_word' id='word_1_506' title='bbox 302 4795 498 4874; x_wconf 77' lang='lat' dir='ltr'><strong>perspicuae,</strong></span> <span class='ocrx_word' id='word_1_507' title='bbox 515 4797 552 4858; x_wconf 90' lang='lat' dir='ltr'><strong>ut</strong></span> <span class='ocrx_word' id='word_1_508' title='bbox 563 4794 817 4858; x_wconf 88' lang='lat' dir='ltr'><strong>conniventibus</strong></span> <span class='ocrx_word' id='word_1_509' title='bbox 830 4794 932 4858; x_wconf 86' lang='lat' dir='ltr'><strong>etiam</strong></span> <span class='ocrx_word' id='word_1_510' title='bbox 987 4811 1143 4873; x_wconf 85' lang='lat' dir='ltr'><strong>expensae</strong></span> <span class='ocrx_word' id='word_1_511' title='bbox 1158 4795 1370 4866; x_wconf 69' lang='lat' dir='ltr'><strong>necessarie,</strong></span> <span class='ocrx_word' id='word_1_512' title='bbox 1385 4808 1467 4870; x_wconf 88' lang='lat' dir='ltr'><strong>quas</strong></span> <span class='ocrx_word' id='word_1_513' title='bbox 1482 4790 1664 4870; x_wconf 90' lang='lat' dir='ltr'><strong>capitulum</strong></span> <span class='ocrx_word' id='word_1_514' title='bbox 1679 4795 1784 4855; x_wconf 79' lang='lat' dir='ltr'><strong>(lons-</strong></span> 
     </span>
     <span class='ocr_line' id='line_1_47' title="bbox 134 4889 1784 4971; baseline -0.004 -15"><span class='ocrx_word' id='word_1_515' title='bbox 134 4893 242 4956; x_wconf 89' lang='lat' dir='ltr'><strong>oculis</strong></span> <span class='ocrx_word' id='word_1_516' title='bbox 266 4893 307 4955; x_wconf 88' lang='lat' dir='ltr'><strong>ab</strong></span> <span class='ocrx_word' id='word_1_517' title='bbox 331 4892 485 4955; x_wconf 88' lang='lat' dir='ltr'><strong>omnibus</strong></span> <span class='ocrx_word' id='word_1_518' title='bbox 499 4893 738 4971; x_wconf 87' lang='lat' dir='ltr'><strong>spectarentur.</strong></span> <span class='ocrx_word' id='word_1_519' title='bbox 760 4893 811 4954; x_wconf 89' lang='lat' dir='ltr'><strong>Ne</strong></span> <span class='ocrx_word' id='word_1_520' title='bbox 829 4894 933 4969; x_wconf 89' lang='lat' dir='ltr'><strong>igitur</strong></span> <span class='ocrx_word' id='word_1_521' title='bbox 987 4891 1311 4968; x_wconf 87' lang='lat' dir='ltr'><strong>tantinopolitanum‚</strong></span> <span class='ocrx_word' id='word_1_522' title='bbox 1334 4889 1387 4950; x_wconf 87' lang='lat' dir='ltr'><strong>vel</strong></span> <span class='ocrx_word' id='word_1_523' title='bbox 1405 4893 1477 4968; x_wconf 86' lang='lat' dir='ltr'><strong>ejus</strong></span> <span class='ocrx_word' id='word_1_524' title='bbox 1501 4890 1622 4958; x_wconf 91' lang='lat' dir='ltr'><strong>nuntii,</strong></span> <span class='ocrx_word' id='word_1_525' title='bbox 1644 4889 1784 4950; x_wconf 87' lang='lat' dir='ltr'><strong>vacante</strong></span> 
     </span>
     <span class='ocr_line' id='line_1_48' title="bbox 135 4985 1784 5067; baseline -0.005 -14"><span class='ocrx_word' id='word_1_526' title='bbox 135 4992 178 5054; x_wconf 91' lang='lat' dir='ltr'><strong>ad</strong></span> <span class='ocrx_word' id='word_1_527' title='bbox 191 4991 323 5067; x_wconf 88' lang='lat' dir='ltr'><strong>longius</strong></span> <span class='ocrx_word' id='word_1_528' title='bbox 336 4991 466 5067; x_wconf 88' lang='lat' dir='ltr'><strong>tempus</strong></span> <span class='ocrx_word' id='word_1_529' title='bbox 490 4989 548 5051; x_wconf 91' lang='lat' dir='ltr'><strong>illa</strong></span> <span class='ocrx_word' id='word_1_530' title='bbox 568 4990 735 5067; x_wconf 86' lang='lat' dir='ltr'><strong>expeditio</strong></span> <span class='ocrx_word' id='word_1_531' title='bbox 747 4989 931 5062; x_wconf 78' lang='lat' dir='ltr'><strong>differetur,</strong></span> <span class='ocrx_word' id='word_1_532' title='bbox 988 4989 1078 5062; x_wconf 90' lang='lat' dir='ltr'><strong>sede,</strong></span> <span class='ocrx_word' id='word_1_533' title='bbox 1103 5004 1163 5065; x_wconf 90' lang='lat' dir='ltr'><strong>pro</strong></span> <span class='ocrx_word' id='word_1_534' title='bbox 1190 4987 1362 5050; x_wconf 89' lang='lat' dir='ltr'><strong>electionis</strong></span> <span class='ocrx_word' id='word_1_535' title='bbox 1387 4987 1520 5063; x_wconf 90' lang='lat' dir='ltr'><strong>negotio</strong></span> <span class='ocrx_word' id='word_1_536' title='bbox 1557 4985 1715 5058; x_wconf 86' lang='lat' dir='ltr'><strong>fecerint,</strong></span> <span class='ocrx_word' id='word_1_537' title='bbox 1743 4985 1784 5046; x_wconf 89' lang='lat' dir='ltr'><strong>de</strong></span> 
     </span>
     <span class='ocr_line' id='line_1_49' title="bbox 135 5080 1785 5166; baseline -0.005 -15"><span class='ocrx_word' id='word_1_538' title='bbox 135 5092 175 5151; x_wconf 88' lang='lat' dir='ltr'><strong>ut</strong></span> <span class='ocrx_word' id='word_1_539' title='bbox 189 5087 828 5166; x_wconf 76' lang='grc' dir='ltr'>116061116ηεὶ6116100101611110110111101</span> <span class='ocrx_word' id='word_1_540' title='bbox 843 5088 931 5160; x_wconf 80' lang='lat'><strong>1225,</strong></span> <span class='ocrx_word' id='word_1_541' title='bbox 988 5085 1085 5149; x_wconf 88' lang='lat' dir='ltr'><strong>bonis</strong></span> <span class='ocrx_word' id='word_1_542' title='bbox 1102 5083 1349 5161; x_wconf 85' lang='lat' dir='ltr'><strong>patriarchatus</strong></span> <span class='ocrx_word' id='word_1_543' title='bbox 1365 5083 1448 5144; x_wconf 86' lang='lat' dir='ltr'><strong>flant</strong></span> <span class='ocrx_word' id='word_1_544' title='bbox 1465 5081 1623 5154; x_wconf 88' lang='lat' dir='ltr'><strong>totaliter,</strong></span> <span class='ocrx_word' id='word_1_545' title='bbox 1639 5081 1692 5143; x_wconf 91' lang='lat' dir='ltr'><strong>vel</strong></span> <span class='ocrx_word' id='word_1_546' title='bbox 1707 5080 1785 5144; x_wconf 90' lang='lat' dir='ltr'><strong>red·</strong></span> 
     </span>
     <span class='ocr_line' id='line_1_50' title="bbox 135 5176 1785 5262; baseline -0.006 -14"><span class='ocrx_word' id='word_1_547' title='bbox 135 5187 306 5248; x_wconf 87' lang='lat' dir='ltr'><strong>Honorius</strong></span> <span class='ocrx_word' id='word_1_548' title='bbox 330 5185 366 5246; x_wconf 92' lang='lat' dir='ltr'><strong>ln</strong></span> <span class='ocrx_word' id='word_1_549' title='bbox 389 5183 602 5248; x_wconf 79' lang='lat' dir='ltr'><strong>Germaniam</strong></span> <span class='ocrx_word' id='word_1_550' title='bbox 632 5183 778 5260; x_wconf 89' lang='lat' dir='ltr'><strong>legatum</strong></span> <span class='ocrx_word' id='word_1_551' title='bbox 805 5184 936 5262; x_wconf 87' lang='lat' dir='ltr'><strong>praemi·</strong></span> <span class='ocrx_word' id='word_1_552' title='bbox 989 5181 1121 5254; x_wconf 91' lang='lat' dir='ltr'><strong>dantur,</strong></span> <span class='ocrx_word' id='word_1_553' title='bbox 1157 5179 1334 5242; x_wconf 90' lang='lat' dir='ltr'><strong>dummodo</strong></span> <span class='ocrx_word' id='word_1_554' title='bbox 1372 5179 1436 5256; x_wconf 90' lang='lat' dir='ltr'><strong>ipsi</strong></span> <span class='ocrx_word' id='word_1_555' title='bbox 1472 5178 1560 5240; x_wconf 90' lang='lat' dir='ltr'><strong>bona</strong></span> <span class='ocrx_word' id='word_1_556' title='bbox 1594 5176 1785 5239; x_wconf 77' lang='lat' dir='ltr'><strong>decedentis</strong></span> 
     </span>
     <span class='ocr_line' id='line_1_51' title="bbox 136 5269 1782 5358; baseline -0.006 -13"><span class='ocrx_word' id='word_1_557' title='bbox 136 5283 229 5346; x_wconf 87' lang='lat' dir='ltr'><strong>serat</strong></span> <span class='ocrx_word' id='word_1_558' title='bbox 263 5282 461 5353; x_wconf 80' lang='lat' dir='ltr'><strong>conradum,</strong></span> <span class='ocrx_word' id='word_1_559' title='bbox 489 5281 708 5344; x_wconf 79' lang='lat' dir='ltr'><strong>portuensem</strong></span> <span class='ocrx_word' id='word_1_560' title='bbox 743 5269 934 5358; x_wconf 81' lang='lat' dir='ltr'><strong>episcopum</strong></span> <span class='ocrx_word' id='word_1_561' title='bbox 991 5277 1190 5358; x_wconf 73' lang='lat' dir='ltr'><strong>patriarcha</strong></span> <span class='ocrx_word' id='word_1_562' title='bbox 1201 5292 1268 5339; x_wconf 91' lang='lat' dir='ltr'><strong>non</strong></span> <span class='ocrx_word' id='word_1_563' title='bbox 1279 5276 1450 5352; x_wconf 88' lang='lat' dir='ltr'><strong>occupent,</strong></span> <span class='ocrx_word' id='word_1_564' title='bbox 1462 5272 1782 5354; x_wconf 79' lang='lat' dir='ltr'><strong>velusmpent»(1).</strong></span> 
     </span>
     <span class='ocr_line' id='line_1_52' title="bbox 138 5371 1438 5456; baseline -0.005 -14"><span class='ocrx_word' id='word_1_565' title='bbox 138 5379 355 5452; x_wconf 89' lang='lat' dir='ltr'><strong>cardinalem,</strong></span> <span class='ocrx_word' id='word_1_566' title='bbox 372 5377 635 5455; x_wconf 88' lang='lat' dir='ltr'><strong>colligendarum</strong></span> <span class='ocrx_word' id='word_1_567' title='bbox 647 5377 818 5454; x_wconf 91' lang='lat' dir='ltr'><strong>copiarum</strong></span> <span class='ocrx_word' id='word_1_568' title='bbox 834 5392 936 5444; x_wconf 87' lang='lat' dir='ltr'><strong>causa</strong></span> <span class='ocrx_word' id='word_1_569' title='bbox 992 5376 1106 5456; x_wconf 85' lang='lat' dir='ltr'><strong>(Greg.</strong></span> <span class='ocrx_word' id='word_1_570' title='bbox 1120 5377 1177 5444; x_wconf 87' lang='lat' dir='ltr'><strong>IX,</strong></span> <span class='ocrx_word' id='word_1_571' title='bbox 1191 5373 1249 5435; x_wconf 92' lang='lat' dir='ltr'><strong>lib.</strong></span> <span class='ocrx_word' id='word_1_572' title='bbox 1266 5375 1291 5447; x_wconf 93' lang='lat'><strong>1,</strong></span> <span class='ocrx_word' id='word_1_573' title='bbox 1309 5371 1438 5452; x_wconf 88' lang='grc'>111.6).“</span> 
     </span>
    </p>
   </div>
   <div class='ocr_carea' id='block_1_5' title="bbox 137 5439 1893 5652">
    <p class='ocr_par' dir='ltr' id='par_1_8' title="bbox 137 5439 1893 5652">
     <span class='ocr_line' id='line_1_53' title="bbox 137 5439 1893 5552; baseline -0.006 -12"><span class='ocrx_word' id='word_1_574' title='bbox 137 5493 182 5540; x_wconf 84' lang='lat' dir='ltr'><strong>ex</strong></span> <span class='ocrx_word' id='word_1_575' title='bbox 210 5477 253 5539; x_wconf 92' lang='lat' dir='ltr'><strong>iis</strong></span> <span class='ocrx_word' id='word_1_576' title='bbox 284 5475 536 5552; x_wconf 90' lang='lat' dir='ltr'><strong>crucesignatis,</strong></span> <span class='ocrx_word' id='word_1_577' title='bbox 559 5475 616 5552; x_wconf 88' lang='lat' dir='ltr'><strong>qni</strong></span> <span class='ocrx_word' id='word_1_578' title='bbox 646 5473 733 5550; x_wconf 92' lang='lat' dir='ltr'><strong>apud</strong></span> <span class='ocrx_word' id='word_1_579' title='bbox 756 5475 936 5536; x_wconf 80' lang='lat' dir='ltr'><strong>Germanos</strong></span> <span class='ocrx_word' id='word_1_580' title='bbox 1032 5473 1117 5545; x_wconf 89' lang='lat' dir='ltr'><strong>Quin</strong></span> <span class='ocrx_word' id='word_1_581' title='bbox 1130 5487 1205 5535; x_wconf 89' lang='lat' dir='ltr'><strong>curn</strong></span> <span class='ocrx_word' id='word_1_582' title='bbox 1218 5471 1368 5550; x_wconf 84' lang='lat' dir='ltr'><strong>plerique</strong></span> <span class='ocrx_word' id='word_1_583' title='bbox 1382 5468 1517 5552; x_wconf 88' lang='lat' dir='ltr'><strong>abbates</strong></span> <span class='ocrx_word' id='word_1_584' title='bbox 1531 5468 1618 5546; x_wconf 89' lang='lat' dir='ltr'><strong>apud</strong></span> <span class='ocrx_word' id='word_1_585' title='bbox 1629 5471 1788 5531; x_wconf 85' lang='lat' dir='ltr'><strong>Constan-</strong></span> <span class='ocrx_word' id='word_1_586' title='bbox 1888 5439 1893 5448; x_wconf 50' lang='grc'><strong>’</strong></span> 
     </span>
     <span class='ocr_line' id='line_1_54' title="bbox 138 5566 1783 5652; baseline -0.004 -15"><span class='ocrx_word' id='word_1_587' title='bbox 138 5573 393 5652; x_wconf 78' lang='lat' dir='ltr'><strong>superfuissent.</strong></span> <span class='ocrx_word' id='word_1_588' title='bbox 415 5571 604 5636; x_wconf 79' lang='lat' dir='ltr'><strong>Adveniens</strong></span> <span class='ocrx_word' id='word_1_589' title='bbox 628 5571 742 5649; x_wconf 86' lang='lat' dir='ltr'><strong>igitur,</strong></span> <span class='ocrx_word' id='word_1_590' title='bbox 771 5569 938 5649; x_wconf 89' lang='lat' dir='ltr'><strong>Principi-</strong></span> <span class='ocrx_word' id='word_1_591' title='bbox 992 5571 1166 5648; x_wconf 91' lang='lat' dir='ltr'><strong>tinopolim</strong></span> <span class='ocrx_word' id='word_1_592' title='bbox 1193 5585 1267 5633; x_wconf 89' lang='lat' dir='ltr'><strong>sese</strong></span> <span class='ocrx_word' id='word_1_593' title='bbox 1297 5567 1332 5630; x_wconf 91' lang='lat' dir='ltr'><strong>in</strong></span> <span class='ocrx_word' id='word_1_594' title='bbox 1366 5566 1553 5630; x_wconf 85' lang='lat' dir='ltr'><strong>libertatern</strong></span> <span class='ocrx_word' id='word_1_595' title='bbox 1585 5567 1783 5642; x_wconf 88' lang='lat' dir='ltr'><strong>assererent,</strong></span> 
     </span>
    </p>
   </div>
   <div class='ocr_carea' id='block_1_6' title="bbox 176 5682 1018 5764">
    <p class='ocr_par' dir='ltr' id='par_1_9' title="bbox 176 5682 1018 5764">
     <span class='ocr_line' id='line_1_55' title="bbox 176 5682 1018 5764; baseline -0.002 -22"><span class='ocrx_word' id='word_1_596' title='bbox 176 5685 219 5760; x_wconf 91' lang='lat' dir='ltr'><strong>(l)</strong></span> <span class='ocrx_word' id='word_1_597' title='bbox 239 5685 281 5764; x_wconf 82' lang='lat' dir='ltr'><strong>Cf.</strong></span> <span class='ocrx_word' id='word_1_598' title='bbox 297 5701 375 5759; x_wconf 86' lang='lat' dir='ltr'><strong>supr.</strong></span> <span class='ocrx_word' id='word_1_599' title='bbox 389 5685 485 5754; x_wconf 80' lang='grc'>(1111111.</span> <span class='ocrx_word' id='word_1_600' title='bbox 502 5685 634 5757; x_wconf 73' lang='lat' dir='ltr'><strong>compa,</strong></span> <span class='ocrx_word' id='word_1_601' title='bbox 645 5683 694 5743; x_wconf 89' lang='lat' dir='ltr'><strong>lib.</strong></span> <span class='ocrx_word' id='word_1_602' title='bbox 705 5685 728 5755; x_wconf 88' lang='grc' dir='ltr'><strong>Ι,</strong></span> <span class='ocrx_word' id='word_1_603' title='bbox 739 5683 781 5742; x_wconf 83' lang='grc'>111.</span> <span class='ocrx_word' id='word_1_604' title='bbox 795 5682 1018 5754; x_wconf 81' lang='grc'>1,0.1,001.117.</span> 
     </span>
    </p>
   </div>
   <div class='ocr_carea' id='block_1_7' title="bbox 0 0 2128 6400">
    <p class='ocr_par' dir='ltr' id='par_1_10' title="bbox 0 0 2128 6400">
     <span class='ocr_line' id='line_1_56' title="bbox 0 0 2128 6400; baseline 0 0"><span class='ocrx_word' id='word_1_605' title='bbox 0 0 2128 6400; x_wconf 95' lang='lat' dir='ltr'><strong> </strong></span> 
     </span>
    </p>
   </div>
  </div>
 </body>
</html>
