4234 6408
204 359 266 420 269

206 516 441 596 appellationis
467 514 635 580 obstaculo
664 514 893 578 ecclesiastica
922 533 1003 578 ceu-

205 631 285 678 sura
312 615 519 694 compellant.
546 615 666 674 Datum
687 614 855 687 Laterani,
891 615 1001 702 idibus

204 712 376 786 februarii,
401 711 611 788 pontificatus
636 713 741 774 nostri
769 729 858 774 anuo
880 713 998 790 primo.

393 993 394 998 .
501 1018 697 1104 ccxvm

334 1295 869 1370 AdLiupoueuserueptscopam.

490 1513 523 1572 lt
542 1511 612 1570 lebr.
636 1513 715 1571 lili.

250 1659 360 1722 [Regest.
371 1656 416 1708 lib
428 1657 448 1717 Ι,
459 1657 533 1722 epist.
548 1657 603 1708 229.
616 1657 673 1708 llss.
683 1657 803 1708 LsPorta
813 1657 848 1708 dn
859 1657 953 1722 Thell]

204 1840 380 1916 lingonensi
391 1845 525 1917 episcopo
538 1843 663 1914 mandat,
679 1852 710 1903 ut
724 1846 885 1904 cessionem
896 1846 998 1906 Virdu·

239 1931 337 1988 nensis
349 1932 475 2005 episcopi
492 1931 527 1988 ob
543 1931 724 1990 incommoda
736 1937 893 1993 senectutis
909 1943 938 1993 et
949 1935 998 1996 dc.-

239 2019 330 2078 icctus
349 2020 420 2077 alios
437 2021 573 2078 emissam
591 2023 717 2095 recipiat,
740 2038 864 2095 eumque
882 2024 1001 2083 absolvit

239 2109 276 2166 ab
291 2109 585 2168 excommunicatione
600 2125 655 2182 qua
671 2127 737 2168 eum
753 2114 784 2169 P.
801 2114 871 2170 tituli
890 2113 1001 2172 Sanctus

240 2197 422 2256 Pudentiauae
437 2197 531 2270 presb.
552 2197 704 2257 cardinalis
726 2201 896 2274 apostolico
920 2203 1001 2262 Sedis

237 2288 351 2362 legatus
367 2286 564 2344 adstrinxcrat.

243 2469 423 2540 Honorius
451 2468 527 2541 ete,
554 2466 740 2530 venerabili
761 2468 856 2530 fratri
878 2470 1002 2548 Lingo-

203 2581 281 2627 nen.
298 2566 465 2643 episcopo.

245 2663 397 2724 sentiens
412 2662 613 2725 venerabilis
637 2662 742 2725 irater
751 2664 865 2726 noster
878 2664 1003 2727 Virdn·

205 2775 282 2822 nen.
301 2759 477 2838 episcopus
499 2777 567 2822 suae
593 2761 801 2822 incommoda
821 2762 1000 2823 senectutis

202 2874 243 2920 ac
257 2857 497 2920 deiectns‘suos
510 2859 596 2920 alios
608 2874 859 2934 recognoscens,
872 2860 1002 2921 nolens·

202 2972 267 3033 qne
290 2957 338 3017 sic
362 2971 506 3032 praeessa
528 2956 709 3018 virdunen.
735 2957 897 3030 ecclesiae,
914 2958 998 3034 qnod

204 3069 271 3116 nou
290 3053 405 3130 prosit,
428 3070 463 3114 se
482 3056 635 3131 paratum
654 3055 772 3116 cedere
789 3057 885 3132 Juxta
904 3055 1000 3118 bonae

203 3153 372 3214 memoriae
401 3152 585 3215 innocentii
620 3169 715 3230 papae
744 3154 1000 3230 praedecessoris

204 3251 309 3312 nostri
323 3250 515 3312 mandatum
533 3249 574 3311 ab
591 3251 889 3314 administrationis
904 3253 1000 3313 solll-

203 3347 351 3409 citudine
367 3363 425 3424 pcr
437 3347 593 3410 dilectum
607 3349 711 3409 illium
725 3351 788 3410 Hu.
805 3351 1002 3426 procurato-

204 3461 275 3507 rem
298 3463 405 3518 suurn,
427 3445 468 3506 ad
495 3445 558 3508 hoc
579 3447 771 3523 specialiter
787 3447 997 3518 destinatum,

204 3543 384 3620 postulavit
398 3542 537 3616 absolvi,
561 3545 594 3605 et
611 3545 647 3604 in
670 3544 748 3605 vitae
764 3543 826 3603 sibi
840 3559 999 3604 necessa-

203 3640 265 3700 riis
275 3640 503 3702 deVirdunen.
518 3641 668 3702 ecclesiae
676 3641 889 3717 proventibus
900 3641 1003 3700 mise-

203 3736 379 3800 ricorditer
392 3737 571 3814 provideri.
585 3739 705 3799 Peleus
717 3738 1003 3814 insupersuspen·

204 3833 307 3898 sionis
342 3838 376 3897 et
407 3834 761 3896 excommunicationis
805 3834 998 3905 sententias,

204 3932 322 4008 ouibus
348 3947 424 3992 euxn
448 3930 587 3991 dilectus
611 3930 699 3991 illius
721 3932 834 3991 noster
855 3933 892 3992 P.
912 3932 1001 3993 tituli

202 4030 327 4089 sanctae
361 4027 577 4088 Pudentiauae
611 4027 783 4104 presbyter
807 4028 998 4102 cardinalia,

202 4127 282 4186 tunc
296 4124 495 4201 spostolicae
510 4124 604 4185 Sedis
624 4125 764 4200 legatus,
785 4125 999 4198 astrinxerat,

202 4222 367 4297 relaxari3
382 4238 441 4300 pro
455 4238 519 4299 quo
530 4222 630 4284 etiam
642 4239 742 4299 super
754 4223 806 4283 his
816 4223 998 4284 Virdunen.

203 4321 385 4398 capitulum
406 4321 614 4398 supplicavit.
630 4321 699 4382 Nos
714 4321 824 4382 autem
839 4321 1001 4384 senectuti

204 4419 441 4496 compatientes
465 4418 581 4497 ipsine,
607 4418 809 4480 fraternitati
844 4419 909 4480 tuae
943 4434 1002 4495 per

203 4518 385 4593 apostolica
405 4519 528 4594 scripta
550 4517 773 4594 praecipiendo
792 4517 999 4589 mandamus,

204 4615 366 4689 quatenns
378 4615 547 4690 praedictis
562 4615 736 4677 sententiis
747 4616 845 4692 juxta
860 4615 1005 4676 sormam·

204 4711 361 4772 Ecclesiae
380 4712 550 4786 relaxatio,
568 4713 639 4775 vice
657 4715 771 4776 nostra
790 4714 895 4791 ipsius
914 4714 1003 4774 reci-

205 4806 278 4883 pias
297 4807 552 4880 cessionem-et
573 4811 678 4871 eidem
700 4812 891 4888 provisione
915 4797 1002 4872 iacta

206 4903 246 4964 de
260 4905 474 4980 proventibus
487 4907 705 4969 virdunensis
729 4911 890 4982 ecclesiae,
905 4909 1003 4986 prout

204 5002 273 5063 tam
289 5000 352 5062 sibi
372 5016 470 5078 qnam
492 5003 561 5079 ipsi
581 5006 730 5067 ecclesiae
751 5007 876 5069 videris
895 5022 1001 5083 expe-

204 5100 289 5172 dire,
307 5098 504 5162 auctoritate
533 5100 648 5160 nostra
682 5103 825 5178 capitulo
846 5102 1002 5178 injungas

204 5197 356 5260 ecclesiae
370 5196 603 5265 virdunensis,
618 5198 653 5258 ut
668 5197 707 5258 de
722 5215 864 5276 persona
883 5199 1003 5260 idonea

205 5313 278 5374 qnae
299 5297 392 5358 tauto
414 5294 591 5356 conveniat
614 5295 708 5356 oneri
732 5297 765 5356 et
788 5297 918 5368 honori,
944 5313 1004 5372 per

205 5393 399 5456 electionem
415 5393 609 5456 canonicam
634 5391 698 5454 sibi
714 5393 754 5453 de
769 5393 1002 5457 licentianos-

205 5489 256 5552 tra
269 5491 440 5567 provideat
454 5491 489 5552 in
503 5492 680 5568 pastorem.
702 5493 820 5552 Datum
834 5492 1002 5563 Laterani,

206 5585 315 5647 idibus
341 5587 513 5662 februarii,
544 5589 755 5666 pontificatus
782 5589 888 5651 nostri
915 5605 1003 5650 anno

207 5697 324 5760 primo.
431 5757 433 5760 ¹

842 356 1070 418 EPISTOLAE.
1095 359 1173 418 LIB.
1197 359 1221 418 l.

1390 525 1541 614 culix

1103 732 1154 792 Ad
1175 732 1328 793 abbatem
1348 731 1554 794 incorrecte-rii
1572 733 1690 794 Sortcii
1705 733 1806 794 Petri

1343 839 1568 899 corbeiensis.

1346 1014 1379 1071 la
1396 1012 1465 1070 febr.
1482 1014 1562 1072 lxlv.

1088 1148 1194 1212 [aegest.
1208 1145 1252 1197 lib.
1266 1147 1287 1210 l,
1303 1145 1375 1212 epist.
1395 1145 1450 1196 ata.
1466 1149 1523 1198 llss.
1537 1149 1573 1200 La
1585 1148 1661 1198 Porto
1677 1147 1711 1198 du
1727 1147 1821 1214 Thell]

1057 1281 1167 1354 llecipit
1195 1295 1247 1338 eos
1269 1281 1322 1338 sub
1350 1282 1526 1354 protectione
1555 1285 1585 1340 B.
1621 1284 1697 1340 Petri
1722 1289 1751 1342 et
1778 1297 1851 1342 enu-

1091 1378 1237 1428 merantur
1247 1369 1323 1428 bona
1339 1369 1374 1427 ad
1389 1371 1502 1428 illorum
1519 1374 1758 1432 monasteriorum
1774 1389 1854 1447 spec·

1092 1460 1190 1517 tantia.

1096 1586 1274 1658 Honorius
1296 1587 1383 1649 etc...
1410 1586 1541 1648 dilectis
1565 1587 1643 1648 liliis
1666 1591 1717 1651 Jo.
1741 1589 1852 1653 abbati

1056 1684 1251 1746 monasterii
1275 1684 1382 1746 sancti
1397 1685 1581 1758 corbeien,
1599 1686 1685 1763 quod
1707 1687 1741 1747 in
1769 1703 1851 1762 pago

1055 1781 1252 1844 Ambianen.
1267 1781 1365 1844 situm
1381 1785 1441 1854 est,
1457 1786 1595 1861 ejusque
1610 1783 1768 1845 iratribus
1783 1785 1852 1847 tam
1949 1801 1952 1809 ’

1056 1878 1274 1955 praesentibus
1290 1895 1389 1956 quam
1404 1878 1534 1952 suturis,
1547 1881 1735 1956 regularem
1749 1882 1852 1943 vitum

1056 1977 1215 2053 protessis
1230 1977 1265 2036 in
1282 1978 1487 2053 perpetuum.

1098 2074 1297 2150 apostolicae
1325 2074 1418 2134 Sedis
1449 2075 1646 2136 anctoritate
1677 2075 1852 2153 debitoque

1056 2172 1285 2249 compellimur
1300 2187 1359 2248 pro
1376 2173 1608 2234 universarum
1634 2173 1852 2235 ecclesiarum

1055 2271 1143 2332 statu
1158 2271 1320 2346 satagere,
1340 2271 1373 2332 at
1388 2286 1502 2330 earum
1522 2273 1667 2334 maxime
1682 2288 1755 2349 quae
1771 2289 1851 2350 spe-

1056 2368 1174 2429 cialius
1189 2368 1296 2430 eidem
1322 2367 1400 2429 Sedi
1425 2368 1607 2441 adhaerent,
1630 2387 1670 2431 ac
1693 2373 1851 2450 tauquam

1055 2467 1190 2543 proprio
1220 2469 1298 2543 jura
1335 2465 1491 2543 subjectae
1533 2468 1610 2529 sunt
1651 2469 1850 2530 utilitatibus

1056 2565 1242 2642 providere.
1272 2565 1465 2640 Eaproptcr,
1497 2563 1608 2624 dilecti
1641 2566 1676 2625 iu
1711 2567 1851 2627 Domino

1056 2663 1127 2734 ulii,
1140 2661 1261 2722 vestris
1271 2662 1370 2738 justis
1384 2661 1659 2736 postulationibus
1670 2663 1851 2724 clementer

1055 2760 1245 2831 annuimus,
1268 2761 1299 2821 et
1321 2759 1362 2819 ad
1381 2759 1553 2836 exemplar
1569 2760 1850 2836 praedecessorum

1055 2859 1244 2920 nostrorum
1266 2856 1373 2918 felicis
1393 2857 1561 2918 memoriae
1580 2857 1723 2926 Nicolai‚
1744 2861 1852 2921 Beue*

1056 2957 1145 3028 dicti,
1161 2955 1292 3026 Leonis,
1320 2955 1457 3028 Urbani,
1477 2955 1661 3028 Paschalis,
1683 2959 1848 3019 Innocen-

1055 3055 1162 3126 iiiii,
1189 3054 1343 3130 Eugenii,
1366 3053 1520 3125 Adriani,
1546 3055 1745 3126 Alexandri,
1772 3056 1849 3117 Cla-

1055 3153 1186 3224 mentis,
1204 3151 1372 3223 celestini,
1391 3152 1424 3211 et
1445 3152 1629 3214 innocentii
1654 3153 1711 3224 lli,
1729 3157 1852 3215 Roma-

1055 3267 1173 3313 norum
1211 3250 1427 3321 Pontificum,
1466 3249 1641 3326 praefatum
1677 3251 1849 3312 corbeien.

1055 3348 1303 3418 monasterium,
1330 3348 1364 3406 in
1395 3361 1480 3423 pago
1508 3347 1702 3408 ambianen.
1738 3349 1851 3421 situm,

1056 3445 1142 3522 qnod
1168 3445 1209 3504 ad
1233 3447 1290 3520 jus
1319 3444 1351 3503 et
1381 3443 1615 3518 proprietatem
1645 3443 1735 3506 beati
1761 3447 1851 3506 Petri

1056 3541 1247 3618 specialiter
1274 3541 1426 3617 pertinet,
1454 3541 1489 3599 in
1524 3556 1589 3616 quo
1624 3541 1704 3601 estis
1738 3541 1851 3603 divino

1056 3638 1214 3716 obsequio
1229 3636 1419 3713 mancipati,
1437 3636 1497 3696 snb
1512 3637 1601 3698 beati
1618 3638 1708 3699 Petri
1724 3639 1757 3700 et
1772 3657 1853 3700 nos-

1054 3739 1108 3798 tra
1140 3735 1345 3812 protectione
1378 3735 1588 3811 suscipimus,
1617 3738 1649 3798 et
1677 3737 1852 3813 praeseutis

1057 3833 1173 3910 scripti
1195 3832 1380 3910 patrocinio
1405 3833 1656 3893 communimus.
1674 3837 1711 3896 ln
1735 3835 1852 3911 primis

1057 3931 1219 4008 siquidem
1232 3931 1424 4002 statuentes,
1438 3931 1513 4003 ete,
1527 3946 1634 4005 usqrre
1647 3931 1851 3995 observetur.

1056 4029 1223 4090 Praeterea
1252 4045 1475 4106 quascumque
1503 4031 1743 4106 possessiones,
1774 4031 1864 4105 etc,

1055 4143 1163 4201 usque
1190 4129 1417 4204 permaneant.
1448 4130 1485 4187 ln
1514 4128 1633 4204 thibus
1658 4128 1746 4198 haec,
1775 4129 1850 4201 ete,

1055 4241 1162 4298 rosque
1194 4225 1377 4286 vocabulis.
1412 4227 1532 4285 Omnes
1563 4225 1741 4301 parochias
1766 4227 1850 4286 Gor—

1055 4321 1151 4394 beiae‚
1178 4322 1211 4383 et
1240 4322 1432 4398 parochiam
1453 4323 1639 4394 pratorum,
1662 4323 1854 4398 parochiam

1056 4420 1096 4480 de
1122 4421 1243 4491 Naurs,
1267 4419 1460 4495 parochiam
1486 4419 1526 4480 de
1555 4421 1632 4490 Bus,
1661 4419 1854 4496 parochiam

1056 4517 1096 4578 de
1124 4517 1271 4588 Thanes‚
1302 4517 1334 4578 et
1366 4517 1573 4594 parochiam,
1595 4516 1635 4578 de
1668 4517 1773 4578 Ustia.
1806 4517 1856 4579 Ad

1057 4614 1128 4676 haec
1157 4614 1352 4692 adjicientes
1387 4615 1615 4676 interdicimus
1647 4616 1683 4678 nt
1715 4632 1853 4693 posses·
1881 4697 1883 4702 Ι

1057 4713 1168 4774 stenes
1194 4715 1227 4774 at
1249 4711 1412 4774 beneficia
1432 4713 1538 4790 ipsius
1563 4712 1715 4776 ecclesiae
1730 4714 1855 4791 absque

1057 4809 1186 4872 abbatis
1208 4812 1241 4873 et
1259 4809 1399 4872 fratrum
1420 4827 1585 4872 consensu
1607 4812 1720 4872 nullus
1743 4812 1855 4872 homi-

1058 4925 1137 4968 num
1162 4908 1196 4967 in
1223 4909 1291 4969 vita
1313 4909 1383 4969 sive
1409 4908 1445 4968 in
1471 4909 1578 4969 morte
1602 4909 1678 4968 aliis
1703 4909 1856 4969 ecclesiis

1057 5005 1148 5076 dare,
1163 5006 1222 5065 aut
1236 5004 1303 5065 alio
1321 5004 1467 5081 quolibet
1486 5005 1583 5066 modo
1602 5005 1751 5065 alienare
1767 5021 1857 5081 pree-

1058 5102 1167 5162 sumat
1190 5101 1230 5162 ab
1253 5101 1337 5177 ipsa.
1358 5102 1428 5162 Nec
1443 5101 1543 5163 liceat
1560 5103 1696 5162 Reman.
1720 5101 1858 5162 archie-

1058 5201 1204 5276 piscopo,
1222 5213 1283 5259 nec
1297 5197 1493 5259 Ambianen.
1511 5215 1572 5260 nec
1584 5198 1686 5259 alicui
1702 5199 1858 5276 episcopo

1057 5299 1093 5358 in
1108 5296 1226 5359 abbate
1252 5297 1284 5358 et
1309 5294 1468 5357 iratribus
1484 5298 1537 5357 vel
1552 5296 1685 5357 clericis
1708 5299 1778 5359 sive
1800 5297 1855 5360 sa-

1058 5396 1157 5456 mulis
1171 5397 1228 5456 aut
1245 5395 1279 5455 in
1295 5394 1391 5456 laicis
1406 5394 1494 5455 inira
1511 5392 1665 5471 praeiatas
1679 5396 1856 5471 parochias

1059 5493 1247 5554 constitutis
1259 5493 1517 5554 dominationem
1529 5491 1675 5568 aliquam
1686 5509 1856 5569 exercere,

1059 5593 1116 5652 aut
1130 5607 1187 5654 eos
1202 5591 1492 5653 excommunicare
1508 5590 1560 5652 vel
1573 5589 1784 5665 interdicere,
1800 5596 1859 5656 arri

1059 5689 1299 5766 appellationes
1317 5689 1357 5751 ab
1374 5690 1422 5750 eis
1441 5690 1493 5751 vel
1510 5689 1652 5751 invicem
1666 5690 1717 5750 vel
1739 5693 1855 5754 cerrtra
