4234 6408
312 301 375 388 aa

314 459 435 538 gratia,
462 457 549 528 odio,
574 457 627 519 vel
654 470 768 536 amora
790 453 1026 530 subtraxerint,
1050 471 1111 535 per

316 572 490 620 censuram
513 555 672 627 eamdem,
694 553 915 631 appellatione
945 555 1107 628 cessante,

316 655 443 731 cogatis
479 653 612 716 veritati
653 652 878 714 testimonium
922 653 1107 729 perhibere.

317 751 408 825 Quod
429 751 458 812 si
484 767 550 812 non
566 748 719 812 omnibus
741 750 794 810 his
819 751 1040 827 exsequendis
1055 768 1111 831 po·

315 849 445 912 tueritis
492 849 666 920 interesse,
703 848 739 909 tu
777 847 882 909 irater
904 849 1107 924 patriarcha,

316 963 390 1008 cum
417 960 531 1007 eorum
558 945 675 1016 altero,
696 959 736 1004 ea
763 943 981 1008 nihilominus
1007 961 1109 1006 exse-

316 1042 442 1122 quaris.
458 1041 576 1104 Datum
596 1041 763 1115 Laterani,
790 1043 852 1104 XII
877 1041 1037 1109 kalendas
1060 1041 1112 1106 te·

314 1139 454 1214 bruerii,
471 1139 682 1218 pontificatus
696 1138 802 1201 nostri
818 1152 908 1202 anno
921 1139 1039 1218 primo.

568 1477 569 1480 ψ
644 1356 776 1448 cnxv

315 1558 369 1618 Ad
380 1557 599 1618 Dorntntcom
608 1557 768 1629 priorem
789 1555 823 1617 et
838 1555 1019 1630 fratreas.
1043 1558 1113 1630 lto-

528 1655 626 1716 ncont
636 1653 896 1728 predicatores.

609 1817 821 1892 arnelas

360 1941 470 2005 [Partim
482 1943 645 1994 nocumenta
658 1944 799 1992 conventus
814 1940 935 1992 'tolosani
945 1940 1065 1994 Fratrum

315 2026 317 2030 ’
526 2020 736 2080 Praedicatorum,
748 2026 768 2072 t.
780 2020 803 2080 l,
816 2033 843 2084 p.
856 2019 907 2084 aa]

317 2179 459 2240 bominioi
470 2179 573 2254 prioris
586 2185 616 2238 et
625 2180 756 2238 Fratmm
768 2179 796 2237 S.
807 2179 928 2238 Romani
938 2179 1109 2238 Praedicato-

354 2283 416 2326 rum
434 2269 464 2326 iu
486 2268 631 2341 provincia
653 2267 794 2326 tolosana
816 2266 945 2326 ordinem
961 2267 1113 2327 coufirmat

353 2363 382 2414 et
393 2371 427 2415 se
439 2370 538 2414 eorum
554 2355 685 2429 precihus
699 2354 891 2414 commendat.

357 2500 526 2562 Honorius
536 2499 721 2577 episcopus,
731 2514 847 2560 servus
856 2513 1028 2561 servorum
1038 2500 1110 2574 Dei,

315 2597 447 2660 dilectis
471 2595 550 2657 tiliis
567 2596 672 2674 priori
685 2597 717 2659 et
731 2595 903 2659 Fratribus
923 2599 956 2658 S.
971 2597 1111 2659 Romani

317 2692 594 2756 Praedicatoribus
608 2693 644 2754 in
659 2692 807 2770 partibus
819 2693 1004 2768 Tolosanis,
1021 2694 1113 2758 salu-

317 2793 383 2854 tem
399 2793 432 2853 et
445 2791 663 2869 apostolicam
677 2789 951 2853 benedictionem.

359 2889 545 2951 Gratiarum
563 2888 710 2950 omnium
724 2888 876 2964 largitori
889 2888 1006 2965 dignas
1020 2889 1111 2950 reie-

317 2987 423 3048 rimus
435 2987 619 3063 gratiarum
634 2985 782 3047 actiones
795 2984 830 3045 in
840 2985 948 3061 gratia
958 2986 1018 3046 Dei
1038 3003 1111 3065 quae

318 3084 395 3146 data
411 3082 573 3156 estvobis,
583 3084 693 3160 inqua
708 3083 802 3144 statis
813 3083 845 3144 et
859 3082 988 3146 stabitis
1001 3084 1113 3145 finali-

312 3182 416 3266 ter,ut
427 3197 616 3258 speramus:
629 3180 707 3258 quia
717 3179 805 3240 intus
816 3179 965 3242 caritatis
975 3181 1110 3244 flamma

317 3279 510 3356 flagrantes,
533 3277 680 3341 exterius
699 3277 795 3338 iamae
825 3277 976 3354 flagratis
997 3279 1109 3352 odore,

317 3377 374 3454 qui
389 3376 421 3438 et
433 3392 534 3438 sanas
545 3375 686 3437 delectat
698 3376 730 3437 et
748 3365 855 3437 reiicit
869 3377 996 3438 mentes
1011 3375 1110 3438 infir-

316 3489 401 3547 mas,
429 3473 548 3551 quibus
565 3473 664 3535 etiam
683 3488 725 3534 ne
750 3474 945 3535 remaneant
967 3475 1109 3545 steriles,

318 3571 508 3648 spirituales
533 3570 771 3647 mandragoras
794 3571 952 3648 tanquam
972 3571 1111 3634 studiosi

316 3669 438 3730 medici
453 3667 658 3741 exhibentes,
673 3683 730 3729 eas
746 3669 872 3731 semine
884 3667 977 3729 verbi
993 3668 1108 3742 divini,

316 3767 428 3829 vestra
441 3765 581 3826 salutari
598 3765 754 3826 facundia
775 3765 971 3828 fecundatis.
990 3767 1044 3827 Sic
1058 3783 1112 3828 ve·

316 3862 379 3924 luti
394 3863 483 3924 servi
502 3861 615 3922 fideles
632 3861 755 3922 talenta
778 3861 872 3923 vobis
894 3862 1015 3924 tradita
1030 3879 1108 3925 ero-

315 3959 444 4031 pantes,
468 3957 505 4018 ut
527 3957 643 4019 eadem
658 3957 834 4033 reportetis
857 3960 996 4020 Domino
1010 3961 1112 4034 gemi-

314 4055 407 4117 nata.
427 4055 481 4116 Sic
504 4053 540 4115 in
560 4053 616 4116 via
635 4053 757 4115 Christi
777 4053 910 4116 athletae
926 4056 1019 4117 scuto
1032 4055 1109 4118 tidei

315 4152 349 4216 et
372 4152 469 4229 galea
487 4149 605 4213 salutis
626 4150 757 4224 armati,
781 4167 847 4214 non
868 4152 1021 4214 timentes
1039 4169 1107 4227 eos,

315 4251 372 4328 qui
396 4265 515 4328 corpus
536 4249 675 4327 possunt
698 4248 859 4321 occidere,
884 4249 1021 4312 verbum
1036 4251 1106 4326 Dei,

315 4347 401 4427 quod
414 4349 464 4411 est
475 4346 714 4425 penetrabilius
730 4346 819 4408 omni
831 4347 942 4423 gladio
958 4349 1105 4426 ancipiti,

313 4444 570 4523 magnanimiter
585 4444 700 4506 contra
714 4443 825 4505 hostes
840 4443 918 4506 fidei
930 4445 1106 4508 exhibetis.

314 4542 370 4604 Sic
389 4542 427 4603 in
445 4541 508 4602 hoc
523 4540 645 4603 mundo
660 4541 788 4604 vestras
804 4541 932 4602 animas
946 4542 1106 4616 odientes,

312 4638 350 4699 ut
368 4638 405 4698 in
426 4637 528 4700 vitam
552 4639 711 4700 aeternam
740 4636 934 4699 custodiatis
960 4638 1106 4701 easdem.

312 4735 476 4798 Caeterum
490 4733 569 4812 quia
582 4735 671 4807 finis,
687 4751 754 4796 non
776 4749 889 4811 pugna
910 4737 1058 4809 coronat,
1076 4738 1109 4798 et

312 4831 524 4897 currentibus
545 4832 582 4892 in
600 4831 707 4894 stadio
731 4831 909 4893 virtutibus
928 4833 1105 4908 universis,

312 4931 385 4994 sola
398 4931 647 5008 perseverantia
665 4928 817 4991 bravium
834 4929 954 5008 accipit
967 4931 1108 5013 destina-

311 5030 393 5102 tum,
410 5028 583 5091 caritatem
598 5027 746 5088 vestram
765 5042 922 5103 rogamus
942 5027 975 5090 et
997 5029 1108 5092 horta·

310 5143 387 5190 mur
401 5124 536 5198 attente,
553 5123 586 5186 et
598 5139 661 5202 per
675 5123 858 5200 apostolica
873 5125 997 5203 scripta
1011 5142 1108 5188 man-

311 5224 439 5297 dantes,
457 5222 490 5285 et
504 5219 778 5284 inremissionem
790 5223 1000 5298 peccatorum
1013 5223 1106 5288 vobis

310 5320 534 5399 injungentes,
558 5319 721 5398 quatenus
745 5320 853 5396 magis
880 5336 920 5383 ac
944 5321 1050 5397 magis
1070 5321 1106 5382 in

310 5419 452 5480 Domino
464 5415 640 5480 confortati
655 5417 885 5492 evangelizare
896 5417 1034 5480 verbum
1047 5417 1106 5480 Dei

311 5515 481 5588 studeatis,
491 5513 878 5592 opportune,importuna
892 5514 1065 5588 instantes,
1074 5516 1107 5578 et

310 5627 393 5690 opus
410 5611 624 5687 evangelistae
642 5609 856 5676 laudabiliter
874 5611 1104 5690 adimplentes.

925 297 1102 358 HONORII
1123 299 1169 359 III
1191 299 1340 362 OPERA.
1389 299 1390 302 ’

1899 311 1960 374 204

1166 459 1200 522 Si
1227 475 1309 538 quas
1335 461 1445 526 autam
1471 461 1606 540 propter
1638 463 1701 528 hoc
1728 463 1960 534 tribulationes

1164 560 1255 636 passi
1275 559 1417 632 fueritis,
1434 577 1501 621 non
1526 561 1631 622 solum
1657 564 1887 640 aequanimiter
1902 585 1961 632 eas

1164 657 1327 734 toleretis;
1356 657 1413 720 sed
1432 659 1465 720 et
1488 659 1678 734 gloriemini
1704 678 1778 724 cum
1800 667 1961 741 apostolis

1165 755 1288 818 eisdem
1309 757 1502 833 gaudentes
1528 758 1605 835 quia
1632 759 1725 834 digni
1747 760 1852 824 habiti
1878 765 1960 827 estis

1166 869 1224 929 pro
1240 855 1688 919 nominetesucontumelias
1699 860 1874 922 sustinere.
1888 866 1960 925 Hoc

1165 951 1252 1013 enim
1281 951 1354 1014 leve
1380 955 1413 1015 et
1440 956 1706 1018 momentanemn
1731 957 1959 1024 tribulationis

1164 1050 1362 1112 immensum
1374 1052 1490 1126 gloriae
1498 1053 1626 1130 pondus
1635 1057 1793 1131 operatur
1804 1056 1847 1118 ad
1859 1075 1959 1135 quam

1164 1164 1230 1209 non
1246 1149 1323 1210 sunt
1339 1148 1511 1226 condignae
1526 1152 1697 1228 passiones
1713 1152 1812 1232 hujus
1830 1155 1960 1233 tempo-

1165 1247 1223 1307 ris.
1246 1249 1315 1308 Nos
1336 1263 1466 1325 quoque
1489 1248 1697 1312 intendentes
1718 1267 1777 1313 vos
1800 1253 1960 1331 tanquam

1165 1342 1327 1422 speciales
1340 1345 1427 1406 filios
1441 1345 1670 1410 favorabiliter
1680 1349 1866 1424 contovere,
1880 1351 1963 1429 peti·

1062 1453 1064 1456 ·
1165 1443 1465 1521 musutpronohis
1481 1445 1962 1512 offeratisbeovituloslabio·

1165 1559 1250 1615 rum,
1266 1543 1295 1603 si
1307 1542 1392 1603 torte
1407 1543 1493 1620 quod
1504 1545 1627 1606 uostris
1644 1545 1772 1607 meritis
1789 1563 1855 1608 non
1867 1547 1964 1609 vale-

1165 1655 1250 1712 mus,
1271 1640 1390 1702 vestris
1403 1641 1574 1718 suffragiis
1588 1657 1816 1719 assequamur.
1838 1644 1962 1706 Datum

1166 1736 1962 1817 cataassimlastemnam,pontificatusnos·

1165 1835 1209 1897 tri
1222 1851 1310 1897 anno
1324 1836 1447 1913 primo,
1471 1836 1528 1915 qui
1546 1853 1654 1900 annus
1667 1839 1719 1902 est
1731 1838 1854 1901 Christi
1868 1840 1958 1901 1217.

1485 2050 1637 2138 CLXVI

1276 2255 1328 2316 Ad
1349 2257 1543 2332 eptseopnrt
1561 2255 1854 2318 Gonwrocenscnr.

1462 2431 1497 2489 22
1506 2429 1567 2504 jun.
1584 2431 1663 2488 1217.

1198 2580 1318 2646 [Regest.,
1329 2578 1373 2631 lib.
1385 2579 1406 2644 1,
1417 2579 1492 2646 epist.
1506 2581 1561 2630 mo.
1574 2581 1631 2633 llas.
1645 2579 1682 2630 La
1693 2579 1768 2632 Porto
1784 2579 1819 2632 du
1832 2579 1928 2648 meti]

1201 2723 1400 2782 cameracensi
1415 2722 1549 2796 episcopo
1560 2722 1688 2793 mandat,
1705 2729 1737 2780 ut
1753 2723 1964 2795 promissiones

1166 2807 1256 2869 iactas
1270 2809 1306 2868 de
1324 2808 1716 2878 beneflciisnouvacantibus
1734 2815 1832 2866 contra
1844 2808 1962 2870 decreta

1167 2898 1367 2958 lateranensis
1376 2898 1605 2968 Concssii,irritas
1619 2905 1647 2956 et
1659 2897 1761 2955 inanes
1775 2896 1921 2956 decernat.

1205 3061 1383 3133 Honorius,
1407 3059 1483 3129 etc,
1503 3057 1688 3122 venerabili
1717 3055 1814 3120 fratri
1837 3061 1961 3120 Came-

1165 3173 1278 3220 racen.
1293 3156 1458 3235 episcopo,
1472 3156 1657 3219 salutemet
1671 3155 1886 3233 apostolicam
1900 3156 1963 3218 be-

1165 3255 1398 3318 nedictionem.

1206 3379 1299 3443 Sicut
1311 3395 1350 3440 ea
1366 3394 1439 3456 quae
1454 3377 1590 3455 provide
1609 3377 1692 3438 flunt
1713 3375 1754 3437 ab
1776 3375 1830 3438 his
1851 3375 1962 3454 quiin

1165 3477 1292 3556 partem
1321 3475 1553 3538 sollicitudinis
1573 3476 1650 3538 sunt
1669 3475 1779 3537 vocati
1800 3490 1858 3552 per
1878 3490 1961 3536 eum

1166 3574 1320 3637 convenit
1334 3571 1522 3651 approbari,
1538 3572 1594 3650 qui
1608 3573 1846 3650 plenitudinem
1865 3571 1962 3634 obti-

1165 3672 1222 3734 net
1246 3670 1428 3748 potestatis,
1458 3669 1505 3733 ita
1533 3686 1592 3747 per
1620 3669 1772 3731 eumdem
1801 3670 1961 3732 evacuari

1165 3769 1294 3846 oportet
1313 3767 1471 3846 quidquid
1486 3767 1651 3829 invenerit
1673 3769 1788 3829 contra
1808 3766 1961 3828 sanctio-

1164 3882 1224 3927 nes
1245 3865 1424 3927 oanonicas
1448 3865 1654 3926 attentatum.
1677 3863 1727 3926 Ad
1752 3864 1961 3925 audientiam

1164 3979 1244 4024 sane
1266 3962 1470 4040 apostolatus
1495 3962 1601 4025 nostri
1622 3961 1783 4039 pervenit,
1809 3961 1896 4038 quod
1922 3961 1960 4022 in

1164 4059 1374 4122 Cameracen.
1385 4059 1519 4120 dioecesi
1528 4059 1661 4136 quidam
1671 4057 1818 4144 abbates,
1829 4057 1963 4136 priores

1164 4157 1197 4219 et
1211 4156 1477 4220 conventualium
1492 4156 1708 4218 ecclesiarum
1723 4156 1866 4233 patroni,
1882 4171 1962 4217 nee·

1163 4271 1228 4317 non
1244 4256 1276 4317 et
1291 4270 1441 4332 personae
1456 4254 1531 4316 aliae
1547 4269 1621 4331 quae
1632 4256 1690 4331 Jus
1701 4252 1825 4314 habent
1842 4252 1960 4314 eccle-

1163 4352 1297 4414 siastica
1310 4350 1471 4414 beneficia
1484 4350 1686 4422 conterendi,
1703 4349 1823 4410 multas
1836 4349 1875 4411 de
1888 4364 1960 4410 non

1161 4448 1356 4511 vacantibus
1392 4447 1561 4510 beneficiis
1596 4447 1833 4525 promissiones
1867 4445 1962 4508 iece-

1162 4547 1249 4620 runt,
1280 4546 1365 4623 quod
1390 4545 1477 4607 sacri
1504 4544 1660 4607 Laterani
1680 4543 1818 4606 concilii
1846 4542 1963 4605 obviat

1161 4642 1333 4705 institutis.
1351 4643 1511 4714 Quocirca
1523 4641 1791 4704 tibiauctoritate
1803 4655 1961 4717 praesen-

1162 4739 1244 4802 tium
1268 4739 1488 4817 indulgemus,
1511 4741 1548 4803 ut
1566 4755 1790 4817 quascumque
1813 4737 1964 4815 promis-

1162 4837 1272 4900 siones
1287 4837 1323 4898 in
1343 4837 1401 4899 tua
1421 4837 1555 4898 dioecesi
1575 4837 1688 4899 taliter
1701 4835 1866 4912 repereris
1881 4849 1963 4898 esse

1161 4935 1278 5008 tactae,
1293 4934 1420 4997 sublato
1433 4933 1611 5012 quualihat
1629 4932 1900 4996 contradictionis
1926 4933 1964 4996 et

1161 5032 1393 5111 appellationis
1408 5031 1588 5103 obstaculo,
1606 5031 1765 5093 decernas
1785 5029 1899 5092 irritas
1926 5030 1964 5092 et

1161 5129 1290 5202 inanes,
1304 5128 1358 5190 his
1372 5129 1428 5205 qui
1437 5128 1518 5191 talia
1531 5128 1765 5205 promiserunt,
1778 5127 1832 5190 vel
1845 5127 1962 5204 potius

1161 5226 1453 5303 praesumpserunt,
1470 5241 1601 5302 poenam
1620 5225 1836 5286 nihilominus
1851 5239 1964 5286 cano-

1160 5323 1270 5384 nicam
1294 5321 1485 5399 indigendo
1503 5323 1595 5384 Nulli
1614 5339 1705 5398 ergo,
1731 5322 1806 5394 etc,
1831 5323 1961 5383 nostrae

1161 5419 1396 5492 concessionis,
1410 5421 1472 5482 etc.
1490 5421 1525 5481 Si
1536 5421 1610 5499 quis
1621 5421 1742 5493 autem,
1758 5421 1823 5482 eto.
1835 5417 1961 5481 Datum

1160 5517 1555 5590 Laterani,thalendas
1565 5517 1736 5592 februarii,
1743 5517 1962 5595 pontificatus

1160 5613 1264 5679 nostri
1277 5629 1365 5677 anno
1380 5615 1498 5694 primo.
