4234 6442
764 173 993 236 EPISTOLAE.
1017 175 1096 236 LIB.
1110 179 1135 239 I.

430 343 691 433 3311111111

213 565 265 624 Ad
278 561 437 624 comitem
452 561 493 620 dc
505 561 571 619 Las
585 557 873 636 crucestpuutum.

420 753 456 812 11
474 760 559 816 mart,
580 752 658 809 itii.

299 870 340 935 [ln
355 869 442 932 octar.
458 869 565 932 Gomptt.
581 868 629 920 col.
647 865 703 926 138,
722 871 740 916 1.
753 865 786 932 l]

144 1069 221 1141 Papa
236 1068 378 1126 Honorius
390 1069 431 1127 111
446 1065 593 1125 arbitrium
604 1066 726 1141 Philippi
741 1065 944 1126 Namurcensis

180 1157 254 1214 iuter
269 1156 443 1214 ludovicum
459 1157 630 1214 lossensem
645 1163 674 1214 31
687 1155 873 1214 wilhelmum
892 1169 941 1212 co·

181 1246 281 1302 mitem
296 1245 395 1302 Frisiae
417 1243 452 1302 de
472 1245 621 1302 Hollandia
642 1250 672 1302 et
692 1243 842 1302 Zeelandia
869 1242 942 1301 divi-

180 1333 273 1391 denda
286 1333 399 1403 initum,
416 1331 553 1406 approbat
568 1339 597 1390 et
610 1331 770 1391 confirmat.

186 1536 355 1599 Honorius
366 1536 551 1615 episcopus,
562 1553 678 1599 servus
691 1553 862 1600 servorum
871 1537 943 1611 Dei,

145 1633 250 1696 nobili
262 1635 334 1696 viro
349 1635 462 1696 comiti
477 1635 516 1696 de
529 1637 592 1697 Los
604 1635 844 1711 crucesignato,
859 1634 946 1696 salu·

145 1733 212 1794 tem
228 1732 261 1793 et
275 1731 490 1809 apostolicam
504 1731 780 1794 benedictionem.

188 1828 943 1904 sacrosanctaRomanaEcclesia,etc.‚usuuc:

145 1926 310 1988 inclinati.
325 1926 374 1987 dd
388 1928 559 2003 exemplar
579 1926 688 1988 felicis
704 1927 944 1989 recordationis

146 2024 331 2086 innocentii
344 2027 444 2100 Papae
459 2024 714 2101 praedecessoris
731 2026 837 2086 nostri
854 2040 945 2086 com-

147 2122 345 2200 positionem
361 2121 448 2184 inter
467 2122 499 2183 te
518 2137 557 2183 ao
573 2121 717 2183 nobilem
735 2122 844 2184 virum
859 2122 947 2182 Wil-

147 2220 293 2282 helmum
313 2219 353 2280 de
372 2219 565 2292 Hellandia,
585 2220 808 2298 'trajectensis
828 2219 947 2282 dioece-

68 2311 71 2316 ’
146 2320 206 2392 313,
223 2333 323 2394 super
337 2317 434 2395 raptu
451 2317 573 2379 nobilis
594 2317 746 2378 mulieris
766 2320 806 2380 A.
826 2318 946 2379 uxoris

146 2417 222 2488 tuae,
241 2432 301 2478 nec
316 2433 382 2477 non
395 2415 584 2488 Hollandia,
602 2417 635 2477 et
654 2414 730 2476 aliis
744 2415 844 2478 terris
858 2415 899 2476 ad
914 2417 947 2477 13

146 2513 276 2574 ratione
300 2514 416 2574 uxoris
441 2513 588 2592 ejusdem
610 2512 850 2590 spectantibus,
876 2529 948 2574 me-

147 2610 260 2672 diante
293 2610 435 2688 quodam
468 2611 622 2688 Philippo
649 2609 843 2671 Marchione
872 2610 946 2670 Na·

147 2706 504 2781 murcensi,'i¹ebaluco
516 2708 634 2784 Bajulo
657 2707 833 2769 comitatus
852 2707 948 2768 Flan-

148 2806 277 2868 dreusis
296 2805 519 2868 amicabiliter
539 2805 667 2878 initam,
692 2807 725 2866 et
744 2803 946 2882 juramentis

148 2905 305 2982 praestitis
335 2903 414 2964 binc
443 2903 520 2965 inde
551 2903 730 2976 firmatam,
758 2903 844 2965 sicut
874 2903 947 2964 sine

148 3001 313 3079 pravitate
328 3001 465 3079 provide
483 3000 571 3062 facta
591 3001 688 3070 esset,
705 3002 737 3062 et
750 3000 791 3061 ab
807 3001 946 3077 utraque

149 3101 243 3176 parte
258 3098 374 3176 sponte
391 3098 537 3175 accepta,
556 3098 592 3160 ut
604 3099 640 3159 in
656 3098 788 3175 scriptis
804 3097 948 3160 authen-

147 3197 223 3259 ticis
237 3196 315 3257 inde
330 3194 489 3258 conlectis
504 3195 635 3273 plenius
650 3194 849 3268 continetur,
866 3211 947 3256 auc-

148 3293 284 3356 13111313
307 3293 497 3370 apostolica
523 3292 734 3371 praecipimus
761 3293 944 3356 observari.

151 3391 195 3453 Ut
207 3391 317 3452 autem
333 3390 448 3452 eadem
473 3390 667 3466 compositio
687 3389 815 3449 firmius
832 3389 947 3450 obser-

148 3489 256 3562 vetur,
272 3491 422 3550 tenorem
437 3488 542 3566 ipsius
555 3485 774 3565 praesentibus
784 3486 946 3564 jussimus

150 3587 316 3658 annotari,
330 3587 386 3665 qui
399 3586 477 3647 talis
492 3586 544 3648 est
558 3607 566 3645 :

189 3699 208 3744 ‹
225 3681 396 3762 (sequeitur
412 3683 485 3761 ipsa
503 3682 634 3744 arbitrii
654 3678 797 3759 charta).
818 3679 945 3740 »Nulli

150 3797 230 3857 ergo
249 3782 383 3843 omnino
405 3775 577 3841 hominum
599 3779 709 3846 liceat,
733 3779 795 3838 etc.
818 3777 852 3838 Si
872 3775 945 3853 quis

149 3879 269 3951 autem,
283 3880 344 3941 etc.
356 3877 475 3938 Datum
491 3875 726 3946 Laterani,Xll
741 3873 943 3950 1313311113,

149 3975 360 4055 pontificatus
372 3973 479 4034 nostri
491 3989 580 4034 anno
596 3971 714 4049 primu.

440 4205 661 4295 CCLXXIX

261 4435 312 4494 Ad
326 4434 608 4509 Maparoaeusem
623 4430 830 4504 episcopum.

431 4613 467 4672 :to
481 4621 564 4672 mart.
580 4611 658 4671 1111.

187 4745 297 4810 [1131331.
311 4745 356 4796 lib.
372 4747 392 4804 l,
407 4744 481 4810 epist.
494 4747 549 4796 too.
566 4747 623 4796 ldss.
637 4747 674 4798 La
685 4746 763 4796 Porto
776 4744 811 4795 du
827 4743 908 4794 Tbeil.

318 4824 346 4875 ln
361 4825 447 4886 Quint.
460 4825 565 4888 compti.
579 4825 627 4876 col.
639 4825 696 4886 295,
707 4831 727 4876 t.
740 4825 775 4890 il.

151 5017 187 5074 Ut
203 5011 322 5072 elericos
333 5027 348 5069 a
360 5025 458 5084 prava,
471 5011 604 5085 exigendi
619 5013 769 5084 pecuniam
785 5011 945 5085 31333331-

186 5113 249 5162 tura
262 5109 449 5170 mortuorum,
460 5100 666 5158 consuetudine
677 5101 794 5158 omnino
808 5099 945 5158 inhibeat.

191 5256 374 5328 Honorius,
400 5255 477 5328 313,
502 5253 687 5316 venerabili
714 5253 810 5315 113111
833 5255 949 5330 Maga-

153 5357 264 5418 lonen.
281 5355 449 5432 episcopo.

191 5451 369 5515 Abolendae
383 5447 644 5522 consuetudinis,
661 5448 762 5509 immo
777 5447 951 5508 abomina-

153 5550 231 5610 bilis
247 5547 443 5628 corruptelae
464 5548 550 5627 apud
571 5547 715 5610 Mentem
733 5545 950 5608 Pessulanum

1733 183 1794 244 346

996 337 1125 412 vitium,
1145 337 1182 399 ut
1202 337 1334 412 dicitur,
1348 337 1497 412 inolevit,
1515 339 1717 404 utvidelicet
1731 341 1793 405 de-

997 435 1188 498 cedentibus
1223 451 1290 497 333
1323 435 1415 514 prius
1449 436 1658 514 permittatur
1692 437 1793 500 effodi

997 533 1178 610 sepultura,
1204 549 1302 611 quam
1326 549 1386 611 pro
1412 536 1513 606 13113,
1544 535 1579 595 in
1605 550 1669 612 qua
1694 551 1793 612 sepe-

996 630 1099 691 liendi
1122 630 1208 701 sunt,
1226 631 1351 692 certum
1373 630 1515 707 pretium
1539 630 1695 692 Ecclesiae
1710 647 1791 708 per·

997 727 1155 789 solvatur.
1173 727 1256 799 Quia
1275 727 1379 804 igitur
1396 727 1429 788 id
1444 727 1541 804 longe
1560 728 1613 790 est
1634 743 1655 789 a
1676 727 1793 804 regula

996 825 1130 904 pietatis
1146 825 1179 887 et
1193 824 1234 885 ab
1249 825 1476 889 ecclesiastica
1495 825 1680 898 honestate,
1702 841 1793 903 prae-

997 924 1138 984 sentium
1161 922 1222 985 tibi
1248 923 1446 986 auctoritate
1474 924 1685 996 mandamus,
1711 939 1795 1001 qua-

996 1023 1094 1085 tenus
1107 1037 1181 1084 cum
1196 1022 1261 1084 loci
1275 1021 1482 1084 dioecesanus
1493 1023 1629 1094 existas,
1641 1021 1794 1083 inhibeas

998 1118 1141 1193 clericis,
1167 1135 1209 1180 ne
1233 1118 1409 1196 quicquam
1433 1120 1568 1181 omnino
1591 1119 1797 1197 praesumant

997 1218 1133 1294 exigere
1154 1218 1217 1279 1133
1241 1217 1280 1278 de
1304 1232 1416 1289 causa,
1439 1217 1617 1296 injungens
1638 1216 1734 1279 laicis
1758 1217 1796 1280 ut

998 1314 1197 1377 laudabilem
1217 1313 1488 1376 consuetudinem
1503 1330 1582 1391 erga
1597 1315 1657 1376 Dei
1675 1314 1793 1376 Eccle-

998 1413 1082 1474 siam
1112 1413 1168 1491 pia
1201 1413 1375 1474 devotione
1400 1412 1546 1474 fidelium
1570 1411 1794 1474 introductam

998 1511 1184 1584 observent,
1199 1527 1241 1572 ne
1255 1511 1418 1572 fermento
1440 1509 1605 1572 haereticae
1619 1509 1794 1588 pravitatis

998 1609 1089 1670 illam
1116 1624 1328 1686 corrumpere
1348 1608 1524 1670 videantur
1545 1607 1607 1669 sub
1632 1607 1795 1685 3133131113

999 1709 1169 1770 canonicae
1183 1707 1347 1786 puritatis.
1361 1708 1479 1768 Datum
1495 1705 1662 1778 Laterani,
1678 1705 1796 1767 111113-

999 1806 1114 1868 lendas
1149 1806 1284 1883 aprilis,
1318 1804 1528 1882 pontificatus
1563 1803 1667 1866 nostri
1707 1817 1794 1864 anno

999 1920 1116 1982 primo.

1286 2225 1485 2315 cclxxx
1603 2220 1606 2226 ’

1099 2498 1151 2558 Ad
1161 2497 1321 2568 petorem
1336 2493 1695 2554 warrdtmontenscm.

1284 2723 1319 2780 31
1334 2728 1418 2780 mart.
1432 2720 1512 2779 1117.

1039 2869 1161 2934 [begeat.
1173 2865 1217 2918 lib.
1228 2865 1248 2927 1,
1259 2865 1335 2930 epist.
1347 2863 1402 2915 3511.
1420 2863 1477 2914 ldss.
1488 2863 1525 2914 La
1537 2863 1611 2913 Porta
1621 2859 1656 2912 du
1667 2859 1740 2911 Theil
1751 2859 1762 2924 ]

1044 3077 1081 3135 Ut
1095 3073 1190 3133 visitet
1209 3071 1346 3131 ccclesias
1365 3069 1409 3128 sui
1433 3067 1546 3128 Ordinis
1573 3074 1602 3126 et
1622 3066 1749 3140 corrigat

1307 3158 1488 3232 corrigenda.

1040 3379 1221 3450 Honorius
1237 3378 1312 3449 etc,
1327 3375 1431 3452 priori
1446 3372 1718 3435 Grandimonten.

1042 3479 1077 3539 Si
1099 3476 1232 3539 Ordinis
1246 3473 1296 3536 tui
1317 3472 1418 3534 cellas
1440 3470 1608 3532 interdum
1632 3483 1797 3545 persona-

1000 3577 1078 3638 liter
1091 3575 1258 3642 visitares,
1274 3571 1393 3631 fratres
1413 3567 1593 3628 existentes
1612 3565 1647 3625 in
1662 3565 1711 3626 eis
1726 3564 1800 3626 dis-

1002 3673 1134 3752 ciplinis
1156 3668 1394 3731 informaturus
1415 3662 1636 3740 regularibus
1658 3661 1693 3722 in
1713 3661 1798 3740 ipsis

1001 3774 1029 3835 si
1040 3769 1119 3850 quid
1132 3765 1366 3844 corrigendum
1377 3763 1562 3825 occurrerit
1574 3760 1796 3835 correcturus,

1000 3888 1067 3932 non
1080 3870 1121 3930 ad
1140 3865 1372 3929 detrimentum
1391 3859 1450 3923 sed
1470 3860 1714 3922 incrementum
1734 3875 1798 3937 po-

999 3969 1066 4032 tius
1080 3969 1129 4031 tui
1144 3963 1276 4028 Ordinis
1293 3959 1484 4040 pertineret,
1502 3959 1539 4020 ut
1553 3973 1595 4019 ex
1609 3958 1672 4018 1133
1691 3956 1795 4018 robo-

999 4069 1131 4129 raretur
1146 4061 1232 4144 quod
1254 4060 1402 4122 validum
1417 4058 1517 4120 estin
1536 4072 1587 4128 eo,
1612 4056 1645 4118 et
1667 4054 1794 4117 invali-

999 4167 1077 4227 dum
1088 4163 1279 4234 sanaretur;
1292 4155 1449 4235 expedire
1463 4153 1595 4231 quidem
1607 4152 1673 4229 ipsi
1682 4149 1801 4214 Ordini

998 4263 1175 4332 credimus,
1187 4259 1225 4319 ut
1236 4271 1336 4334 quum
1347 4253 1410 4313 1133
1420 4250 1579 4328 exipsius
1592 4247 1800 4310 institutione

999 4357 1149 4424 absolute
1164 4371 1231 4416 non
1245 4351 1381 4423 habeas,
1397 4347 1596 4410 auctoritate
1608 4345 1669 4409 tibi
1682 4348 1794 4424 Apos-

998 4457 1099 4520 tolica
1125 4451 1336 4516 concedatur.
1374 4447 1556 4524 Eapropter
1581 4442 1797 4522 praesentium

998 4557 1059 4620 tibi
1075 4555 1107 4616 et
1119 4546 1366 4614 successoribus
1379 4546 1446 4608 tuis
1461 4542 1659 4606 auctoritate
1672 4555 1798 4604 conce-

999 4657 1118 4726 dimus,
1136 4651 1172 4713 ut
1193 4649 1294 4711 cellas
1314 4644 1447 4707 easdem
1465 4643 1527 4706 tibi
1549 4641 1649 4704 liceat
1670 4655 1797 4719 oppor-

998 4752 1089 4815 tunis
1122 4745 1326 4826 temporibus
1351 4743 1501 4815 visitare,
1529 4725 1739 4802 correcturus
1763 4737 1799 4800 31

999 4848 1240 4913 reformaturus
1255 4845 1290 4905 in
1306 4840 1355 4903 313
1370 4841 1455 4919 quod
1469 4837 1651 4900 secundum
1661 4835 1796 4896 Ordinis

999 4947 1049 5011 tui
1081 4943 1232 5007 instituta
1261 4939 1467 5001 correctione
1492 4950 1532 4996 ac
1560 4931 1798 4995 reformatione
1878 4989 1880 4995 .

1001 5040 1197 5122 cognoveris
1229 5037 1391 5112 indigere.
1420 5030 1684 5094 contradictores
1712 5043 1797 5089 cen-

1002 5159 1081 5207 sura
1122 5134 1349 5200 ecclesiastica
1389 5129 1519 5193 sublato
1563 5124 1799 5205 appellationis

1003 5236 1173 5306 obstaculo
1200 5227 1451 5309 compescendo.
1480 5225 1573 5288 Nulli
1601 5240 1691 5300 argu,
1721 5223 1800 5295 etc„

1002 5345 1126 5404 nostrae
1140 5327 1395 5400 constitutionis,
1405 5329 1468 5388 etc.
1479 5322 1595 5401 Siquis
1607 5321 1802 5394 autem,etc.

1043 5441 1161 5502 Datum
1177 5427 1344 5501 Laterani,
1363 5423 1508 5488 secundo
1527 5418 1688 5483 kalendas
1706 5419 1804 5498 apri-

1004 5540 1058 5612 lis,
1075 5531 1285 5617 pontificatus
1301 5524 1407 5589 nostri
1422 5537 1508 5584 anno
1521 5507 1643 5598 primo.
