4162 6424
76 287 150 348 633
718 285 946 348 aristeum.
971 286 1047 346 LlB.
1073 287 1112 348 ΙΙ.

1679 293 1736 356 63l

22 459 42 504 :—
78 445 239 520 paternae
253 461 342 508 curm
364 444 530 517 solatium,
546 443 582 509 iu
605 461 670 523 quo
691 445 787 508 nobis
801 445 885 508 bene
940 444 1122 506 valeamus.
1139 445 1304 508 succensa
1329 447 1429 520 euim,
1446 448 1536 511 velut
1554 447 1650 526 ignis,
1674 451 1739 512 im-

79 543 291 621 complacuit
322 545 355 607 ot
379 542 522 621 placebit
547 543 584 605 in
611 543 789 621 posterum,
818 547 884 606 Deo
940 541 1045 619 pietas
1060 542 1108 603 sic
1122 543 1292 606 succendit
1307 543 1497 620 cupiditatis
1509 547 1629 608 ardore
1653 564 1737 625 quo-

30 665 39 706 ε
80 640 201 712 dante,
218 641 254 703 ut
268 641 314 703 ita
330 641 394 718 piis
413 639 568 716 operibus
581 657 617 702 se
635 640 777 717 adaptet,
799 641 884 717 quod
940 639 1090 700 rumdam
1118 640 1248 702 animos
1276 641 1469 717 impierum,
1494 646 1540 714 ut,
1563 644 1597 704 in
1622 660 1735 708 sacros

22 749 42 798 fi:
79 735 212 798 bouum
234 737 335 813 regiae
348 737 535 799 devotionis
549 737 693 810 initium,
710 754 783 815 quae
802 755 884 815 pro·
940 737 998 798 Dei
1012 736 1152 798 famulos
1179 738 1212 800 et
1225 753 1281 800 res
1299 754 1413 800 sacras
1437 741 1650 818 sacrilegium
1669 758 1735 804 su-

22 865 41 908 23,
79 849 241 908 gressum
284 833 401 896 babuit
437 835 630 906 meliorem,
667 835 886 913 subsequatur
940 833 1054 896 dentes
1077 835 1296 907 committere,
1312 835 1367 912 pia
1380 836 1453 900 loca
1464 838 1600 914 pariter,
1616 841 1648 900 et
1660 855 1738 916 per-

79 931 165 990 iinis
187 931 332 1007 optimus
355 932 389 994 et
409 932 596 1004 concludat,
612 933 648 995 ut
661 933 830 995 tietmane
853 936 886 994 et
939 946 1040 992 sonas
1052 932 1191 994 Domine
1204 932 1386 994 militantes
1399 933 1434 994 in
1444 934 1737 1012 eis,impietatibus

22 1063 40 1105 ;.
77 1043 229 1105 vespere
244 1029 315 1090 dies
331 1045 429 1101 unus,
447 1032 480 1090 et
493 1043 636 1106 regnare
657 1046 731 1092 cum
753 1031 884 1092 Christo
940 1028 1010 1090 suis
1043 1029 1214 1092 offendere
1252 1045 1319 1091 uon
1353 1029 1545 1104 formident,
1579 1034 1736 1110 tantoque

22 1165 37 1205 ζ,
77 1125 200 1186 valeat
213 1125 249 1186 in
264 1127 444 1202 aeternum3
462 1127 539 1204 quia
554 1143 651 1188 nemo
665 1129 798 1190 mittens
813 1143 886 1190 ma·

22 1261 41 1306 :·.
78 1237 168 1282 num
191 1223 233 1283 ad
252 1225 400 1284 aratrum
424 1225 457 1286 et
479 1226 663 1302 respiciens
683 1228 772 1287 retro
788 1227 884 1302 aptus

78 1321 138 1380 est
153 1335 256 1396 regno
268 1321 338 1393 bei,
352 1323 450 1398 prout
464 1322 587 1384 veritas
600 1323 793 1398 evangelica
805 1339 884 1400 pro·

78 1419 241 1480 testatur.

22 1581 38 1604 Β,
129 1517 296 1591 Rogamus
307 1516 444 1594 insuper
456 1517 579 1581 dictum
591 1533 705 1596 regem
720 1519 767 1590 ut,
788 1519 885 1596 quid-

22 1601 43 1696 μ’
82 1611 885 1692 quidsuperiissecerit,saltempromunereno-

28 1763 34 1786 Ι,
79 1708 884 1790 bisdonet,quodpraeiatoepiscopoaeecclesiae

80 1821 158 1866 suae
170 1808 352 1880 canonicis,
364 1809 566 1886 presbyteris
580 1812 613 1873 et
627 1811 759 1872 clericis
774 1811 885 1873 suiset

78 1900 187 1962 rebus
201 1905 403 1976 eorumdem,
420 1907 617 1969 auctoritate
638 1908 732 1984 regia
756 1908 885 1969 securi-

76 1999 187 2060 tatem
201 2001 337 2076 praestet
351 2002 384 2063 et
396 2003 497 2065 iaciat
519 2001 758 2066 inviolabiliter
769 2005 885 2066 obser·

22 2099 44 2176 jj
76 2097 179 2170 vari3
209 2095 375 2173 alioquin,
415 2102 716 2176 quantumcumque
737 2101 883 2176 regalem

22 2197 38 2274 s
78 2193 318 2256 excellentiam
337 2195 526 2271 diligamus,
549 2198 577 2258 si
593 2197 676 2260 torte
696 2195 797 2276 (quod
818 2214 883 2260 uen

22 2297 25 2366 J
78 2290 395 2371 credimus)·saltem
410 2310 453 2355 en
466 2295 601 2371 speciali
617 2295 724 2370 gratia
739 2311 805 2356 non
816 2295 884 2356 fue·

78 2388 193 2448 rimus
216 2390 375 2461 exauditi,
398 2390 461 2450 sibi
473 2391 584 2452 tarum
598 2390 729 2452 deterre
743 2408 809 2452 non
825 2409 885 2468 po-

22 2476 29 2502 ·'
78 2485 225 2545 terimus
249 2487 365 2548 centra
382 2489 496 2560 Deum,
516 2487 572 2548 sed
587 2488 748 2564 eligemus
773 2488 884 2564 potius

28 2593 40 2602 “
80 2581 170 2657 Regi
179 2597 293 2657 regum
302 2598 400 2660 quam
409 2583 655 2661 regihominum
664 2585 881 2662 complacere.

25 2677 28 2684 “
81 2679 248 2750 Quocirca
270 2679 464 2743 discretioni
481 2683 602 2744 vestrae
621 2699 680 2759 per
694 2683 883 2760 apostolica

33 2792 40 2801 ·
80 2775 212 2853 scripta
227 2776 433 2850 mandamus,
457 2780 620 2856 quatenus
639 2780 813 2858 praeiatum
828 2795 884 2841 re-

23 2861 36 2902 ·'
78 2887 160 2946 gem
180 2873 221 2934 ad
246 2872 309 2935 hoc
326 2876 489 2936 moneatis
513 2875 694 2952 prudenter
713 2876 746 2938 ot
769 2875 883 2937 citica-

30 2974 37 2984 ’
79 2969 355 3032 citerinducatis.
370 2972 462 3043 Quod
473 2973 501 3032 si
514 2989 580 3035 non
593 2989 718 3045 omnes,
734 2974 798 3036 due
810 2989 882 3036 ves·

76 3068 184 3137 trum,
200 3070 261 3128 etc.
280 3069 398 3130 Datum
409 3071 576 3141 Laterani,
595 3071 639 3130 111
655 3070 730 3131 idus
747 3069 882 3132 februa·-

22 3169 24 3200 ³
78 3163 137 3234 rii,
153 3165 364 3240 pontificatus
377 3167 483 3229 nostri
495 3181 583 3229 anne
598 3167 754 3229 secundo.

123 3297 161 3356 ln
188 3299 338 3360 eumdem
362 3299 495 3361 modum
520 3301 678 3378 scriptum
702 3302 752 3362 est
773 3301 880 3363 eidem

26 3389 37 3500 ζ’
77 3393 166 3470 a„

389 3503 579 3590 CXXXVI

27 3657 34 3670 ⁴
76 3645 134 3704 Ad
149 3645 443 3719 archiepiscopum
452 3647 881 3719 senonevuem‚eptscopoc

23 3757 33 3794 ,·
120 3741 881 3814 nereensem,nutasroucrencem,rvecen—

23 3863 30 3901 ι
120 3850 209 3909 scm,
220 3839 430 3900 Memenscm
448 3840 483 3901 et
495 3839 751 3902 nivernensem
770 3841 804 3903 ct
815 3844 879 3902 de-

23 3955 33 3998 r
121 3934 296 3996 canumet
309 3937 497 4009 capitutum
512 3937 770 4000 carnotensem.

381 4059 413 4116 ll
430 4056 486 4116 leb.
502 4059 582 4116 lala.

23 4158 33 4196 ’ν
80 4161 221 4226 [Bouquet
233 4163 334 4214 liecueil
342 4161 385 4214 des
397 4163 494 4222 bist.,t.
506 4165 606 4230 xinp.
615 4165 671 4225 cae,
680 4165 777 4230 liegest.
790 4165 827 4217 lib
847 4166 878 4227 ll,

24 4255 27 4268 '
402 4243 476 4309 epist.
492 4245 561 4309 m]

24 4355 27 4394 i
79 4341 174 4409 Quum
190 4339 265 4414 apud
282 4357 382 4415 regem
400 4342 545 4400 incassum
560 4343 769 4401 intercessisset
786 4346 879 4402 Hono

24 4463 27 4490 ε
117 4429 187 4497 rius,
208 4431 301 4504 gratia
326 4431 499 4490 conciliandi
516 4433 734 4490 Aurelianensis
752 4434 879 4507 episcopi

24 4553 31 4590 ,
117 4519 879 4594 cumquodamtoauue,taudemejusdemloauniset

24 4647 30 4669 t
117 4607 299 4680 complicium
313 4610 376 4681 ejus
391 4616 482 4668 terres
502 4609 652 4668 interdicto
671 4611 797 4684 graviori
810 4611 877 4669 sub·

24 4747 27 4786 ³.
115 4693 256 4766 jiciendas
269 4696 396 4768 pontifex
406 4697 543 4757 deceruit.

24 4843 28 4884 ;
123 4812 289 4873 Honorius
316 4813 525 4890 episcopus...
543 4815 790 4879 venerabilibus
810 4815 880 4878 ira·

24 4977 25 4981 ,
81 4908 189 4972 tribus
222 4910 357 4981 nostris,
388 4911 640 4990 archiepiscopo
676 4915 877 4987 senonensi,

24 5055 26 5060 .
81 5007 247 5085 episcopis
272 5007 449 5080 parisien,
475 5010 708 5084 autissiodor,
727 5003 876 5084 Trecen,

80 5104 223 5166 Meldon.
238 5105 271 5167 et
291 5105 485 5178 Nivernen.,
507 5106 638 5169 dilectis
653 5107 732 5170 liliis
747 5108 879 5172 decano

81 5203 115 5262 et
129 5201 274 5278 capitulo
296 5201 503 5276 carnotensi,
527 5203 680 5276 salutem,
696 5204 759 5266 etc.

25 5361 26 5364 ,
122 5297 333 5362 invalescens
347 5298 415 5360 diei
430 5299 557 5362 malitia
570 5300 628 5361 vix
651 5301 822 5378 permittit,
845 5303 880 5365 ut

84 5394 155 5456 siue
173 5395 297 5460 doloris
325 5397 442 5460 aculeo
466 5397 553 5460 diem
576 5415 678 5460 unum
693 5400 880 5478 transigere

121 5595 160 5668 (l)
180 5599 351 5658 iterassem.

939 1124 1083 1186 validius
1098 1128 1214 1187 contra
1230 1128 1333 1188 Deum
1355 1127 1388 1187 et
1410 1127 1578 1189 ministros
1597 1131 1670 1206 ejus
1682 1129 1736 1190 in-

939 1225 1091 1298 surgunt,
1109 1225 1232 1300 quanto
1257 1223 1366 1283 minus
1382 1223 1481 1284 hodie
1495 1224 1665 1286 invenitur
1678 1227 1735 1303 qui

939 1334 976 1380 se
986 1319 1123 1397 objiciat
1135 1318 1263 1382 obicem
1278 1335 1338 1397 pro
1353 1321 1489 1393 eisdem,
1499 1322 1551 1383 vel
1567 1337 1626 1398 pro
1638 1322 1735 1386 domo

939 1416 1733 1496 Dominiseopponetascendentibusexadverso.

941 1503 1035 1574 Unde
1058 1515 1202 1592 eosqui
1226 1531 1291 1576 non
1317 1531 1493 1592 possumus
1518 1517 1655 1579 cuilibet
1673 1533 1736 1593 pa·

940 1611 1035 1672 tienti
1048 1627 1115 1672 non
1127 1613 1282 1690 compati,
1298 1614 1420 1675 etcum
1433 1613 1582 1691 quolibet
1594 1615 1736 1676 scanda-

939 1707 1134 1771 lizantenon
1144 1711 1208 1782 uri,
1216 1711 1406 1786 perurimur
1415 1711 1734 1788 acriorissartagine

939 1806 1128 1869 caritatiset
1138 1805 1367 1870 vehementius
1375 1808 1620 1880 contristamur,
1632 1825 1733 1885 quum

939 1901 975 1960 in
991 1901 1112 1963 tratres
1135 1902 1168 1964 et
1191 1887 1405 1980 coepiscopos
1420 1904 1563 1971 nostros,
1575 1904 1631 1980 qui
1645 1905 1734 1966 tam·

939 2013 1037 2074 quam
1050 1999 1203 2075 digniora
1220 2000 1378 2061 Ecclesiae
1392 2001 1453 2062 Dei
1468 2000 1615 2061 membra
1634 2000 1735 2062 debe-

939 2095 1164 2172 rentamplius
1178 2095 1347 2168 honorari,
1363 2097 1490 2158 malitia
1501 2112 1733 2174 perversorum

938 2190 1050 2252 acrius
1065 2190 1280 2264 incandescit,
1297 2191 1383 2254 sicut
1404 2207 1483 2270 erga
1507 2192 1732 2254 venerabilem

938 2286 1075 2348 fratrem
1108 2289 1257 2350 nostrum
1289 2289 1563 2352 Aurelianensem
1600 2290 1732 2368 episco-

938 2401 1016 2460 pum
1028 2383 1074 2462 (1)
1088 2383 1187 2464 [quod
1202 2385 1377 2448 referimus
1393 2403 1467 2448 cum
1482 2385 1608 2466 dolore]
1625 2403 1732 2464 nuper

938 2482 1126 2557 accepimus
1139 2498 1211 2544 esse
1224 2483 1346 2544 iactum
1359 2482 1489 2545 :oblata
1502 2483 1663 2559 siquidem
1676 2500 1733 2546 no·

937 2576 988 2638 bis
1003 2580 1075 2655 ejus
1091 2579 1299 2655 querimonia
1320 2580 1501 2642 declaravit
1518 2580 1732 2658 quodquam

937 2677 1084 2738 loannes
1106 2674 1146 2736 de
1166 2675 1356 2737 Aurelianis
1379 2676 1485 2748 miles,
1502 2675 1558 2753 qui
1583 2693 1643 2753 pro
1662 2677 1732 2738 suis

938 2771 1130 2834 excessibus
1153 2770 1194 2833 ab
1216 2773 1331 2835 eodem
1353 2772 1471 2835 luisset
1496 2775 1733 2836 excomunica-

937 2869 1037 2931 tionis
1056 2885 1214 2931 mucrone
1233 2886 1421 2948 percussus,
1438 2871 1535 2932 miles
1549 2873 1623 2949 ipse
1644 2874 1732 2934 tam-

937 2982 1035 3043 quam
1043 2967 1191 3028 vesaniae
1205 2967 1324 3044 spiritu
1336 2968 1510 3040 excitatus,
1524 2969 1557 3029 iu
1571 2969 1730 3032 ecclesias

936 3065 969 3126 et
982 3063 1152 3126 ministros
1163 3079 1278 3126 earum
1298 3065 1398 3141 coepit
1412 3065 1592 3127 crudeliter
1606 3066 1730 3129 debac-

936 3161 1041 3232 chari,
1057 3161 1267 3239 presbyteros
1278 3162 1334 3239 qui
1348 3162 1449 3224 latam
1464 3161 1498 3222 in
1514 3179 1589 3224 eum
1601 3163 1731 3226 denun-

936 3258 1068 3320 ciabant
1082 3259 1290 3327 sententiam,
1307 3258 1491 3338 dejiciendo
1506 3275 1527 3320 a
1542 3260 1611 3320 suis
1622 3261 1732 3338 turpi-

934 3356 986 3416 ter
1011 3356 1187 3427 evecturis,
1212 3358 1246 3416 et
1273 3356 1341 3416 tam
1367 3371 1469 3432 equos
1493 3372 1593 3432 quam
1618 3359 1730 3418 omnia

935 3451 1021 3514 bona
1045 3468 1117 3522 sua,
1148 3451 1327 3514 contractis
1349 3452 1500 3514 domibus
1523 3454 1727 3525 eorumdem,

935 3549 1017 3625 ipsis
1029 3549 1183 3624 nequiter
1196 3547 1397 3623 auterend03
1424 3565 1606 3626 manusque
1621 3549 1728 3612 sacri-

935 3647 1027 3721 legas
1038 3645 1255 3707 nibilominus
1269 3645 1376 3707 adres
1391 3646 1597 3723 episcopales
1610 3647 1729 3710 exten·

934 3743 1027 3816 dens,
1044 3743 1150 3820 ipsius
1165 3741 1311 3820 episcopi
1338 3741 1470 3805 domum
1492 3743 1533 3806 de
1546 3744 1729 3820 Astrepeto

934 3844 966 3904 et
991 3840 1153 3917 capellam
1184 3855 1243 3919 per
1271 3856 1349 3902 suos
1378 3839 1537 3904 satellites
1565 3841 1730 3904 violenter

934 3938 1080 4014 infregit,
1094 3938 1138 4010 et,
1152 3953 1219 4000 uon
1234 3938 1364 4000 modica
1377 3939 1470 4016 parte
1479 3938 1641 4001 bonorum
1655 3955 1729 4017 quae

935 4035 1729 4113 inventameruntihidemhostiliter-dissipatam

934 4135 1067 4196 domum
1079 4149 1174 4196 suam
1189 4137 1231 4195 cte
1242 4136 1396 4196 Caertuco
1406 4135 1534 4210 partem
1550 4132 1628 4196 iecit
1642 4135 1729 4195 resi-

934 4231 1033 4293 duam
1047 4229 1223 4310 asportari,
1233 4230 1404 4306 ruptisque
1416 4227 1548 4291 fossatis
1561 4229 1728 4306 praedictae

934 4327 1050 4389 domus
1064 4326 1213 4404 ejusdem
1235 4325 1393 4403 episcopi,
1407 4326 1512 4403 captis
1531 4324 1678 4403 piscibus
1697 4327 1730 4387 et

934 4423 1148 4501 consumptis,
1164 4438 1299 4485 cursum
1324 4421 1424 4484 tontis
1448 4423 1504 4500 qui
1521 4437 1652 4501 semper
1671 4423 1730 4484 de-

933 4521 1088 4593 duxerat,
1112 4521 1147 4582 in
1168 4519 1293 4582 fossata
1308 4519 1477 4596 praedicta,
1495 4536 1538 4581 ne
1553 4519 1594 4581 de
1609 4521 1729 4582 caetero

934 4619 1144 4682 derivaretur
1168 4617 1303 4691 ibidem,
1325 4617 1367 4678 ab
1394 4617 1490 4679 alveo
1514 4633 1575 4680 suo
1594 4617 1729 4696 propria

933 4717 1120 4779 temeritate
1135 4716 1291 4778 divertit:
1308 4715 1375 4792 qui,
1396 4715 1435 4776 ad
1453 4731 1522 4778 suae
1542 4715 1729 4793 iniquitatis

934 4816 1157 4892 unguentum,
1175 4814 1329 4890 episcopo
1341 4812 1406 4890 ipsi
1422 4812 1462 4874 ad
1477 4815 1621 4875 castrum
1632 4829 1729 4874 suum

934 4913 1020 4990 quod
1041 4913 1221 4974 Pttbucris
1244 4913 1454 4985 nuncupatur
1478 4910 1566 4970 ituro
1590 4910 1729 4970 insidias

934 5011 1137 5088 armatorum
1147 5008 1245 5069 invia
1253 5007 1373 5084 posuit,
1383 5007 1439 5083 qui
1449 5006 1731 5083 saevireiuperso·

935 5124 1011 5170 nam
1024 5109 1107 5184 ejuS,
1117 5105 1154 5167 ut
1165 5104 1322 5176 creditur,
1340 5103 1507 5174 sitiebant,
1523 5119 1605 5180 quos
1617 5104 1729 5166 minen

934 5206 1108 5283 episcopus
1129 5203 1214 5280 ipse,
1233 5217 1312 5264 casu
1338 5199 1474 5262 fortuito
1494 5199 1536 5261 ad
1556 5199 1729 5278 cujusdam

935 5302 1049 5366 militis
1077 5300 1277 5363 infirmantis
1300 5298 1526 5362 visitationem
1547 5297 1728 5373 divertens,

934 5401 1049 5464 divina
1068 5398 1262 5478 providente
1275 5397 1462 5470 clementia,
1477 5396 1666 5458 declinavit
