4200 6404
116 324 176 387 211
549 325 635 390 xxi.
651 357 692 374 -
706 324 750 390 IN
773 325 903 390 FESTO
926 326 1075 392 sumam
1097 327 1338 393 LAUREN'I'II.
1708 335 1768 398 242

118 484 916 564 1111111111(111111111111111111111111111
971 504 1069 566 quam
1096 489 1207 552 tamen
1224 489 1321 568 culpa
1340 487 1530 566 remittitur,
1547 491 1604 556 sed
1627 494 1771 558 remissa

115 583 357 660 redemptionis
370 582 524 646 humanae
536 601 603 647 uon
617 583 766 664 perfecit,
776 585 832 647 sed
850 602 918 648 mo·
971 589 1182 665 purgatur.0
1202 588 1318 652 beatus
1333 590 1538 666 paupertatis
1550 589 1713 664 infernus,
1730 591 1768 652 11

1 699 2 743 l
114 681 235 742 rieudo
262 681 405 742 fructum
432 697 475 742 ex
501 698 537 744 se
566 682 809 760 multiplicavit,
838 684 915 762 quia
971 701 1035 762 quo
1057 686 1207 748 Christus
1228 688 1326 749 natus
1348 688 1398 749 θεῖ
1419 689 1451 749 11
1476 688 1632 761 nutritus,
1646 690 1680 752 et
1700 689 1767 752 du-

28 788 48 825 ·-
113 793 232 840 omnes
247 777 289 840 ad
305 778 409 840 vitam
421 779 580 842 aeternam
594 780 847 858 predestinatos
860 797 917 842 re-
970 781 1047 844 dum
1062 782 1125 846 fuit
1143 783 1294 845 incarne
1311 787 1539 846 conversatus.
1557 787 1594 846 in
1613 802 1678 863 quo
1701 803 1768 850 111

59 887 63 894 ·
114 875 230 938 demit.
243 875 393 938 Sicutait
411 876 445 937 11
459 876 916 942 EcclesiasticozPeuetrobo
970 880 1076 942 solum
1102 881 1272 944 descendit
1300 884 1336 943 ut
1363 897 1440 944 suos
1479 883 1679 956 extraheret,
1710 885 1767 948 sed

112 976 303 1048 infertores
321 975 445 1048 partes
459 976 577 1047 terrie,
593 975 628 1036 et
640 979 823 1050 inspiciam
842 991 917 1038 orn»
970 977 1101 1054 quidem
1127 978 1217 1040 dedit
1241 979 1466 1057 semetipsum,
1482 982 1519 1042 ut
1539 997 1601 1042 nos
1624 981 1769 1058 eriperet

112 1085 177 1132 aas
192 1072 414 1144 dormientes,
431 1071 465 1134 11
479 1075 676 1134 illuminabo
702 1087 821 1136 omues
835 1089 916 1152 spc-
970 1073 1010 1136 de
1022 1075 1180 1151 presenti
1191 1076 1313 1138 saeculo
1326 1077 1645 1154 nequitiae.Quodde
1657 1093 1768 1140 massa

108 1169 237 1230 rantes
259 1172 297 1230 iu
318 1173 392 1230 Deo
418 1166 532 1247 (tiocli.
554 1185 649 1243 xxiv,
675 1170 741 1249 45).
764 1171 915 1234 Christus

109 1265 286 1328 deseendit
311 1265 347 1328 in
370 1265 547 1329 inferiores
567 1269 678 1346 partes
695 1269 805 1341 terrae,
818 1270 912 1342 idest,

109 1364 149 1424 11
177 1363 320 1436 1111111,
340 1366 372 1426 11
390 1364 537 1442 inspexit
560 1381 675 1428 omnes
700 1365 912 1440 dormientes,

109 1461 213 1530 idest,
225 1477 341 1525 omnes
356 1464 503 1524 mortuos
524 1463 580 1541 qui
595 1464 740 1548 arentin
755 1465 912 1538 tenebris,

108 1559 147 1620 et
174 1558 380 1622 illuminavit
412 1575 525 1622 omnes
554 1563 726 1637 sperantes
764 1562 799 1623 11
833 1565 912 1636 Dee,

109 1656 213 1728 idest,
231 1672 346 1718 omnes
370 1657 494 1730 fideles,
516 1659 573 1734 qui
594 1657 727 1721 fuerant
750 1659 793 1720 ab
818 1659 915 1723 initio

110 1754 232 1814 mundi
246 1769 349 1830 usque
364 1755 406 1816 ad
426 1754 620 1816 descensum
642 1755 748 1832 ipsius
763 1757 804 1818 ad
821 1757 874 1818 inf
892 1789 913 1804 -

110 1867 183 1922 ros,
200 1855 234 1914 et
257 1846 373 1916 edux'it
398 1869 455 1914 eos
481 1853 522 1914 de
545 1853 691 1916 tenebris
721 1853 842 1916 inferni
871 1856 913 1917 ad

108 1949 223 2010 lucem
239 1965 363 2022 veram,
377 1966 459 2027 quos
471 1951 589 2026 dignos
602 1951 827 2028 redemptione
835 1968 915 2029 pas·

107 2047 219 2107 sionis
254 2047 392 2109 invenit.
425 2047 518 2110 Unda
545 2048 661 2110 beatus
694 2049 911 2123 ambrosius:

108 2161 130 2202 c
147 2143 243 2204 Nihil
267 2144 362 2206 nobis
387 2145 480 2206 nasci
495 2147 705 2219 contulisset,
715 2147 781 2208 nisi
793 2147 913 2210 redimi

105 2241 293 2318 profuisset
315 2259 345 2316 s,
366 2242 523 2321 quoniam
551 2243 628 2306 ante
652 2227 912 2325 redemptionem

106 2338 358 2404 descendebant
372 2340 524 2402 hemines
536 2340 577 2402 ad
592 2341 770 2424 infernum.

150 2437 289 2514 Triplex
299 2436 518 2502 estinferuus.
529 2439 623 2500 alius
636 2439 909 2596 coassignptlonis,

105 2534 171 2594 uhi
184 2536 237 2596 est
248 2535 335 2611 ignis
348 2535 402 2612 qui
422 2551 600 2613 numquam
615 2537 737 2597 moritu
757 2539 810 2615 ,et
823 2537 911 2612 ignis

105 2631 169 2708 qui
195 2647 373 2710 numquam
393 2633 609 2708 extinguitur,
625 2632 660 2696 in
676 2649 741 2711 quo
754 2633 846 2696 nulla
861 2637 913 2697 est

105 2729 307 2806 redemptio.
336 2729 430 2792 Alius
458 2731 509 2792 est
534 2730 684 2792 infernus
710 2732 910 2809 expiationis

109 2826 171 2904 qui
191 2826 366 2904 deputatus
380 2831 432 2890 est
443 2827 618 2890 animabus
638 2829 821 2907 purgandis
838 2833 912 2908 pest

106 2925 264 2986 mortem.
280 2925 373 2986 Alius
388 2925 539 2988 infernus
556 2926 746 2989 afflictionis
762 2942 909 3006 pauper-

106 3023 173 3096 tas,
198 3022 352 3085 videlicet
372 3023 573 3096 voluntaria,
589 3024 625 3086 11
648 3040 713 3101 qua
737 3024 908 3088 abrenun-

109 3120 235 3182 tiantes
259 3121 382 3182 saeculo
408 3120 558 3198 affligere
589 3120 745 3184 debemus
780 3123 909 3186 animas

111 3218 310 3290 nostras,ut
332 3233 500 3292 sanemur,
524 3235 585 3282 nec
602 3220 815 3282 transeamus
836 3223 914 3300 pest

110 3317 253 3377 mortem
268 3316 310 3377 ad
332 3316 507 3393 judicium,
524 3317 581 3378 sed
597 3317 637 3378 de
660 3319 765 3380 morta
780 3319 828 3404 ad
853 3319 908 3380 vi-

107 3415 191 3474 tum.
209 3414 246 3474 In
261 3413 324 3474 hoc
338 3412 470 3476 inferno
485 3413 619 3491 ponitur
643 3415 792 3493 quisquis
806 3416 909 3479 abre-

109 3511 270 3571 nuntians
285 3511 429 3588 propriis
444 3511 670 3588 voluptatibus
680 3511 802 3586 carnis,
819 3529 906 3575 mor·

108 3607 217 3668 iiiicat
231 3607 377 3668 membra
393 3623 453 3670 sua
473 3624 547 3685 quaa
567 3609 644 3670 sunt
657 3623 757 3685 super
772 3609 907 3682 terram,

110 3703 218 3779 magis
243 3704 370 3780 eligens
382 3703 488 3781 afiligi
499 3719 573 3766 cum
589 3705 709 3783 populo
727 3707 798 3778 Dei,
811 3722 910 3784 quam

109 3801 304 3877 temporalis
339 3801 467 3879 peccati
500 3801 623 3864 babere
653 3802 907 3882 jucunditatem.

110 3898 173 3970 Qui
195 3913 275 3974 argo
290 3899 323 3960 11
340 3899 428 3962 hunc
444 3899 611 3962 infernum
626 3898 828 3962 descendere
842 3915 908 3962 non

108 3997 216 4068 curat,
241 3995 350 4058 adhuc
375 3997 410 4058 11
435 4013 535 4058 11111
549 3997 688 4074 pesitus,
714 3998 749 4060 in
768 3997 909 4059 altarum

108 4093 251 4154 (luorum
275 4093 421 4170 profecto
448 4095 636 4164 descendet,
653 4095 711 4156 vix
732 4096 789 4158 aut
812 4111 910 4159 num-

108 4205 222 4266 quam,
250 4190 509 4269 redemptionem
542 4193 750 4254 inventurus.
776 4193 909 4256 Primus

110 4287 264 4350 infernus
279 4291 329 4350 θεῖ
348 4289 526 4362 exactorie,
539 4289 617 4366 quia
640 4290 674 4350 iu
702 4306 742 4352 eo
763 4291 910 4367 exigitur

108 4401 215 4462 usque
230 4387 272 4446 ad
285 4387 503 4448 novissimum
519 4387 747 4464 quadrantem,
763 4388 796 4449 et
810 4405 907 4465 poena

106 4485 183 4560 ejus
198 4483 477 4561 interminabilis;
493 4485 529 4546 ut
547 4485 668 4562 quippe
686 4485 771 4545 nihil
786 4487 906 4547 remit-

103 4581 210 4653 tatur,
221 4597 400 4659 numquam
411 4581 509 4645 finem
518 4581 667 4645 inveniat
677 4583 820 4656 exactio,
830 4583 907 4660 quia

104 4677 233 4753 injuria
255 4679 314 4742 Dei
337 4695 468 4756 semper
483 4679 666 4744 ulciscitur.
681 4679 771 4744 Adeo
796 4679 906 4759 siqui-

104 4775 184 4836 dem
199 4775 358 4838 horrihile
373 4780 424 4839 est
436 4791 495 4853 per
509 4777 768 4841 inobedientiam
783 4778 908 4840 inferre

105 4874 345 4935 contumeliam
352 4874 512 4947 Creatori,
520 4875 557 4937 ut
567 4876 658 4938 nulla
668 4891 765 4955 poena
778 4876 906 4953 expiari

104 4972 217 5047 queat,
246 4971 312 5033 nisi
338 4973 410 5050 ipse
434 4974 592 5040 remittat.
620 4973 713 5048 Quod
737 4975 773 5036 in
799 4976 907 5052 prima

102 5071 373 5147 transgressione
405 5071 531 5150 liquido
561 5075 711 5152 apparet.
743 5076 809 5135 Pro
843 5091 907 5152 qua

104 5167 208 5229 etiam
236 5167 393 5240 infantes,
421 5167 541 5246 quihus
568 5169 603 5230 in
631 5169 794 5247 baptismo
821 5171 907 5233 nihil

104 5265 297 5339 remittitur,
308 5266 344 5327 11
360 5267 521 5330 aternum
533 5266 745 5330 damnantur.

148 5363 319 5425 Secundus
334 5365 386 5427 θεῖ
406 5363 631 5442 purgatorius,
649 5365 767 5426 tertius
782 5366 905 5426 remis-

104 5459 229 5531 sorius,
246 5460 281 5521 11
306 5477 371 5538 que
396 5461 564 5524 nimirum.
591 5461 669 5540 quia
694 5459 906 5524 voluntarius

104 5559 168 5630 est,
185 5573 274 5636 saepe
298 5559 331 5621 et
353 5575 450 5640 poma
477 5560 511 5622 et
535 5558 633 5636 culpa
659 5558 849 5620 remittitur.
868 5560 905 5620 In

104 5657 253 5718 secundo
273 5672 352 5718 vero
377 5657 439 5719 etsi
462 5657 658 5736 quandoque
679 5672 788 5736 poena,
805 5673 905 5718 num·

970 1171 1173 1248 perditorum
1199 1174 1360 1250 segregat,
1391 1173 1439 1236 ibi
1466 1177 1626 1252 aggregat
1659 1175 1765 1238 donec

969 1269 1133 1332 extrahat.
1151 1272 1188 1332 In
1201 1269 1264 1332 hoc
1283 1270 1415 1334 inferno
1430 1273 1509 1334 sunt
1528 1272 1766 1335 adolescentu-

968 1366 1010 1428 lae
1026 1383 1131 1439 uovae‚
1146 1367 1301 1430 videlicet
1314 1368 1485 1430 initiantes
1503 1369 1623 1431 animae
1640 1373 1767 1447 juven·

969 1463 1064 1536 culae,
1081 1464 1228 1541 profecto
1242 1466 1494 1542 tympanistria,
1508 1483 1589 1544 quas
1600 1467 1768 1544 principes

969 1561 1113 1640 angelici
1137 1563 1347 1639 praeveniunt
1365 1563 1401 1622 11
1428 1563 1587 1640 cymbalis
1612 1562 1696 1626 bena
1712 1580 1768 1626 so-

968 1659 1137 1732 nantibus,
1155 1661 1188 1724 et
1200 1658 1449 1736 subsequuntur
1462 1659 1496 1722 in
1511 1659 1768 1739 cymbalisjuhi-

968 1756 1115 1819 lationis.
1131 1759 1167 1818 11
1181 1757 1257 1818 aliis
1273 1757 1436 1834 siquidem
1447 1756 1587 1819 infernis
1600 1757 1763 1832 homiues,

968 1855 1025 1916 sed
1061 1855 1097 1916 11
1132 1854 1196 1916 1111
1226 1853 1392 1916 daemones
1424 1855 1466 1916 ad
1501 1871 1648 1933 praesens
1683 1871 1765 1916 cru-

968 1952 1110 2014 1111111.

1007 2049 1179 2112 Moraliter
1204 2050 1313 2128 potest
1335 2050 1376 2112 de
1390 2065 1590 2128 unoquoque
1613 2051 1764 2112 nostrum

967 2147 1120 2223 intelligi.
1138 2149 1264 2225 Corpus
1288 2147 1366 2210 boni
1390 2147 1567 2225 quuslibet
1590 2147 1765 2210 christiani

966 2246 1018 2305 est
1038 2244 1133 2320 quasi
1154 2260 1295 2320 granum
1311 2244 1479 2316 frumenti,
1496 2244 1594 2322 qued,
1617 2245 1695 2306 dum
1710 2260 1766 2306 se-

966 2341 1098 2417 pelitur,
1112 2343 1306 2414 seminatur,
1315 2343 1401 2404 idest
1414 2342 1555 2404 moritur
1566 2342 1602 2403 in
1614 2341 1763 2418 pulvere,

966 2440 1002 2500 ut
1016 2439 1182 2515 gloriosus
1197 2440 1414 2516 conresurget
1435 2439 1469 2500 in
1484 2455 1604 2512 messe,
1616 2439 1712 2511 idest,
1726 2439 1763 2500 in

965 2537 1084 2612 gloria.
1095 2537 1216 2599 Massia
1230 2537 1281 2598 est
1292 2537 1532 2599 consummatio
1541 2537 1666 2598 saeculi.
1678 2538 1764 2598 Mas·

966 2649 1059 2696 sores
1070 2634 1193 2710 angeli,
1210 2633 1266 2710 qui
1283 2632 1381 2706 falce,
1394 2633 1491 2705 idest,
1503 2634 1564 2695 Dei
1569 2633 1697 2711 judicio
1710 2633 1764 2694 vel

965 2731 1128 2793 sententia
1141 2730 1391 2808 congregabunt
1400 2730 1504 2792 bonos
1517 2730 1559 2791 ad
1568 2730 1765 2803 vitam,ma-

965 2827 1014 2890 les
1027 2828 1069 2889 ad
1088 2828 1307 2905 perditionem
1322 2829 1491 2889 aeternam.
1509 2827 1762 2904 1111111111)-

964 2925 1017 2986 lus
1032 2947 1040 2986 :
1056 2925 1258 2988 demutatur
1281 2928 1319 2986 in
1338 2924 1706 3000 combremarum
1726 2928 1763 2986 111

965 3022 1234 3097 incorruptione.
1258 3023 1463 3084 seminatur
1479 3025 1518 3085 tn
1543 3022 1764 3094 infirmitate,

963 3120 1084 3196 surget
1102 3122 1140 3181 ia
1163 3119 1293 3182 virtute
1311 3116 1341 3199 (1
1361 3120 1434 3181 Gor.
1453 3134 1511 3192 xv,
1526 3120 1577 3192 42,
1593 3117 1659 3198 43).
1676 3120 1761 3182 Nam

964 3233 1084 3294 corpus
1111 3215 1256 3278 hominis
1285 3216 1372 3294 quod
1400 3215 1579 3288 infirmum,
1601 3231 1704 3292 grave
1730 3217 1777 3278 et.

964 3313 1111 3390 ignobile
1127 3314 1296 3390 sepelitur,
1309 3312 1413 3374 multa
1426 3313 1560 3382 virtute,
1577 3313 1759 3386 celeritate,

963 3412 1071 3487 gloria
1099 3411 1133 3472 11
1160 3409 1405 3473 resurrectione
1429 3410 1707 3486 magnificabitur,
1728 3413 1763 3472 et

963 3509 1041 3572 tune
1054 3508 1174 3570 afferet
1186 3508 1327 3570 multum
1341 3507 1482 3568 fructum
1495 3507 1612 3583 gloriae
1627 3508 1761 3568 virtutis

964 3605 1035 3666 liei.
1062 3606 1156 3668 Sicut
1181 3621 1260 3681 ergo
1284 3619 1436 3682 granum,
1462 3603 1635 3681 postquam
1661 3603 1763 3667 fuerit

964 3704 1140 3774 mortuum,
1155 3702 1274 3779 recipit
1293 3717 1413 3763 novam
1435 3700 1575 3762 formam
1597 3701 1633 3762 in
1656 3701 1759 3779 spica,

963 3799 1010 3861 ita
1026 3815 1146 3877 corpus
1166 3799 1343 3862 christiani
1356 3799 1392 3860 in
1410 3799 1656 3864 resurrectione
1670 3798 1762 3860 reci-

963 3897 1032 3974 piet
1045 3913 1167 3960 111111
1191 3897 1330 3958 formam
1353 3896 1385 3961 et
1405 3913 1527 3960 novum
1551 3896 1761 3974 splendorem

964 3994 997 4056 et
1024 4011 1144 4056 novam
1161 3995 1314 4071 gloriam.
1334 3995 1448 4058 Potest
1468 4010 1598 4072 quoque
1621 3995 1662 4058 de
1678 4009 1763 4056 111-

964 4108 1094 4170 quoque
1110 4093 1255 4169 martyre
1277 4092 1418 4168 intelligi
1433 4091 1664 4168 spiritualiter.
1681 4093 1761 4152 Cum

964 4190 1052 4251 enim
1068 4190 1206 4268 quilibet
1232 4191 1358 4267 martyr
1379 4205 1438 4267 pro
1454 4190 1584 4251 Christo
1604 4189 1762 4266 semetip-

964 4303 1037 4348 sum
1054 4287 1193 4349 tradidit
1213 4287 1372 4364 passioni,
1387 4286 1526 4348 multum
1548 4285 1692 4347 fructum
1707 4285 1762 4347 at-

963 4384 1050 4456 tulit,
1073 4386 1150 4462 quia
1178 4384 1300 4461 pagani
1326 4382 1476 4446 videntes
1502 4383 1659 4459 patientis
1681 4399 1763 4445 con-

964 4482 1132 4553 stantiam,
1147 4483 1180 4544 et
1196 4496 1256 4558 per
1273 4481 1382 4558 ipsum
1404 4481 1583 4559 martyram
1597 4481 1761 4544 miracula

965 4580 1159 4650 salvatoris,
1175 4578 1400 4656 glorificantes
1421 4579 1599 4653 Christum,
1617 4595 1761 4642 conver-

963 4678 1118 4742 tebantur
1138 4677 1179 4740 ad
1201 4677 1321 4755 ipsum,
1338 4677 1371 4739 11
1392 4674 1573 4740 Christiani
1599 4679 1656 4755 qui
1682 4679 1782 4740 1111

964 4777 1069 4849 erant,
1085 4775 1357 4840 confortabantur
1369 4775 1404 4838 11
1417 4773 1547 4837 melius.
1559 4776 1598 4839 si
1611 4777 1657 4838 ita
1672 4792 1765 4838 mar-

962 4875 1028 4952 tyr,
1045 4875 1102 4952 qui
1124 4874 1214 4936 solus
1228 4873 1367 4936 cadebat
1381 4873 1415 4934 11
1433 4873 1536 4946 tarra,
1550 4890 1609 4952 per
1629 4874 1762 4936 doleres

962 4973 1213 5042 tormentorum,
1232 4971 1370 5033 multum
1392 4970 1536 5034 fructum
1550 4970 1711 5033 afferebat
1724 4971 1759 5032 in

963 5070 1027 5132 ilde
1037 5083 1275 5131 conversorum
1286 5083 1505 5144 paganorum.

1003 5166 1159 5243 sequitur
1171 5185 1178 5225 ε
1191 5167 1357 5232 euiamat
1369 5168 1632 5228 auimomsucm
1640 5167 1764 5241 perdet

961 5280 1039 5327 eom
1055 5263 1149 5344 (Luc.
1166 5277 1213 5334 rx,
1230 5260 1296 5340 24).
1315 5261 1504 5338 Tripliciter
1518 5262 1631 5325 amant
1648 5262 1761 5324 homi·

962 5377 1020 5424 nes
1033 5360 1162 5422 animas
1177 5374 1266 5430 suas,
1283 5359 1317 5420 et
1335 5357 1460 5430 idcirco
1484 5357 1625 5435 perdunt
1644 5375 1702 5420 aas
1727 5359 1762 5422 in

961 5458 1154 5526 honeribus,
1178 5457 1215 5518 in
1240 5456 1367 5519 divitiis
1390 5457 1424 5518 et
1437 5455 1473 5516 11
1485 5455 1627 5517 deliciis.
1649 5458 1686 5518 lu
1701 5458 1764 5520 ho-

961 5556 1098 5617 noribus
1113 5554 1291 5628 ambitiosi,
1306 5555 1340 5615 in
1361 5553 1486 5616 divitiis
1498 5553 1605 5626 avari,
1618 5553 1654 5615 in
1670 5555 1758 5617 deli-

960 5653 1023 5718 ciis
1043 5653 1243 5732 voluptuosi.
1270 5651 1444 5716 Ambiticsi
1471 5653 1614 5730 perdunt
1632 5652 1763 5716 animas
1871 5673 1873 5678 ·
