4234 6408
172 213 234 274 285
806 209 1036 272 EPISTOLAE.
1060 212 1138 272 LIB.
1162 211 1186 271 1.
1293 293 1298 307 ι
1764 213 1825 274 286

174 371 243 434 tota
265 369 330 432 die.
354 368 536 441 Quodciroa
556 367 806 430 universitatem
825 371 970 432 vestram
1026 371 1158 448 operari
1182 369 1365 441 teneamur,
1391 368 1433 430 ad
1458 368 1577 431 omnis.
1593 383 1682 432 curae
1709 369 1826 434 defen·

174 483 341 544 rogamus,
370 481 540 528 monemus
564 467 721 528 attentius
744 467 777 529 et
799 466 973 530 hortamur
1027 470 1154 530 sionem
1175 469 1208 530 et
1232 467 1456 544 provisionem
1479 466 1614 528 illorum
1638 469 1824 545 praesertim

175 582 236 645 per
262 565 452 642 apostolica
482 563 575 626 uobis
608 565 732 642 scripta
762 566 995 637 mandantes,¹
1027 583 1162 644 operam
1177 565 1335 626 adhibere
1348 567 1500 627 tenemur
1514 566 1571 642 qui
1584 565 1739 642 operibus
1751 567 1826 643 pie-

177 665 352 741 quatenus,
370 663 455 724 sicut
474 661 614 724 salutem
629 664 774 724 vestram
787 664 925 740 diligitis
940 665 973 727 et
1026 666 1105 728 tatis
1119 665 1276 726 insistunt
1290 665 1323 726 et
1338 663 1586 740 compatiuntur
1597 665 1826 742 proximorum

177 763 336 824 honorem
352 761 384 821 et
397 775 509 822 caram
526 760 656 822 habetis
669 762 811 838 gratiam
827 762 973 824 diuinam
1028 762 1198 824 laboribus
1214 763 1246 824 et
1261 762 1430 824 aerumnis.
1447 761 1526 822 Inde
1548 762 1599 823 est
1620 763 1706 839 quod
1727 780 1827 842 quum

177 858 379 930 etnostram‚
403 856 498 920 vobis
522 858 595 920 sine
614 876 707 922 mora
728 860 918 937 praeficiatis
931 859 973 922 ad
1028 861 1140 923 dilecti
1155 859 1216 921 filii
1230 863 1377 922 loannes
1399 859 1553 920 minister
1571 860 1604 921 et
1622 858 1742 922 fratres
1771 876 1829 922 or-

176 957 295 1018 restrae
319 956 469 1032 regimen
494 957 640 1020 civitatis
664 959 870 1036 potestatem,
893 974 975 1020 con·
1029 959 1117 1020 dinis
1141 961 1265 1020 sanctae
1291 957 1465 1018 Trinitatis
1487 957 1519 1018 et
1545 957 1765 1034 captivorum,
1790 976 1828 1020 sa

176 1055 265 1114 sules
275 1054 328 1115 vel
341 1054 514 1127 rectorem,
528 1055 584 1133 qui
597 1057 797 1133 quaestiones
810 1057 842 1119 et
855 1073 974 1118 causas
1029 1055 1211 1136 receptioni
1225 1071 1419 1133 pauperum,
1437 1055 1645 1116 intirmorum
1667 1056 1826 1118 consola-

176 1151 265 1213 inter
285 1167 346 1212 ros
370 1151 524 1213 subortas
546 1153 667 1229 poterit
687 1155 880 1232 posmodum
901 1155 974 1216 ter-
1029 1153 1124 1227 ttoni,
1142 1169 1181 1216 ac
1202 1151 1423 1229 redemptioni
1444 1153 1660 1229 exposuerint
1675 1154 1826 1230 captivo-

176 1249 317 1322 minare,
335 1251 547 1312 ostendentes
567 1251 720 1328 protinus
735 1253 973 1331 peroffectum,
1030 1267 1115 1322 rum,
1140 1251 1391 1313 universitatem
1413 1265 1587 1312 monemus
1613 1251 1771 1312 attentius
1795 1251 1830 1313 et

178 1347 294 1426 quanti
309 1347 377 1409 sint
390 1349 476 1426 apud
501 1365 560 1412 vos
581 1349 738 1426 ponderis
759 1367 875 1428 preces
896 1367 977 1412 nos·
1030 1350 1213 1422 hortamur,
1232 1351 1396 1427 quatenus
1416 1363 1473 1408 eos
1496 1349 1528 1408 et
1542 1348 1675 1410 domum
1693 1349 1828 1410 illorum

178 1446 249 1517 trae,
271 1446 304 1506 et
324 1445 411 1522 quod
437 1447 485 1507 sic
511 1446 690 1509 debeamus
714 1465 774 1511 vos
799 1451 835 1510 in
856 1450 976 1511 vestris
1031 1447 1314 1509 recommendatos
1343 1443 1506 1506 habentes
1523 1446 1555 1506 et
1569 1445 1782 1509 defendentes
1808 1463 1828 1509 a

177 1542 433 1604 necessitatibus
462 1545 639 1618 exaudire,
667 1545 754 1609 sicut
777 1563 837 1625 pro
864 1549 976 1610 vestra
1031 1547 1252 1622 malignorum
1278 1545 1426 1616 incursu,
1454 1542 1675 1620 parochianos
1699 1546 1827 1607 vestros

178 1640 286 1702 salute
299 1641 455 1716 rogantes
475 1657 495 1702 a
514 1641 607 1703 vobis
630 1643 791 1706 fuerimus
812 1645 974 1706 exauditi.
1032 1644 1089 1706 aut
1104 1646 1152 1706 eis
1166 1645 1206 1705 de
1223 1643 1319 1705 bonis
1337 1642 1400 1702 sibi
1415 1658 1435 1703 a
1450 1644 1519 1702 Deo
1534 1642 1663 1704 collatis
1679 1643 1827 1704 eleemo-

180 1738 216 1800 Si
240 1753 318 1800 vero
351 1738 517 1816 aliquibus
550 1743 763 1818 juramentis,
802 1743 977 1805 adversum
1033 1759 1133 1819 synas
1148 1741 1345 1817 largiantur,
1362 1739 1395 1802 et
1409 1739 1581 1800 beneficiis
1601 1739 1774 1801 charitatis
1783 1740 1828 1800 il-

177 1851 237 1900 vos
262 1837 406 1897 invicem
427 1837 605 1899 temerarie
630 1841 800 1916 praestitis,
817 1842 978 1904 tenemini
1033 1842 1140 1902 lorum
1151 1856 1210 1918 pro
1227 1855 1323 1916 posse
1347 1837 1510 1899 auxilium
1528 1836 1700 1899 conferant
1710 1853 1827 1915 oppor-

179 1932 317 1995 forsitan
334 1933 481 2010 obligati,
502 1935 544 1996 ad
559 1937 736 2000 consilium
754 1939 905 2001 nostrum
921 1955 979 2001 su·
1032 1939 1166 2009 tunum,
1201 1935 1364 1998 moneatis
1398 1934 1554 1997 attentius
1589 1935 1621 1996 et
1649 1930 1829 1997 efficaciter

179 2048 238 2109 per
261 2031 304 2092 iis
327 2047 501 2094 recurrere
526 2035 678 2110 poteritis
702 2035 850 2113 tempore
874 2053 977 2114 opor·
1032 2035 1209 2120 inducatis.
1245 2034 1362 2095 batum
1395 2031 1564 2104 Laterani,
1594 2033 1639 2091 Xl
1668 2031 1830 2094 kalendas

180 2132 271 2202 tunc,
290 2129 368 2208 quia
389 2130 499 2208 parati
525 2147 639 2194 sumus
665 2133 857 2210 impendere
879 2134 980 2210 spiri·
1034 2133 1157 2216 martii,
1172 2131 1382 2210 pontificatus
1396 2129 1501 2192 nostri
1514 2144 1602 2190 anno
1615 2129 1734 2206 primo.

179 2225 325 2288 tualibus
374 2227 592 2304 languoribus
637 2231 796 2293 salutaris
839 2232 979 2294 antidoti

67 2327 69 2331 ’
180 2323 379 2386 medicinam
397 2327 430 2388 et
449 2327 523 2403 paci
542 2329 662 2390 vestrae
682 2328 854 2390 intendere
869 2346 908 2392 ac
924 2346 982 2392 sa-

180 2422 251 2484 luti.
261 2423 378 2484 Datum
387 2423 554 2496 Laterani,
566 2428 626 2487 Xll
636 2426 702 2487 hal.
715 2427 837 2500 martii,
851 2428 980 2504 pontill-
1342 2417 1527 2503 GCXXXI

182 2521 394 2585 catusnostri
409 2538 497 2584 anno
512 2524 630 2601 primo.

1034 2625 1086 2684 Ad
1098 2626 1130 2684 J.
1143 2625 1387 2698 presbyterum
1401 2624 1550 2684 ecclcsiae
1563 2621 1693 2683 sancta
1704 2623 1833 2682 Marios

494 2681 680 2770 GCXXIX
1153 2725 1190 2783 tn
1206 2723 1392 2783 demoranti
1413 2723 1552 2794 ejusque
1567 2720 1709 2793 fratres.

182 2855 234 2914 Act
248 2849 249 2854 ’
253 2855 410 2928 priorem
434 2854 466 2915 ct
491 2855 679 2946 capitulum
696 2855 897 2917 saltatorum
917 2857 978 2917 Jo-

208 2981 212 2988 ·
317 2955 442 3013 balteis
456 2952 489 3014 et
503 2956 605 3014 Pauli
625 2955 843 3016 Tuderttttos.

183 3171 255 3233 [sou.
277 3170 326 3222 m.
350 3083 978 3242 aa,p¹1⁹usf¹fih¹²n¹u⁷iaumtnasum]
1033 3149 1078 3209 lid
1104 3150 1249 3222 exemplar
1275 3147 1420 3208 coelestini
1444 3163 1491 3220 nn·
1520 3147 1560 3205 111
1586 3146 1832 3217 constitutionem,

400 3291 405 3302 ,
744 3293 749 3305 ,
884 3292 890 3304 ,
1070 3252 1125 3309 qua
1145 3237 1174 3292 in
1193 3249 1293 3292 eorum
1312 3240 1456 3292 conventu
1472 3232 1619 3305 quinarius
1639 3231 1757 3290 fratrum
1776 3247 1831 3290 nu·

182 3289 239 3346 Eos
256 3296 285 3347 et
304 3291 441 3348 ecclesias
465 3305 564 3349 eorum
583 3307 648 3350 cum
673 3291 807 3351 ommbus
824 3291 908 3351 bonis
927 3292 979 3351 sub
1070 3340 1167 3383 merus
1181 3323 1311 3392 habetur,
1327 3322 1488 3379 confirmat,

363 3381 394 3438 B.
410 3380 485 3438 Petri
500 3383 676 3453 protectione
692 3383 801 3455 recipit.

224 3505 328 3566 Justis
352 3506 533 3582 petentium
558 3507 658 3568 etc„„
695 3520 803 3580 usque
815 3477 977 3567 ἐὶ-35911311,
1073 3493 1177 3557 Justis
1194 3493 1339 3554 filiorum
1357 3489 1507 3552 eoelesiae
1522 3488 1675 3567 precibus
1689 3487 1833 3564 benigne

186 3603 367 3664 Personam
382 3605 416 3666 ct
429 3603 605 3666 ecclesiam
620 3605 765 3666 uestram
781 3620 855 3665 cum
873 3604 981 3665 omni·
1036 3591 1300 3655 condescendere
1325 3605 1386 3650 nos
1410 3587 1549 3664 01³0?th
1575 3586 1608 3648 θῒ
1631 3585 1712 3662 ipsis
1733 3585 1834 3648 facile

184 3697 246 3759 bus
261 3698 356 3761 honis
371 3717 445 3777 quae
478 3701 777 3778 impraesentiarum
796 3700 982 3762 rationahi.
1036 3691 1182 3751 favorem
1197 3686 1425 3766 Apostolicum
1441 3684 1617 3760 impartiri,
1632 3685 1668 3746 ut
1682 3701 1782 3761 quum
1798 3701 1834 3746 so

183 3797 261 3858 liter
283 3799 472 3876 possidetis,
500 3799 553 3861 val
575 3800 610 3859 in
634 3799 780 3859 futurum
803 3798 981 3875 praestante
1035 3787 1194 3850 benevolo
1225 3784 1372 3848 viderint
1406 3782 1596 3854 exauditos,
1629 3781 1762 3844 facilius
1791 3782 1833 3844 ad

184 3895 324 3956 Domino
337 3897 439 3972 justis
457 3895 563 3956 modis
585 3894 738 3970 poteritis
751 3895 903 3972 adipisci,
920 3894 981 3955 sub
1036 3887 1244 3950 devotionem
1257 3884 1404 3945 nostram
1416 3883 1448 3944 et
1456 3880 1612 3942 Ecclesiae
1620 3881 1832 3944 inducantur.

183 3991 273 4054 beati
289 3993 380 4054 Petri
391 3992 423 4054 et
433 3993 548 4053 nostra
563 3992 767 4070 protectione
783 3993 981 4069 suscipimus
1036 3985 1229 4062 Eapropter,
1242 3981 1354 4044 dilecti
1369 3980 1404 4041 in
1423 3978 1563 4042 Domino
1579 3978 1651 4052 filii,
1675 3978 1834 4056 scriptum

184 4092 217 4152 et
241 4091 414 4168 praesentis
440 4091 556 4168 scripti
580 4091 701 4168 pagina
728 4091 980 4154 communimus.
1037 4083 1264 4146 authenticum
1286 4095 1350 4157 quo
1366 4079 1464 4155 juxta
1487 4076 1662 4138 facultates
1682 4077 1835 4138 ecclesiae

181 4188 274 4250 Nulli
294 4205 373 4264 ergo
394 4189 528 4252 omnino
552 4189 734 4261 hominum,
754 4191 842 4252 eim..
860 4189 981 4252 nostrae
1036 4183 1167 4252 uestrae,
1181 4179 1221 4240 de
1234 4173 1586 4238 assensuvenerabilis
1601 4172 1715 4234 fratris
1729 4175 1834 4234 nostri

182 4288 409 4364 protectionis,
422 4288 511 4349 etc...
525 4287 559 4348 Si
571 4287 644 4364 quis
655 4289 766 4348 autem
776 4288 864 4349 etc...
1037 4277 1223 4341 Placentini
1235 4273 1393 4352 episcopi,
1408 4270 1627 4332 consideratis
1638 4273 1709 4347 ejus
1722 4269 1835 4330 facul-

222 4388 340 4448 Datum
356 4386 523 4458 Laterani,
540 4384 667 4448 decimo
681 4385 841 4448 kalendas
856 4384 980 4458 martii,
1036 4376 1172 4446 tatibus,
1189 4372 1379 4450 quinarium
1399 4370 1435 4430 in
1452 4385 1492 4430 ea
1507 4367 1648 4430 fratrum
1661 4383 1836 4430 numerum

182 4483 392 4562 pontificatus
405 4483 511 4546 nostri
524 4499 612 4545 anno
626 4483 750 4561 primo.
1038 4473 1180 4552 provido·
1199 4469 1376 4542 statuistis,
1398 4465 1634 4546 perspicaciter
1656 4465 1835 4541 intuentes,

1037 4589 1079 4634 ne
1104 4585 1204 4649 super
1230 4568 1418 4645 aliquorum
1440 4563 1632 4642 receptione
1657 4564 1779 4641 praeter
1802 4563 1836 4626 id

498 4643 664 4731 CCXXX
1038 4671 1124 4748 quod
1144 4667 1304 4730 statutum
1320 4665 1370 4726 est
1384 4661 1518 4740 possitis
1543 4660 1690 4739 qualibet
1712 4661 1838 4739 impro-

183 4798 237 4858 Λα
264 4797 546 4868 archiepiscopos,
577 4799 751 4870 episcopos
777 4795 811 4856 et
833 4795 982 4863 abbates,
1038 4770 1140 4831 bitate
1164 4766 1298 4837 venari,
1324 4761 1594 4825 constitutionem
1620 4761 1727 4836 ipsam
1752 4761 1837 4870 sicut

224 4895 367 4967 priores
381 4893 415 4952 et
429 4896 513 4952 altos
527 4895 750 4954 ecclesiarum
761 4895 925 4968 proelapos
939 4895 985 4954 ad
1039 4863 1282 4929 rationabiliter
1301 4859 1388 4922 facta
1406 4861 1467 4930 est,
1484 4857 1524 4920 ad
1542 4856 1714 4933 exemplar
1727 4855 1836 4919 fehcrs

225 5003 309 5064 occos
324 4987 450 5049 litterae
460 4988 697 5062 pervenerim.
1039 4965 1207 5026 memorias
1246 4957 1403 5019 celestini
1438 4959 1537 5063 Papae
1581 4953 1837 5030 praedecessoris

479 5119 512 5176 49
530 5116 601 5176 febr·
617 5119 695 5177 itti.
1040 5058 1156 5130 nostri,
1169 5055 1367 5118 auctoritate
1381 5051 1572 5130 Apostohca
1587 5050 1836 5122 confirmamus,

187 5209 260 5277 [eod.
281 5209 327 5260 lat.
344 5207 414 5268 3931,
437 5223 463 5273 p.
483 5207 539 5257 130.
562 5208 620 5258 blss.
640 5206 818 5271 bibliotheque
831 5205 984 5273 nationale]
1039 5153 1269 5316 θξὸξὲῗῑᾷῃξῗ
1281 5151 1411 5310 iffi&
1431 5162 1840 5322 ssffilgaeggllgggnfffluuls:

188 5317 419 5420 Archiepiscopis
440 5323 468 5373 et
489 5314 632 5388 episcopis
653 5313 689 5415 nd
708 5328 780 5386 quos
797 5314 903 5417 litterae·
923 5315 986 5416 ista
1039 5274 1126 5417 {lates
1139 5345 1350 5412 excreverint
1365 5344 1451 5422 quod
1467 5342 1579 5420 plures
1594 5339 1712 5402 merito
1727 5341 1839 5406 valeat

224 5414 405 5482 pervenerint
419 5403 602 5464 commendat
613 5401 744 5461 ordinem
762 5401 811 5460 SS.
828 5403 982 5461 trinitans.
1039 5451 1195 5520 retinere,
1207 5445 1299 5508 Salvo
1309 5443 1345 5504 in
1356 5440 1508 5503 omnibus
1518 5441 1629 5501 tamen
1637 5438 1838 5516 Apogqoqjcae

231 5555 335 5624 Quum
366 5551 464 5629 juxta
496 5549 632 5616 verbum
665 5547 825 5628 Apostoli,
861 5546 985 5609 bonum
1041 5549 1135 5614 sedis
1161 5543 1327 5608 mandato.
1357 5538 1450 5602 Nulli
1477 5553 1557 5614 ergo
1583 5537 1729 5612 omnine,
1748 5535 1838 5600 eto...

1326 2907 1359 2964 19
1374 2904 1446 2964 febr.
1463 2905 1541 2964 1217.

1066 2995 1137 3061 [God.
1148 2995 1194 3047 lat.
1207 2994 1277 3048 3931.
1289 3011 1315 3060 p.
1328 2995 1380 3046 ltl.
1392 2996 1449 3046 llss.
1463 2993 1639 3058 bibliotheque
1649 2991 1802 3058 nationale]
