4104 6392
99 305 155 364 821

99 465 232 526 clericis
247 465 446 542 supradictis
461 467 509 528 sic
525 467 559 528 in
581 469 781 530 necessariis
804 471 837 532 et
856 471 891 532 tu

99 561 170 638 ipse
193 563 380 634 subvenias,
405 565 438 625 et
462 563 565 626 facias
586 565 621 628 in
642 565 700 626 tua
719 567 890 643 provincia

99 659 280 731 subveniri,
292 659 378 736 quod
391 659 468 736 ipsi,
485 660 703 724 subventione
715 663 890 724 caritativa
907 683 914 692 ·

98 754 230 824 firmati,
251 757 454 833 assumptam
478 773 613 820 causam
638 759 754 820 fortius
769 775 889 836 prose-

98 853 250 930 quantur.
278 855 398 914 Datum
415 855 581 926 Laterani,
594 857 653 918 Vll
668 856 828 918 kalendas
838 860 890 934 ju-

96 948 145 1022 lii,
158 950 369 1026 pontificatus
384 952 490 1014 nostri
510 967 597 1014 anno
613 953 768 1014 secundo.

432 1109 560 1197 (IGGX

96 1233 148 1292 Ad
161 1233 372 1308 magistrum
386 1233 419 1294 ct
433 1235 565 1308 fratres
579 1237 699 1296 domus
713 1236 889 1310 respuam

325 1331 660 1406 Hierosotpmttanoe.

389 1443 425 1501 25
435 1443 497 1516 jun.
515 1444 594 1502 lale.

198 1547 631 1613 Πο31033,11000111.110003310,1,
642 1551 680 1612 lo,
689 1565 716 1608 n,
729 1550 780 1615 11]

93 1644 145 1700 Eis
161 1659 288 1702 annuum
299 1653 413 1703 cantum
433 1661 593 1704 marcarum
615 1648 729 1720 argenti
747 1647 887 1705 redditum

133 1733 168 1790 ab
189 1733 314 1804 Andrea,
344 1735 500 1807 ilungariae
524 1750 604 1808 rege,
632 1750 812 1805 concessum,
838 1752 889 1808 pro

131 1820 259 1878 custodia
274 1823 360 1879 castri
376 1823 497 1896 llargali
511 1823 671 1882 confirmat.

134 1929 302 1990 Honorius
344 1931 537 2007 episcopus,
568 1947 684 1992 servus
717 1947 887 1994 servorum

92 2025 164 2094 Dei,
181 2027 257 2094 etc,
275 2025 405 2087 dilectis
422 2027 888 2102 111113...10301313331133131-

92 2119 154 2180 bus
175 2120 290 2182 domus
304 2121 478 2198 hospitalis
494 2125 817 2200 Hierosolymitanae,
832 2141 888 2184 33-

93 2217 195 2278 101310
210 2219 244 2278 31
259 2220 474 2294 apostolicam
489 2220 765 2282 benedictionem.

134 2317 249 2375 Cuma
261 2314 357 2376 nobis
372 2318 504 2392 petitur,
525 2319 587 2378 etc.
605 2320 797 2394 Eaproptar,
810 2321 885 2386 etc„

92 2427 201 2484 usque
215 2427 367 2476 assensu.
383 2417 538 2474 Annuum
552 2415 682 2476 centum
700 2430 885 2476 marcarum

93 2509 225 2582 argenti
245 2508 408 2571 redditum
432 2509 526 2570 vobis
541 2525 600 2587 pro
621 2511 770 2572 custodia
785 2513 885 2573 castri

93 2605 209 2676 vestri,
219 2607 304 2682 quod
320 2607 462 2682 Margati
480 2607 612 2680 dicitur,
627 2623 645 2668 3
662 2608 835 2669 3331331100
851 2608 886 2668 10

92 2699 224 2760 Christo
252 2699 321 2762 filio
352 2702 469 2762 nostro
496 2701 628 2763 Andrea
655 2701 780 2764 illustri
808 2718 887 2778 rege

93 2797 274 2872 Huugariae
296 2797 336 2858 03
355 2799 570 2875 proventibus
584 2799 705 2860 salium
725 2801 820 2876 regni
834 2801 886 2860 sui

92 2894 180 2968 apud
193 2893 334 2956 Zolacha
349 2896 403 2971 pia
417 2895 616 2958 liberalitate
626 2913 831 2970 conoessum,
845 2897 887 2957 si-

92 2993 148 3052 301
163 2990 271 3066 103001
288 2993 378 3067 juste
397 3009 437 3054 ao
457 2993 595 3070 pacifice
619 2992 785 3064 obtinetis,
804 2995 836 3056 et
850 2995 885 3054 10

91 3087 241 3163 ejusdem
264 3088 353 3165 regis
375 3088 495 3150 litteris
517 3090 648 3167 plenius
676 3089 882 3161 continetur,

87 3183 183 3245 vobis
197 3185 230 3246 et
251 3201 312 3260 per
330 3200 388 3247 vos
415 3186 527 3247 domui
546 3187 665 3248 vestrm
687 3187 884 3250 auctoritate

87 3281 572 3358 apostolicamnrlrmamus,et
580 3283 753 3358 praesentis
769 3285 884 3358 scripti

86 3377 273 3454 patrocinio
285 3379 595 3439 3000001003.Αο
607 3381 883 3456 majoremautem

86 3475 137 3537 rei
148 3474 362 3546 evidentiam,
375 3475 525 3535 tenorem
538 3473 724 3536 litterarum
735 3476 884 3552 ipsarum

86 3571 127 3632 de
149 3570 252 3633 verbo
272 3571 312 3631 ad
333 3569 470 3632 verbum
480 3571 642 3648 Jussimus
663 3571 883 3648 praesentibus

86 3669 255 3730 annotari.
272 3668 334 3740 Qui
345 3669 423 3730 talis
434 3671 484 3729 est
500 3689 507 3729 ε

125 3769 163 3828 10
176 3766 312 3828 0010103
328 3767 458 3828 Sanctae
473 3765 645 3828 Trinitatis
659 3767 693 3827 31
703 3766 883 3829 individuae

83 3863 235 3926 unitatis.
250 3863 400 3924 Andreas
413 3863 472 3924 Dei
483 3863 590 3940 gratia
604 3865 795 3940 Hungariae,
804 3866 884 3926 Dal-

82 3960 209 4031 1031133,
241 3960 393 4031 croatiae,
418 3962 544 4031 Remea,
572 3961 708 4030 serviae,
738 3962 880 4034 (13111133,

80 4057 357 4134 Lodomircaeque
376 4073 438 4118 rex
463 4058 499 4118 in
519 4059 725 4136 perpetuum.
741 4059 881 4121 Muniti-

78 4155 198 4219 centiae
220 4153 344 4230 regalis
358 4155 576 4228 immensitas,
597 4156 675 4218 licet
693 4157 734 4218 ad
750 4157 880 4233 ignotos

79 4255 113 4315 et
134 4251 289 4330 cognitos
305 4250 440 4314 dilatari
461 4251 589 4325 debeat,
605 4253 680 4316 illos
694 4257 805 4316 tamen
825 4255 880 4316 di-

79 4351 170 4412 vinae
186 4347 321 4426 pietatis
340 4348 463 4410 intuitu
487 4349 625 4424 largiori
643 4351 751 4425 gratia
768 4349 881 4412 fovere

721 309 951 372 03130000
974 311 1052 372 113.
1076 313 1117 372 11.

1679 318 1739 378 &22

945 469 1067 532 nostrae
1091 470 1279 534 donationis
1301 473 1557 550 eleemosynam,
1585 475 1737 538 animad-

945 567 1736 633 vertimusforecollocandam.Videbamusenim

946 664 1090 740 qnotidie
1114 668 1304 726 memoratae
1328 666 1455 739 domus,
1473 669 1508 729 ut
1532 667 1593 730 Job
1615 669 1737 730 3110-

945 761 1044 830 01310,
1062 777 1242 838 pauperum
1258 763 1387 823 turbam
1412 765 1452 824 30
1477 780 1512 825 33
1536 765 1737 826 diffluentem

945 849 1101 921 diuturna
1125 859 1316 920 victualium
1344 859 1631 922 administratione
1654 861 1737 922 refl-

945 973 1031 1028 3333,
1049 956 1252 1020 mortuorum
1272 957 1307 1017 in
1324 956 1467 1031 Christo,
1484 973 1622 1035 corpora
1638 957 1738 1034 digna

944 1054 1158 1115 veneratione
1196 1053 1337 1130 sepelire
1364 1071 1372 1114 :
1402 1057 1435 1116 et
1465 1056 1501 1117 ut
1533 1057 1667 1116 renatos
1702 1055 1736 1116 in

944 1151 1073 1212 Christo
1089 1151 1298 1213 machabaeos
1313 1167 1380 1214 non
1397 1151 1524 1213 tantum
1539 1151 1574 1211 in
1590 1167 1739 1228 pagano-

944 1265 1017 1310 rum
1033 1248 1186 1310 conflniis
1202 1249 1310 1310 castra
1321 1249 1544 1310 munitissima
1559 1248 1735 1320 collocare,

943 1361 1058 1407 verum
1080 1346 1180 1407 etiam
1201 1361 1261 1422 pro
1283 1346 1407 1408 Christi
1429 1345 1562 1407 nomine
1584 1346 1739 1422 propria·

943 1457 1017 1504 rum
1047 1442 1198 1504 litatione
1235 1458 1453 1519 personarum
1482 1442 1738 1504 Amalecbarum

944 1539 1101 1616 impetum
1119 1539 1304 1612 retinendo,
1329 1539 1520 1602 christianae
1540 1539 1616 1600 fidei
1636 1539 1738 1599 semi-

943 1651 1062 1698 narum
1075 1653 1269 1714 propagare.
1282 1639 1351 1698 Nos
1362 1637 1464 1714 igitur
1476 1635 1662 1715 saepedictae
1673 1635 1737 1696 do-

944 1749 1017 1796 mus
1049 1750 1117 1797 non
1142 1735 1269 1796 tantum
1300 1734 1422 1796 divinae
1453 1734 1586 1812 pietatis
1613 1733 1736 1794 intuitu

943 1831 1151 1906 coadjutores
1180 1831 1267 1892 effici
1296 1833 1488 1908 cupientes,
1516 1831 1572 1892 sed
1601 1832 1668 1892 tam
1701 1831 1737 1890 in

943 1929 1089 1999 Acbone,
1101 1929 1222 1990 chrato
1237 1929 1270 1990 et
1284 1929 1433 2004 Margato
1448 1928 1543 1990 nobis
1554 1929 1734 2004 impensas,

943 2023 1080 2084 delicias
1096 2027 1128 2085 et
1151 2024 1294 2085 bonores
1316 2024 1466 2085 nolentes
1488 2022 1736 2098 ingratitudinis

944 2119 1114 2195 praeterire
1130 2119 1273 2192 silentio,
1289 2120 1402 2181 nostra
1414 2121 1666 2196 nostrorumque
1676 2118 1738 2179 ba-

941 2231 1059 2276 ronum
1074 2215 1312 2277 deliberatione
1327 2216 1476 2292 legitima
1499 2215 1535 2276 in
1551 2217 1655 2293 juset
1673 2231 1735 2274 30-

942 2313 1084 2389 03301311
1111 2313 1254 2388 bdargati
1282 2313 1369 2390 quod
1395 2315 1486 2374 33313
1513 2313 1548 2373 10
1572 2311 1736 2373 frontibus

942 2425 1147 2485 paganorum
1162 2412 1262 2471 311001
1283 2411 1345 2477 est,
1365 2410 1639 2471 sustentationem
1655 2425 1735 2485 per·

942 2508 1086 2582 petuam,
1107 2504 1148 2568 ob
1171 2506 1393 2567 reverentiam
1416 2506 1516 2566 etiam
1540 2505 1680 2568 fratrum
1701 2506 1736 2566 in

942 2605 1123 2664 memorato
1139 2603 1248 2664 castro
1271 2603 1562 2674 commorantium,
1581 2601 1735 2679 aquibus

943 2700 976 2758 in
991 2701 1104 2761 nostro
1117 2699 1259 2762 transitu
1269 2699 1410 2776 benigne
1426 2699 1550 2776 recepti
1562 2699 1685 2760 fuimus
1702 2701 1736 2760 et

942 2797 1125 2859 honorifice
1151 2797 1355 2874 pertractati,
1380 2797 1421 2858 de
1435 2795 1650 2874 proventibus
1674 2812 1734 2856 sa·

941 2895 1022 2955 lium
1036 2881 1132 2970 reg'ni
1147 2895 1253 2957 nostri
1268 2897 1398 2956 centum
1414 2909 1544 2954 marcas
1557 2907 1688 2969 semper
1698 2893 1734 2953 in

941 2991 1091 3067 paschali
1104 2994 1253 3067 tempore
1268 2990 1417 3052 dedimus
1437 2991 1472 3052 in
1492 2991 1631 3066 argento
1646 2991 1732 3067 apud

940 3087 1082 3149 Zolacba
1115 3087 1188 3148 sine
1217 3087 1405 3148 conditione
1436 3088 1673 3164 persolvendas
1703 3089 1735 3149 et

940 3185 1139 3246 contulimus
1153 3185 1189 3244 in
1211 3187 1404 3262 perpetuum
1425 3185 1652 3262 possidendas.
1668 3188 1735 3246 Ve-

940 3295 1014 3343 rum
1040 3281 1118 3358 quia
1138 3281 1189 3341 rei
1214 3284 1315 3356 gesta
1340 3281 1501 3342 memoria
1521 3281 1612 3342 facili
1638 3282 1735 3358 lapsu

940 3377 1129 3439 mortalium
1154 3379 1280 3439 mentes
1305 3377 1446 3450 deserit,
1467 3378 1533 3439 nisi
1560 3379 1733 3454 scripturae

939 3476 1152 3536 monumento
1181 3473 1448 3543 commendetur,
1476 3476 1511 3536 et
1537 3475 1733 3537 auctoritate

939 3572 1031 3648 regia
1047 3571 1218 3643 solidetur,
1235 3572 1272 3633 ut
1285 3573 1389 3634 baeca
1405 3571 1500 3632 nobis
1519 3572 1608 3633 facta
1629 3573 1735 3634 dona-

938 3669 985 3732 tio
998 3669 1120 3730 nostris
1138 3669 1394 3746 nostrorumque
1407 3683 1635 3732 successorum
1651 3685 1733 3746 ope-

939 3765 1730 3844 ribussalvasemperetinooncussapermaneat,
1847 3758 1852 3767 ’

938 3865 1135 3940 praesentem
1152 3864 1378 3924 concessimus
1402 3864 1555 3941 paginam
1571 3863 1733 3956 secretio-

938 3962 985 4020 ris
996 3959 1099 4036 sigilli
1114 3961 1230 4032 nostri,
1245 3975 1356 4022 aureae
1375 3960 1533 4024 videlicet
1546 3960 1656 4032 bullae,
1673 3975 1732 4022 33-

937 4057 1113 4120 racterein
1134 4057 1539 4135 perpetuumroboratam.

976 4157 1095 4216 Datum
1107 4154 1194 4231 apud
1219 4155 1406 4230 Margatum
1429 4169 1489 4230 per
1503 4169 1636 4214 manum
1659 4170 1731 4214 ma·-

936 4251 1032 4327 gistri
1057 4251 1242 4326 Huguerini
1271 4251 1357 4311 aulae
1387 4249 1489 4326 regiae
1516 4250 1728 4322 cancellarii,

936 4362 1023 4430 3000
1036 4349 1221 4408 MGGXVII.
1233 4346 1422 4408 Venerabili
1434 4347 1585 4409 iohanne
1601 4347 1731 4422 Strigo-

80 4447 179 4509 debet
193 4447 228 4508 et
249 4445 416 4522 amplecti,
441 4461 500 4522 per
521 4463 661 4524 quorum
685 4464 803 4508 manus
828 4450 881 4511 ut·
936 4445 1056 4517 013031,
1084 4443 1267 4506 reverendo
1289 4444 1466 4506 Bertboldo
1482 4445 1655 4507 Colooensi
1673 4461 1731 4506 ar-

79 4547 157 4622 pote
187 4543 455 4619 dispensatorum
483 4543 630 4604 fidelium
658 4561 724 4606 000
752 4545 879 4606 1301010
935 4541 1157 4619 310301330οἰ3
1180 4541 1409 4613 existentibus,
1426 4542 1549 4603 Golano
1566 4542 1730 4619 Quinque-

76 4639 258 4718 largientis
267 4640 702 4714 memoriaecommendatur,
711 4643 767 4703 sed
778 4643 878 4703 etiam
934 4639 1146 4712 ecclesiensi,
1170 4639 1341 4701 Desiderio
1361 4639 1569 4712 cenadiensi,
1586 4642 1729 4717 Synrorre

77 4735 371 4801 succrescentibus
398 4753 487 4799 verae
515 4730 688 4816 religionis
718 4739 879 4801 fructibus
934 4737 1157 4810 waradiensi,
1179 4738 1349 4800 Willelmo
1370 4737 1601 4810 Transilvano,
1629 4739 1728 4799 Petro

77 4839 139 4900 Dei
154 4835 268 4898 cultus
293 4835 501 4897 incessanter
522 4836 691 4898 dilatatur.
716 4837 878 4899 0001113-
934 4835 1123 4907 tieuriensi,
1153 4833 1296 4896 Roberto
1321 4834 1577 4910 vesprimiensi,
1604 4833 1728 4895 Jacobo

77 4950 155 5012 que,
172 4932 273 5011 prout
287 4947 330 4992 ex
345 4935 508 5010 susceptae
518 4935 797 5011 peregrinationis
812 4935 880 4996 offl-
934 4930 1119 5004 watiensi,
1148 4930 1313 5007 Stephano
1340 4930 1572 5005 zagabriensi,
1601 4930 1727 4990 Thomu

77 5033 132 5094 310
147 5026 357 5101 tenebamur,
380 5030 416 5090 in
433 5032 535 5092 Terra
551 5032 672 5093 Sancta
686 5032 799 5094 divino
813 5048 877 5094 va·
933 5027 1085 5105 Agriensi
1102 5028 1205 5100 electo
1227 5027 1392 5103 episcopis
1407 5027 1567 5088 ecclesias
1583 5025 1727 5088 feliciter

76 5143 234 5190 caremus
250 5127 878 5204 servitio,etproutanteadidiceramus
933 5124 1208 5203 gubernantibus3
1220 5127 1237 5186 J
1241 5123 1295 5184 ula
1309 5123 1472 5194 Palatino,
1488 5123 1645 5201 Dionysio
1662 5138 1728 5184 ma·

75 5227 217 5296 auditu,
254 5224 515 5286 sacratissimum
553 5225 669 5287 domus
704 5225 877 5303 hospitalis
932 5221 1308 5299 gistro'lavarnicorum
1326 5221 1359 5283 et
1380 5221 1499 5284 comite
1524 5221 1725 5290 Novicastri,

76 5323 194 5387 Sancti
211 5319 377 5384 iohannis
388 5322 545 5399 Baptistae
559 5323 599 5384 03
609 5323 794 5386 Jerusalem
814 5323 878 5385 col·
933 5323 1019 5382 0303
1045 5319 1166 5382 3031311
1187 5319 1323 5392 0301113,
1345 5319 1517 5396 Rapbapm
1540 5319 1725 5395 vvoywoda,

76 5422 204 5497 legium
217 5417 384 5493 largifluis
395 5418 554 5482 virtutum
570 5419 724 5497 operibus
735 5419 877 5497 fragres·
932 5421 1085 5480 Bancone
1097 5417 1194 5490 bano,
1211 5423 1244 5480 et
1258 5418 1389 5479 caeteris
1403 5416 1578 5478 comitibus
1591 5416 1727 5478 comita-

75 5533 164 5588 cere,
182 5515 249 5577 fide
271 5515 534 5592 perspiceremus
553 5517 696 5588 oculata,
713 5534 875 5595 nusquam
931 5517 984 5580 tus
997 5514 1197 5578 tenentibus.
1214 5515 1321 5592 Regni
1335 5515 1440 5576 nostri
1454 5529 1541 5576 3000
1556 5515 1643 5576 Xlll.

75 5615 209 5681 melius,
235 5627 334 5689 quam
361 5612 395 5674 in
420 5613 519 5690 hujus
538 5614 655 5676 domus
679 5614 875 5692 suffragium
971 5614 1062 5675 Nulli
1090 5629 1182 5690 ergo,
1205 5613 1281 5686 310,
1310 5613 1431 5674 nostrae
1458 5613 1723 5674 confirmationis
