4200 6404
125 245 189 307 185
417 247 503 310 XVI.
519 271 560 293 -
573 246 619 309 IN
640 244 769 310 assio
792 247 1048 312 shnesanch
1068 247 1247 312 JOANNIS
1268 249 1320 312 ΕΤ
1341 249 1480 314 PAULI.
1715 225 1778 318 186

122 406 247 470 lestem
273 405 454 482 civitatem,
471 423 545 486 quaa
564 407 655 472 videt
677 423 791 472 reram
813 423 927 488 pacem
981 409 1034 474 ter
1059 407 1194 472 luerunt
1218 409 1338 487 vigiles
1366 410 1420 473 die
1445 411 1612 490 noctuque
1634 429 1693 490 pro
1715 412 1780 477 tide
1857 418 1867 438 ¹

121 520 202 582 quae
222 508 312 566 Deus
324 507 386 577 est,
404 506 439 568 in
454 523 519 584 qua
535 507 592 585 qui
608 507 747 580 habitat,
770 506 805 568 in
824 507 926 569 ster-
982 507 1231 581 Christianam
1250 509 1421 572 lulianum
1436 509 1594 572 Ecclesiae
1616 511 1676 572 Dei
1698 527 1779 590 per-

121 618 208 663 num
239 619 305 664 non
333 602 594 667 commovebitur
617 621 677 684 ρον
693 605 828 684 aliquod
849 621 926 667 ma·
982 608 1167 668 secutorem
1181 606 1362 683 vigilando,
1380 607 1436 686 qui
1452 608 1574 670 multas
1596 609 1779 686 etmagnas

122 699 261 760 lumin
284 699 346 760 Dei
360 702 560 778 cognitione,
576 703 653 780 quia
674 703 709 764 in
732 703 856 764 sanctis
876 704 928 765 est
980 703 1213 766 tribulationes
1239 719 1298 782 ρνο
1329 703 1394 766 ilde
1422 706 1456 767 et
1484 705 1674 768 testimonio
1699 709 1780 769 lesu

122 797 402 875 comprehensiva
416 800 575 875 cognitio,
590 816 649 878 per
666 816 765 880 quam
785 817 928 878 cognos-
982 801 1103 863 Christi
1119 801 1154 863 in
1169 801 1232 864 hoc
1242 801 1363 864 mundo
1375 802 1415 864 ab
1427 802 1541 865 eodem
1553 803 1688 866 iuliano
1702 820 1781 882 per-

122 897 209 956 cunt
220 895 307 957 sicut
320 897 353 957 et
365 897 489 972 cogniti
510 899 599 971 sunt,
613 898 763 961 videntes
784 915 851 960 non
868 913 928 976 per
981 899 1070 977 pessi
1092 900 1179 960 sunt.
1206 899 1299 960 Unde
1319 900 1409 962 canit
1424 899 1574 962 Ecclesia
1599 922 1606 961 :
1628 901 1779 964 «Multae

121 992 341 1070 speculumin
356 994 543 1070 aenigmate,
561 995 619 1057 sod
634 996 720 1058 facie
735 995 777 1057 ad
794 995 924 1070 faciem,
982 995 1212 1059 tribulationes
1230 999 1409 1073 justorum,
1431 996 1466 1059 et
1489 997 1529 1060 de
1552 997 1606 1060 his
1625 999 1780 1061 omnibus

121 1091 324 1153 Trinitatem
339 1092 375 1153 in
390 1093 535 1166 Unitate,
553 1095 586 1156 et
597 1095 762 1158 Unitatom
775 1094 811 1156 in
821 1094 928 1155 Trini·
981 1093 1137 1156 liberabit
1151 1109 1208 1157 eos
1223 1095 1393 1156 Dominus.
1406 1112 1425 1156 ν
1439 1098 1526 1156 Sane
1534 1096 1618 1173 Justi
1630 1096 1780 1159 tribulati

119 1187 207 1260 tate,
223 1188 372 1264 legentes
387 1189 423 1250 in
437 1190 523 1253 libro
542 1191 640 1264 sitae,
663 1192 699 1254 in
726 1207 790 1270 quo
813 1207 926 1254 omnes
982 1193 1061 1254 sunt
1072 1192 1171 1254 corde
1185 1208 1245 1269 ρον
1257 1193 1412 1255 tristitias
1423 1192 1614 1268 etdolores;
1629 1193 1781 1258 tribulati

120 1286 280 1348 thesauri
295 1287 467 1364 sapientis
483 1288 516 1351 et
529 1288 679 1351 scientiae
694 1292 773 1354 sunt
784 1289 928 1351 abscon·
982 1291 1059 1351 sunt
1074 1305 1131 1352 oro
1146 1305 1205 1369 ρον
1220 1291 1437 1353 contumelias
1449 1292 1482 1352 et
1495 1291 1641 1356 terrores
1654 1314 1663 1369 3
1677 1292 1780 1353 tribu·

122 1384 201 1446 diti.
215 1387 262 1446 De
277 1400 342 1461 qua
357 1385 546 1462 cognitione
554 1387 678 1449 veritas
693 1389 741 1450 ait
756 1409 764 1448 ν
781 1391 865 1450 Hoec
876 1389 928 1449 est
981 1387 1041 1449 lati
1052 1387 1129 1449 sunt
1141 1403 1241 1465 opere
1256 1404 1316 1465 ρον
1328 1388 1499 1463 angustias
1515 1390 1548 1450 et
1560 1388 1706 1464 laborem
1721 1404 1782 1467 per

121 1483 202 1544 otta
217 1485 352 1544 calerna
366 1484 405 1544 ut
419 1485 625 1560 cognoscant
639 1485 672 1546 te
683 1491 927 1548 columnarum
982 1483 1113 1546 dolores
1129 1485 1337 1547 contritionis
1353 1486 1386 1546 et
1399 1485 1554 1548 tristitias
1574 1487 1780 1564 compassio-

121 1583 251 1652 Denm,
275 1580 309 1640 et
337 1596 437 1655 parem
458 1583 586 1644 miststt
608 1583 728 1644 lesum
752 1585 927 1646 Carnium
982 1581 1050 1656 nis;
1071 1598 1131 1661 ρον
1152 1584 1299 1644 terrores
1320 1582 1589 1645 comminationis
1604 1583 1637 1645 et
1657 1583 1779 1646 contu-

124 1675 239 1756 (Joan.
273 1694 364 1749 xvir,
400 1676 446 1757 3).
481 1682 531 1742 Ex
562 1680 627 1742 bac
652 1680 926 1758 comprehensiva
981 1679 1100 1742 melias
1122 1679 1310 1756 irrisionis;
1334 1696 1394 1758 ρον
1416 1678 1566 1742 laborem
1589 1679 1778 1742 afflictionis

127 1775 321 1851 cognitione
329 1776 614 1854 proceditsumma
623 1777 755 1841 dilectio
764 1793 926 1856 perquam
982 1779 1015 1840 et
1033 1778 1204 1854 angustias
1217 1776 1395 1856 passionis.
1412 1780 1477 1840 Ρον
1491 1778 1563 1840 haec
1575 1779 1690 1856 peccat
1704 1778 1780 1856 quis

128 1873 240 1936 sancti
259 1873 402 1950 diligunt
417 1877 531 1936 Deum.
547 1874 640 1936 Unde
655 1876 761 1936 isaias
780 1877 821 1940 de
839 1875 926 1939 bono
982 1891 1042 1954 per
1051 1876 1124 1938 naec
1138 1878 1173 1937 et
1183 1876 1372 1954 torquetur3
1389 1891 1564 1953 peccamus
1579 1891 1639 1954 per
1650 1875 1732 1938 vitia
1748 1878 1782 1938 et

125 1971 201 2032 viro
219 1992 227 2031 ε
247 1975 376 2048 Regem
391 1975 428 2034 tn
442 1977 563 2035 decore
577 1989 640 2036 suo
659 1975 820 2036 videbunt
841 1977 928 2036 ocula·
982 1971 1175 2048 torquemur
1185 1986 1245 2050 per
1258 1958 1329 2033 illa.
1343 1971 1428 2033 Nam
1442 1971 1597 2049 superbia
1607 1972 1714 2044 indat,
1729 1972 1781 2034 ira

126 2071 204 2142 ejus
234 2067 297 2148 (Js.
326 2085 447 2144 xxxin,
487 2069 549 2142 17).
586 2073 710 2147 Regem
745 2071 929 2134 nominavit
982 2068 1133 2142 dilaniat,
1145 2070 1280 2133 luxuria
1289 2070 1454 2148 inquinat,
1464 2070 1607 2133 avaritia
1618 2069 1778 2160 stimulat,

126 2165 297 2227 Christum
327 2183 425 2244 quem
451 2167 540 2229 oculi
568 2168 676 2230 noshi
707 2167 865 2231 videbunt
893 2169 927 2253 in
982 2167 1108 2230 invidia
1132 2169 1269 2230 cruciat.
1299 2170 1346 2230 De
1371 2167 1641 2230 tribulationibus
1671 2168 1781 2230 cordis

70 2295 73 2300 ·
127 2263 251 2325 decore
280 2280 358 2337 suo,
383 2264 478 2339 idest,
503 2265 539 2326 in
567 2265 719 2328 claritate
742 2266 927 2329 divinitatis
982 2265 1064 2328 dicit
1085 2266 1256 2344 Scriptura
1277 2269 1519 2339 :Sacrificium
1540 2269 1612 2328 Deo
1632 2267 1780 2341 spiritns

127 2378 213 2423 suae.
229 2363 269 2423 Et
291 2361 352 2424 Job
372 2383 380 2422 ι
400 2367 444 2424 in
458 2377 563 2425 carrae
582 2379 661 2426 men
679 2367 797 2426 videbo
819 2369 926 2428 Deum
981 2363 1780 2436 contribulatus,corcontrttnmethnmtttntnm

126 2460 348 2522 salvatorem
359 2476 513 2524 nactam...
526 2459 558 2540 (J
560 2461 612 2524 ob.
628 2477 700 2536 nx,
715 2462 782 2542 26).
981 2463 1075 2524 Dans
1084 2476 1152 2524 non
1168 2463 1303 2537 sperma
1321 2459 1453 2541 (Ps50,
1467 2461 1530 2541 18).
1543 2462 1582 2522 m
1596 2461 1780 2539 Apostolus.

169 2559 253 2620 Item
270 2580 278 2618 ε
296 2559 362 2620 Istt
373 2559 455 2620 sunt
473 2563 544 2620 otri
560 2564 822 2634 misericordiae,
843 2577 927 2636 puo-
982 2558 1053 2640 ait:
1071 2560 1377 2631 dnntnltrmctur,
1395 2559 1428 2621 et
1443 2573 1506 2635 epo
1520 2560 1777 2635 nontaaltrmori

125 2671 210 2718 rum
226 2657 377 2730 justitiae
398 2659 601 2720 oblivionem
625 2673 695 2719 non
720 2661 929 2735 acceperunt
983 2659 1065 2722 duis
1098 2657 1356 2718 scandalizatur
1390 2656 1425 2717 et
1460 2670 1520 2730 epo
1555 2671 1624 2716 non
1663 2657 1779 2718 nrorl

128 2753 247 2833 (Eccli.
275 2769 370 2827 xum,
396 2753 458 2828 10).
481 2755 601 2818 Tribus
630 2756 737 2818 modis
760 2757 928 2834 accipiunt
984 2750 1116 2832 (licor.
1132 2751 1259 2832 mes).

127 2851 333 2915 oblivionem
344 2851 484 2930 justitiae
494 2853 678 2925 bominum,
692 2854 857 2928 videlicet,
868 2870 928 2931 ρον
1022 2853 1069 2912 De
1089 2851 1361 2914 tribulationibus
1381 2851 1449 2913 cris
1471 2851 1519 2914 ait
1539 2852 1699 2913 Dominus
1720 2866 1780 2930 ρον

130 2965 255 3012 vanam
269 2949 422 3026 gloriam,
435 2965 496 3030 per
507 2950 690 3030 nequitiam
705 2951 738 3014 et
759 2967 820 3030 ρον
838 2952 929 3014 desi·
981 2949 1161 3011 deremiam
1176 2949 1396 3028 prophetam:
1413 2951 1644 3013 Cordaanaelias
1658 2949 1693 3011 et
1712 2948 1780 3011 ter·

131 3047 235 3109 diam.
264 3049 405 3126 Propter
429 3048 655 3126 prolixitatem
679 3048 861 3112 omittimus
885 3067 927 3112 ne
981 3047 1782 3123 rorespasscssnmaaemetnommasmacom

129 3163 242 3210 sermo
265 3147 416 3226 prolixus
430 3148 568 3224 generet
579 3147 760 3210 fastidium.
777 3149 835 3211 lsti
850 3149 928 3224 spnt
982 3145 1034 3206 est
1049 3145 1226 3222 tamqnam
1252 3145 1392 3208 sedator
1415 3147 1518 3220 forits
1543 3143 1624 3225 (der.
1639 3161 1695 3216 xx,
1714 3144 1779 3226 11).

130 3246 221 3320 enim
232 3245 616 3324 adquorumclangorem
623 3247 928 3310 muriJeriohocor·
983 3242 1112 3306 Etalibi
1128 3265 1137 3304 ν
1154 3244 1346 3317 omnesqui
1360 3243 1519 3305 amabant
1535 3258 1601 3317 nee,
1617 3258 1783 3320 asperam·

129 3345 285 3417 ruerunt,
306 3343 362 3420 qui
380 3359 441 3405 sua
458 3343 697 3420 praedicatione
720 3344 928 3407 Gallicanum
982 3340 1110 3402 bantur
1123 3355 1189 3414 nae,
1209 3340 1312 3402 temate·
1329 3341 1411 3401 sunt
1432 3343 1529 3402 habits
1547 3341 1580 3402 et
1595 3342 1781 3416 moverunt

130 3442 315 3520 principem
328 3440 371 3504 ab
387 3456 502 3504 errore
512 3441 554 3503 ad
567 3443 753 3515 veritatem,
764 3442 928 3506 etaviliis
983 3440 1085 3514 caput
1108 3437 1177 3520 (Ps.
1190 3435 1297 3518 21,8).
1313 3440 1359 3500 De
1378 3437 1649 3500 tribulationibus
1669 3439 1781 3516 operis

131 3541 174 3602 ad
184 3539 325 3604 virtutes
340 3541 586 3602 converterunt.
599 3541 658 3602 Isti
671 3541 749 3604 sunt
759 3542 876 3618 vigiles
888 3545 928 3602 de
983 3537 1018 3597 in
1029 3538 1363 3614 personamartyrum
1374 3535 1640 3597 dicitPsalmista
1652 3557 1660 3596 ι
1672 3540 1782 3612 Ρνορ-

132 3637 254 3717 quibus
267 3653 390 3715 sponsa
400 3637 480 3699 dicit
494 3637 529 3698 in
542 3638 686 3700 canticis
699 3639 929 3701 :inverterunt
985 3635 1040 3695 ter
1054 3633 1208 3696 temorte
1217 3633 1468 3706 afflctmnrtote
1477 3635 1544 3705 dte,
1554 3633 1784 3696 actermtnntt

130 3751 188 3798 me
198 3738 317 3812 stades
331 3738 391 3810 put
401 3736 636 3798 custodiebant
647 3737 836 3810 civitatem,
845 3752 931 3811 pem
983 3746 1105 3794 sumus
1135 3730 1174 3792 ut
1206 3744 1288 3794 oves
1314 3732 1492 3792 occisionis
1527 3726 1598 3808 (Ps.
1624 3733 1683 3804 13,
1710 3730 1777 3814 22).

131 3837 235 3895 tutem
244 3848 323 3894 mam
332 3834 604 3908 pertransissem
618 3847 688 3907 eos,
699 3837 817 3896 invent
829 3848 931 3908 qnam
985 3828 1086 3901 Quasi
1102 3827 1278 3889 dicerent:
1295 3829 1320 3890 0
1336 3829 1434 3900 Deus,
1451 3828 1508 3906 qui
1523 3828 1653 3890 occulta
1670 3830 1781 3892 cordis

132 3932 371 4006 ditipttam'mc
381 3946 460 3992 maa
471 3929 746 4012 (Cant111,3).De
756 3929 931 4008 quibusait
984 3926 1083 4014 nosti,
1096 3926 1273 4007 propterte
1284 3942 1351 3988 non
1366 3941 1426 4005 pro
1437 3926 1632 3990 criminibus
1644 3929 1779 4002 nostris,

132 4027 293 4090 Dominus
303 4043 363 4106 per
374 4027 496 4090 Isaiam
509 4025 839 4106 prophetam28nper
851 4044 931 4090 maa
984 4025 1043 4088 sed
1056 4026 1093 4087 ut
1107 4025 1164 4086 tua
1179 4025 1261 4086 tides
1275 4023 1311 4086 in
1325 4023 1480 4102 gentibus
1498 4026 1671 4101 augeatur,
1685 4042 1779 4088 mor-

129 4140 192 4188 ros
206 4125 492 4198 concameratam,
505 4125 667 4187 constitut
680 4126 847 4199 custodes
859 4127 930 4188 tota
984 4124 1161 4196 tilicamur,
1178 4123 1276 4195 idest,
1292 4123 1391 4184 morti
1407 4123 1558 4200 dispositi
1579 4139 1693 4184 sumus
1711 4125 1781 4206 tota

131 4224 306 4286 desaltato
313 4224 483 4287 noctenon
490 4224 795 4286 tacebunttoudare
804 4238 930 4284 noman
985 4221 1049 4295 die,
1068 4221 1164 4293 idest,
1185 4220 1294 4297 longis
1308 4219 1532 4298 passionibus,
1550 4221 1706 4282 aestimati
1722 4238 1782 4283 su-

131 4324 272 4384 Domtnl
294 4319 357 4402 (Is.
380 4336 462 4394 um,
485 4317 531 4400 6).
561 4321 630 4384 Nos
658 4321 758 4382 etiam
786 4321 928 4398 praelati,
984 4335 1058 4382 mus
1073 4320 1202 4381 utores
1217 4317 1395 4380 occisionis
1413 4317 1486 4378 sine
1502 4317 1614 4395 aliqua
1634 4317 1782 4394 relucta·

133 4435 248 4480 sumus
259 4419 411 4480 custodes
425 4434 608 4492 murorum,
626 4420 659 4480 et
678 4418 751 4480 ideo
773 4417 930 4480 debemus
984 4418 1076 4480 tione
1091 4416 1203 4478 occisi.
1219 4419 1265 4476 De
1280 4415 1333 4476 his
1347 4415 1460 4476 taliter
1481 4415 1601 4476 occisis
1622 4416 1781 4494 scriptum

133 4532 235 4594 super
248 4531 361 4578 muros
374 4516 465 4594 ipsos
478 4515 657 4579 instantius
664 4517 816 4593 vigilare,
830 4517 908 4594 quia
921 4537 928 4576 :
985 4518 1059 4590 est:
1081 4517 1150 4576 Vtsi
1163 4513 1246 4575 sunt
1255 4516 1360 4576 contis
1370 4515 1608 4588 insipientium
1619 4517 1721 4587 mort,
1734 4517 1782 4578 naa

131 4615 264 4676 Raetus
297 4617 351 4677 itta
380 4629 516 4688 servus,
550 4629 652 4688 ruem
685 4629 764 4676 cnm
796 4614 932 4676 veneant
985 4617 1103 4678 atatem
1126 4615 1163 4675 tn
1181 4625 1266 4690 pace
1295 4608 1387 4692 (Sap.
1412 4625 1463 4684 νιν,
1486 4610 1533 4690 2).
1556 4613 1596 4674 nt
1627 4613 1779 4676 iterum:

133 4713 302 4774 Dominus
322 4715 410 4785 etus,
431 4712 605 4774 invenerit
620 4712 820 4788 adnitentem
835 4710 929 4792 (Luc.
987 4714 1225 4778 Praemiotmns
1255 4724 1321 4786 per
1354 4713 1471 4786 tanam
1505 4710 1539 4772 et
1572 4725 1711 4786 aquom,
1748 4713 1782 4776 et

133 4825 195 4881 111,
207 4807 349 4888 dihNos
357 4809 621 4888 praelatisumus
630 4810 738 4872 turres
747 4825 929 4882 murorum,
986 4811 1139 4874 eceman
1159 4823 1221 4872 atos
1244 4811 1282 4870 in
1303 4808 1532 4884 reimpartnm
1555 4805 1624 4888 (Ps.
1648 4809 1779 4888 65,12).

134 4907 214 4985 quia
228 4908 320 4985 ipsos
338 4923 451 4968 muros
472 4909 589 4968 contra
610 4907 786 4970 haereticos
800 4907 931 4969 munire
987 4908 1076 4985 Ignis
1095 4906 1262 4983 significat
1273 4903 1534 4978 tribulationem,
1558 4921 1645 4982 aqua
1667 4907 1782 4970 mundi

133 5003 303 5080 debemus,
312 5005 528 5084 quiapraelati
538 5004 694 5066 Ecclesiae
705 5005 932 5067 ecclesiastica
987 5005 1250 5075 delectationem,
1279 5001 1358 5079 quie
1385 5000 1555 5064 tribulatio
1582 5003 1669 5065 sicut
1692 5003 1781 5080 ignis

134 5103 345 5164 sacramenta
359 5100 480 5164 debent
496 5099 641 5162 viriliter
656 5099 842 5162 defensare.
867 5099 931 5162 Sed
986 5103 1112 5174 exurit,
1142 5101 1175 5163 et
1200 5098 1375 5164 delectatio
1401 5099 1488 5164 sicut
1513 5114 1601 5178 aqua
1623 5100 1783 5164 velociter
1826 5141 1829 5154 .

135 5214 324 5274 caveamus,
335 5215 396 5260 nos
404 5197 545 5276 praelati,
558 5213 600 5258 ne
615 5199 671 5276 qui
687 5197 844 5262 debemus
859 5214 932 5260 esse
985 5200 1117 5266 transit.

136 5297 542 5369 custodescontrahostes,
550 5295 653 5356 simus
664 5297 773 5373 potius
784 5296 932 5360 latrones
1026 5299 1121 5362 Beati
1131 5297 1295 5374 martyres
1304 5297 1451 5358 loannes
1464 5297 1497 5358 et
1505 5295 1628 5358 Paulus
1638 5298 1784 5362 transie-

135 5392 932 5473 ergacives,neipsacivitasmeritoconqueratur
986 5399 1065 5464 runt
1078 5411 1138 5477 per
1158 5395 1282 5472 ignem,
1302 5393 1380 5472 quia
1403 5394 1567 5456 tormenta
1588 5395 1783 5460 carnificum

135 5492 271 5554 sidicat
286 5515 294 5552 ι
308 5494 511 5556 Invenerunt
524 5506 577 5553 me
591 5489 746 5568 vigiles...
987 5495 1153 5577 patienter
1189 5491 1430 5556 sustinuerunt.
1466 5491 1685 5555 Transierunt
1723 5512 1783 5573 per

178 5590 236 5652 isti
252 5591 417 5668 martyres
437 5592 584 5652 loannes
604 5589 638 5651 et
656 5588 782 5651 Paulus
803 5591 934 5652 veraci·
989 5589 1458 5674 aquam,quiadelectamenta
1470 5587 1694 5668 hujusmundi
1707 5609 1784 5657 con·
