4214 6400
117 317 141 380 5
753 309 983 376 EPISTOLAE.
1006 311 1085 374 ΠΒ.
1108 311 1133 370 1.
1746 307 1766 366 a

165 475 256 536 Item
287 469 514 547 Suffraganeis
548 470 700 533 ecclesiae
738 474 919 534 Ravenna*

121 572 240 634 tensis.

165 669 255 730 Item
272 663 500 740 suffraganeis
515 665 665 727 ecclesiae
681 665 824 726 Pisanae.

169 767 256 826 Item
269 761 510 824 Mediolanensi
525 762 630 824 electo
645 763 679 824 et
700 761 920 838 suffraganeis

125 879 211 942 epus.

111 1027 114 1030 ,
167 960 256 1021 Item
269 955 473 1018 Patriarchae
487 955 692 1034 Aquileiensi
703 957 736 1018 et
751 955 920 1032 suffraga-

126 1058 200 1118 neis
214 1057 298 1133 ejus.

167 1155 258 1214 Item
270 1149 474 1212 Patriarchae
481 1149 643 1212 Gradensi
655 1149 688 1212 et
700 1149 923 1226 suffraganeis

125 1267 213 1328 epus

168 1348 259 1409 Item
273 1344 499 1419 Sudhaganeis
512 1345 663 1405 ecclesiae
676 1344 789 1426 Jader.

170 1445 262 1506 Iterat
275 1441 532 1518 archiepiscopo
549 1441 737 1518 spalatensi
752 1441 784 1501 et
799 1439 925 1502 suffra-

129 1541 248 1617 ganeis
263 1542 345 1616 ejus.

169 1639 261 1699 Item
270 1633 527 1712 archiepiscopo
536 1633 748 1696 Antirarensi
763 1635 796 1696 et
810 1632 927 1695 suffra-

128 1735 249 1810 ganeis
262 1736 347 1810 eJ'us.

170 1833 262 1893 Item
273 1829 541 1906 Archiepisoopis
559 1831 592 1890 et
603 1828 768 1906 episcopis
781 1844 929 1906 perreg-

129 1945 210 1990 num
227 1927 421 2001 Hungariae.

171 2027 262 2087 Item
268 2023 475 2084 Patriarchae
490 2021 865 2100 Constantinopolitano.

171 2123 263 2184 Item
274 2120 540 2196 Archiepiscopis
556 2121 589 2181 et
607 2119 770 2198 episcopis
787 2136 846 2198 per
865 2121 927 2180 GP.

133 2219 313 2296 imperium
329 2217 528 2278 constitutis.

174 2317 266 2378 Item
276 2303 543 2390 archiepiscopis
558 2314 590 2375 et
604 2313 768 2390 episcopis
782 2329 842 2392 per
853 2329 932 2390 reg-

134 2427 217 2474 num
229 2411 434 2474 Alamanniae
450 2411 649 2471 constitutis.

173 2511 265 2573 Item
278 2503 538 2586 archiepiscopo
553 2508 716 2584 Nesgensi
736 2501 790 2587 (t).
803 2507 837 2569 et
860 2505 932 2568 sui-

130 2607 305 2683 fraganeis
316 2609 400 2683 ejus.

174 2707 266 2767 Item
282 2703 541 2782 archiepiscopo
565 2701 731 2764 Laudensi
755 2701 789 2764 et
809 2701 932 2762 suffra-

131 2802 251 2878 ganeis
267 2804 352 2878 ejus.

173 2899 264 2959 Item
302 2897 475 2958 Universis
505 2897 669 2975 episcopis
699 2911 759 2974 per
792 2912 931 2972 regnum

132 2995 265 3071 Angliae
280 2993 478 3056 constitutis.

176 3091 266 3154 Item
276 3091 447 3168 Episcopis
459 3105 520 3168 per
528 3103 667 3167 regnum
681 3089 799 3152 scotiae
812 3089 932 3152 consti·

132 3189 229 3251 tutis.

177 3287 268 3347 Item
280 3284 548 3362 archiepiscopis
561 3285 594 3348 et
607 3283 771 3363 episcopis
786 3301 846 3364 per
859 3281 934 3347 His·

132 3384 273 3461 paniam
288 3382 485 3444 constitutis.

423 3615 425 3618 ·
505 3568 566 3654 ΙΙΙ

132 3758 190 3818 Act
223 3755 473 3830 imperatorem
506 3755 932 3829 constantinopolitanam.

456 3866 492 3926 at
501 3867 554 3940 jul.
571 3867 651 3924 1116.

201 3991 311 4056 [Ragast.
321 3989 368 4051 lib,
381 3991 402 4050 l,
413 3989 485 4056 epist.
500 3989 524 4040 s.
537 3991 594 4042 lisa.
605 3991 720 4042 laPorta
733 3989 768 4040 du
778 3987 873 4057 thail]

136 4124 289 4200 significat
312 4125 339 4182 ei
363 4091 572 4197 promotionem
592 4139 763 4196 suamque
785 4125 867 4183 tertia
889 4125 936 4183 die

174 4221 239 4287 post
267 4219 388 4270 mortem
423 4212 582 4270 iunocentii
614 4221 711 4271 secuta
742 4220 786 4270 est
818 4213 936 4286 pulchra

174 4301 308 4376 epistola.
435 4373 437 4376 ¹
677 4299 689 4326 ⁰

180 4445 350 4507 Honorius
384 4443 575 4521 episcopus,
612 4460 729 4507 servus
763 4461 935 4507 servorum

138 4543 212 4612 Dei,
230 4541 349 4604 dilecto
373 4541 409 4602 iu
435 4541 566 4604 Christo
590 4541 660 4603 tilio
681 4544 718 4602 B.
743 4541 936 4619 imperatori

139 4637 507 4714 Constantinopolitano
519 4636 642 4700 illustri
653 4638 793 4700 salutem
802 4641 938 4716 etapos·

138 4736 277 4798 tolioam
290 4734 565 4796 benedictionem.

181 4835 323 4908 Magnus
347 4833 517 4904 Dominus,
545 4832 627 4904 etc,
657 4833 693 4894 ut
720 4833 755 4894 in
781 4833 876 4911 epist.
894 4837 935 4908 ΙΙ,

973 485 1080 532 manae
1114 469 1184 530 illio
1214 467 1351 544 speciali
1384 466 1547 544 primitias
1580 466 1766 528 litterarum

974 569 1164 629 nostrarum
1178 565 1334 628 duximus
1353 563 1578 636 destinandas,
1597 562 1767 624 excellen-

973 666 1054 728 tiam
1069 666 1159 726 tuam
1172 663 1328 739 rogantes
1343 663 1479 734 attente,
1496 663 1529 722 et
1548 661 1720 722 monentes
1735 661 1769 722 et

975 761 1188 824 exhortantes
1203 760 1239 822 in
1253 760 1403 831 Domino,
1418 759 1695 820 inremissionem
1707 758 1768 820 tibi

975 857 1203 937 peccaminum
1225 857 1441 934 injungendo,
1467 858 1629 934 quatenus
1651 871 1768 916 sacro-

977 958 1126 1019 sanctam
1141 959 1323 1017 Romanam
1334 954 1516 1016 Ecclesiam
1530 955 1669 1015 matrem
1678 954 1769 1014 tuam

977 1055 1089 1116 taliter
1102 1053 1269 1114 honorare
1282 1052 1426 1122 studeas,
1443 1067 1483 1112 ac
1495 1051 1595 1112 etiam
1608 1049 1767 1120 revereri,

978 1152 1064 1230 quod
1082 1152 1147 1212 tuae
1162 1149 1347 1212 devotionis
1368 1149 1507 1211 affectus
1528 1165 1595 1210 non
1618 1148 1771 1208 videatur

979 1250 1168 1310 nullatenus
1189 1247 1346 1324 tepuisse,
1372 1247 1430 1308 sed
1457 1246 1642 1321 suscepisse
1661 1245 1771 1322 potius

979 1346 1230 1415 incrementum,
1250 1343 1412 1420 nobisque
1435 1343 1475 1403 ad
1492 1341 1640 1418 regimen
1661 1346 1771 1428 Apos-

979 1443 1087 1506 tolicae
1104 1440 1198 1502 Sedis
1213 1439 1391 1516 assumptis
1406 1440 1545 1500 Domino
1563 1439 1772 1515 disponente,

981 1539 1078 1618 prout
1099 1538 1194 1600 decet
1205 1535 1404 1598 catholicum
1419 1535 1602 1612 principem
1618 1535 1774 1596 assistere

981 1635 1162 1707 humiliter,
1179 1636 1212 1696 et
1230 1633 1356 1695 devote.
1372 1634 1441 1694 Nos
1460 1633 1549 1694 enim
1572 1631 1608 1692 in
1620 1631 1684 1704 his,
1702 1648 1775 1708 quae

982 1733 1022 1796 ad
1037 1735 1131 1796 tuum
1148 1732 1299 1810 spectant
1311 1731 1472 1792 honorem
1487 1733 1644 1808 quantum
1660 1729 1695 1790 in
1708 1733 1775 1790 Deo

982 1847 1158 1909 possumus
1169 1829 1312 1890 libenter
1326 1828 1538 1899 intendimus,
1555 1828 1588 1889 et
1602 1827 1692 1888 circa
1704 1844 1777 1905 per·

984 1943 1100 1991 sonam
1120 1929 1211 1989 tuam
1225 1927 1372 2004 paternae
1396 1925 1542 2002 gerimus
1564 1925 1695 1987 uiscera
1715 1939 1776 1985 ca-

982 2026 1092 2088 ritatis
1106 2023 1166 2104 (1).

1024 2165 1103 2230 Pari
1130 2165 1260 2229 ratione
1288 2165 1448 2243 scriptum
1481 2165 1532 2228 est
1558 2164 1681 2228 Siciliae
1706 2163 1779 2240 regi

984 2264 1157 2342 designato
1165 2263 1371 2340 imperatori,
1384 2261 1532 2324 Poloniae
1542 2261 1681 2324 ducibus
1691 2260 1781 2323 aliis·

985 2378 1049 2441 que
1063 2360 1198 2438 regibus
1212 2363 1246 2423 et
1259 2357 1476 2438 principibus.

1353 2537 1410 2624 IV

985 2709 1038 2770 Ad
1068 2709 1280 2770 curdtuotem
1313 2705 1432 2768 samu
1458 2703 1607 2768 Morttut
1633 2704 1784 2780 tapetum

1286 2805 1324 2864 tn
1344 2805 1478 2880 Anarta.

1201 2934 1286 2993 Anno
1301 2934 1370 2992 talo
1385 2931 1466 3008 (sens
1481 2931 1569 3006 date).

1044 3057 1155 3124 [Rapest.
1169 3057 1215 3108 lib.
1228 3057 1251 3118 1,
1262 3057 1335 3123 epist.
1347 3057 1372 3107 t.
1385 3056 1442 3108 lise.
1455 3058 1492 3109 La
1504 3057 1582 3108 Porta
1594 3057 1629 3107 du
1641 3055 1736 3118 Thali]

987 3172 1142 3232 Confirmat
1163 3172 1190 3230 ei
1216 3173 1390 3246 legationem
1414 3178 1443 3229 et
1461 3170 1579 3229 mandat
1601 3177 1632 3228 ut
1653 3169 1782 3228 hortetur

1026 3275 1126 3334 regem
1140 3261 1263 3334 englis,
1277 3261 1431 3320 vassallum
1447 3261 1584 3318 Romanae
1598 3259 1743 3330 Ecclesiae,
1757 3267 1787 3316 et

1025 3350 1267 3424 crucesignatum,
1283 3364 1320 3408 ne
1330 3355 1536 3408 consternetur.

1029 3476 1196 3538 Honorius
1210 3475 1396 3553 episcopus,
1413 3489 1529 3536 servus
1542 3488 1714 3535 servorum
1725 3473 1784 3534 Dei

988 3577 1017 3637 J.
1030 3573 1080 3634 tit.
1096 3575 1129 3634 S.
1143 3571 1281 3633 Martini
1292 3569 1484 3648 presbytero
1496 3569 1670 3641 cardinali,
1685 3573 1787 3646 Apos-

989 3670 1098 3733 tolicae
1114 3669 1209 3732 Sedis
1222 3667 1343 3744 legato,
1360 3667 1502 3730 salutem
1519 3668 1552 3730 et
1567 3667 1787 3745 apostolicam

989 3765 1265 3836 benedictionem.

1029 3861 1783 3941 MagnusDominus,etlaudabilisnimis,etc,

991 3963 1027 4022 ut
1040 3961 1074 4022 in
1089 3960 1230 4037 epistola
1245 3962 1286 4032 ll,
1301 3975 1406 4038 usque
1421 3961 1600 4036 assumpta
1603 4003 1663 4021 .....
1678 3963 1787 4023 Devo-

991 4057 1116 4122 tionem
1130 4060 1221 4120 tuam
1234 4059 1422 4119 nostrarum
1432 4057 1619 4133 litterarum
1630 4057 1786 4134 primitiis

991 4154 1145 4217 duximus
1180 4154 1419 4216 consolandam
1451 4154 1517 4215 tuis
1548 4153 1717 4215 laboribus
1752 4157 1786 4216 et

991 4253 1154 4329 angustiis
1179 4253 1318 4329 paterno
1343 4249 1582 4328 compatientes
1610 4249 1733 4312 affectu
1754 4251 1787 4313 et

992 4349 1168 4411 sollicitam
1204 4347 1411 4425 diligentiam
1452 4363 1491 4408 ac
1526 4347 1786 4410 sollicitudinem

991 4445 1263 4522 circumspectam
1269 4461 1367 4523 quam
1382 4443 1607 4506 incommissas
1617 4445 1678 4505 tibi
1689 4445 1785 4521 lega-

990 4543 1091 4606 tionis
1109 4542 1219 4604 otlicio
1234 4541 1427 4604 adhibuisse
1441 4541 1648 4619 dignosceris
1668 4541 1704 4604 in
1719 4545 1787 4604 Do·

991 4641 1081 4702 mino
1097 4639 1506 4704 commendantes.Verum
1521 4641 1599 4718 quia
1614 4639 1702 4712 fluis,
1719 4654 1785 4702 non

991 4738 1253 4815 pugnaees-anat
1264 4738 1497 4800 discretionem
1508 4739 1786 4810 tuam,m0nemus

992 4837 1025 4896 et
1046 4835 1263 4898 exhortamur
1288 4835 1412 4897 attente
1431 4851 1492 4911 per
1513 4835 1704 4911 apostolica
1725 4833 1784 4896 tibi

138 4929 939 5008 usqueossumpto...,etdevotionequamadlio-
992 4933 1135 5008 scripta:
1168 4931 1364 4993 mandamus
1402 4934 1565 5009 qrratenus
1601 4947 1644 4992 ex
1680 4932 1785 4992 morte

138 5043 274 5089 manem
280 5025 461 5087 Ecclesiam
474 5025 841 5102 hahuissedignosceris
855 5029 936 5090 dili-

138 5123 258 5202 genter
270 5123 429 5201 inspecta,
444 5122 505 5184 tibi
519 5124 678 5200 unquam
692 5124 849 5188 Ecclesiae
864 5129 936 5190 Ro-

178 5278 219 5356 (1)
241 5279 419 5354 adjiciuntur
448 5277 489 5352 (in
513 5281 637 5352 liegesto
656 5279 814 5354 Pontificio)
836 5281 937 5341 litterae

140 5351 178 5410 ad
210 5353 412 5424 imperatorem
442 5351 798 5422 constantinopolitanum,
835 5353 938 5424 ortibus

138 5421 292 5481 catholica
300 5421 936 5504 Ecclesiaeguberneoulisseadmotumdoeet,

140 5493 407 5620 attitulata
420 5491 524 5620 lati
541 5490 589 5618 il
591 5493 938 5632 *tueleutherii

139 5579 199 5708 {curo
214 5633 302 5694 veluti
322 5646 357 5692 ex
376 5647 442 5691 arce
462 5577 625 5692 urdrsarffi
654 5633 684 5690 iu
708 5633 880 5694 Sarracenos
904 5651 938 5696 ac

991 5029 1121 5105 prelati
1136 5027 1390 5105 praedecessoris
1412 5027 1516 5089 nostri
1531 5044 1597 5089 non
1612 5027 1787 5105 dejiciatur

992 5126 1123 5188 animus
1141 5126 1217 5186 tuus
1239 5124 1296 5186 sed
1323 5123 1442 5202 spiritu
1465 5123 1669 5185 tortitudinis
1692 5139 1788 5186 reas·

992 5289 1085 5345 Terrae
1104 5285 1215 5343 Sanctae
1234 5282 1383 5340 invasores
1397 5279 1605 5338 excurrentium
1618 5283 1671 5352 sit,
1686 5287 1785 5340 contra

992 5361 1154 5440 Graecorum
1167 5356 1290 5481 impetus
1308 5351 1450 5436 firmandi,
1467 5351 1612 5437 muniendi
1636 5367 1671 5411 ue
1692 5353 1784 5411 dessi-

992 5428 1111 5495 derrum
1147 5439 1181 5482 ac
1223 5439 1319 5482 emum
1344 5423 1380 5480 ad
1404 5431 1552 5495 pristinam
1575 5439 1605 5481 m
1649 5439 1785 5482 omanem

1530 5566 1539 5621 t
1558 5607 1564 5620 .

992 5497 1150 5556 Ecclesiam
1178 5495 1368 5552 reverentiam
1399 5508 1583 5641 amoreuusue
1612 5494 1786 5555 servandum

992 5577 1035 5628 eet
1048 5568 1222 5628 cohortatus.
1237 5566 1292 5642 (La
1306 5566 1390 5624 Parte
1404 5565 1443 5622 du
1464 5565 1528 5623 Thai
