4234 6408
288 275 349 337 213
906 277 1083 340 HONORII
1103 279 1151 340 111
1172 279 1319 342 OPERA.

1879 291 1942 354 244

324 451 351 496 .‹
373 434 586 498 Innocentius
601 433 904 515 episcopusservus
916 453 1088 502 servorum
1182 439 1274 504 Nulli
1293 455 1374 520 ergo
1391 439 1526 504 omnino
1544 441 1718 519 hominum¹
1733 443 1833 510 116661
1853 448 1942 514 11666

296 532 356 596 Dei
371 531 502 594 dilectis
517 533 595 594 tiliis
608 535 730 595 Joanni
751 535 857 612 priori
869 536 902 597 et
916 535 1085 609 fratribus,
1143 540 1299 618 paginam
1323 541 1446 604 nostrae
1471 541 1700 604 concessionis
1725 545 1758 606 et
1779 549 1944 610 constitu·

290 631 390 708 J'uxta
417 633 558 707 Specum
588 631 676 693 beati
704 633 874 696 Benedicti
900 635 1087 712 regularem
1142 638 1244 699 tionis
1255 638 1439 714 intringere
1450 639 1502 701 vel
1520 640 1552 702 61
1567 656 1652 702 ausu
1666 643 1845 706 temerario
1861 663 1942 708 con-

298 719 401 791 111616
417 727 626 790 servantibus
641 730 676 791 in
689 733 894 808 perpetuum.
1142 737 1256 798 tratre.
1275 736 1310 798 Si
1334 737 1407 814 quis
1429 739 1540 800 autem
1564 739 1628 800 hoc
1654 741 1824 803 attentare
1852 761 1944 820 prae-

332 842 351 884 ‹
373 827 463 889 Inter
475 827 667 892 holocausta
682 829 853 903 virtutum,
871 831 999 892 nullum
1012 848 1087 893 ma·
1143 834 1940 917 sumpserit,indignationemomnipotentisDei,

293 922 1090 1007 316661616161161661,666616661616116161-
1143 933 1176 994 et
1198 932 1370 995 beatorum
1393 935 1485 998 Petri
1515 937 1548 996 ct
1581 937 1680 997 Pauli
1715 939 1940 1016 apostolorum

293 1021 422 1083 tissime
433 1022 678 1100 depinguedine
687 1027 848 1089 caritatis.
859 1027 1035 1104 Hocigitur
1043 1029 1090 1090 at·
1143 1033 1226 1108 ejus,
1242 1014 1423 1093 se'noverit
1442 1031 1667 1095 incursurum.
1688 1037 1808 1096 Datum
1827 1039 1941 1114 Anag-

294 1119 477 1192 tendentes,
494 1137 568 1182 cum
579 1122 767 1185 6111666666
783 1125 968 1188 devotionis
981 1143 1090 1188 acces·
1144 1129 1221 1202 niae,
1235 1131 1334 1193 tertio
1344 1133 1601 1210 nonasaugusti,
1610 1133 1822 1211 ponnncalus
1835 1138 1941 1199 nostri

294 1217 453 1278 sissemus
471 1217 511 1280 ad
522 1219 632 1282 locum
642 1221 832 1285 solitudinis
849 1224 979 1297 vestrae,
992 1241 1089 1302 quem
1144 1242 1232 1290 anno
1247 1228 1366 1308 primo.

293 1311 409 1375 beatus
420 1316 617 1380 Benedictus
632 1333 701 1382 suae
712 1321 939 1384 conversionis
947 1323 1091 1400 primor-

295 1411 350 1474 dio
366 1415 585 1488 consecravit,
599 1417 633 1479 et
650 1417 892 1482 invenissemus
906 1437 965 1483 vos
981 1420 1092 1482 111166-

294 1509 437 1572 cundum
467 1511 709 1577 institutionem
736 1517 841 1594 ipsius
879 1517 1091 1581 laudabiliter

292 1607 433 1671 Domino
449 1608 656 1686 seminantes,
673 1629 716 1676 ne
728 1631 788 1692 pro
804 1616 997 1694 temporalis
1011 1632 1089 1678 sus·

293 1708 487 1771 tentationis
509 1709 637 1772 delectu
661 1712 846 1789 spiritualis
870 1713 1090 1777 observantias

294 1805 471 1884 disciplina
492 1807 647 1885 torperet,
665 1810 882 1887 apostolicum
896 1812 991 1874 vobis
1006 1812 1090 1874 sub-

296 1903 417 1966 sidium
441 1905 596 1967 duximus
622 1907 889 1984 impendendum,
920 1911 1091 1987 sperantes

296 2001 383 2078 quod
403 2001 490 2062 idem
511 2001 723 2066 beatissimus
747 2007 945 2070 Benedictus
968 2009 1091 2069 nostrae
1146 1993 1262 2054 11111111
1280 1995 1318 2063 ei,
1349 2001 1381 2052 ut
1401 1991 1550 2066 1111θῖ11111]
1575 1993 1681 2052 Wlffllk
1712 1995 1773 2052 tine
1806 1995 1945 2056 dil⁸¹i0⁰0

296 2097 872 2167 (16161166166116616166616666116
893 2105 927 2168 et
938 2105 1092 2183 precibus
1181 2082 1302 2141 libertati
1317 2084 1524 2151 1911ῑῦ111166
1544 2083 1699 2184 [Bisdina
1706 2085 1858 2184 (1110Ψὶ11111
1872 2099 1943 2142 0²¹1·

296 2197 383 2273 apud
410 2197 597 2274 piissimum
625 2201 771 2274 Patrem,
809 2203 842 2264 et
868 2203 1091 2279 justissimum
1182 2169 1943 2248 6666666661661616161616116111661111616616·

292 2293 440 2372 judicem
464 2298 716 2360 commendabit.
740 2300 869 2362 Vestris
894 2301 1007 2378 itaque
1033 2317 1093 2362 cu·
1182 2268 1327 2334 mum·

295 2391 425 2468 pientes
439 2395 694 2456 necessitatibus
716 2397 902 2474 providere,
917 2415 976 2460 sex
989 2399 1092 2461 libras
1187 2397 1268 2457 Cum
1283 2411 1323 2458 66
1333 2396 1373 2458 de
1386 2395 1544 2458 fratribus
1559 2394 1593 2457 et
1604 2394 1809 2474 coepiscopis
1821 2395 1946 2458 nostris

297 2489 424 2552 usualis
439 2492 590 2565 monetae,
603 2493 697 2555 vobis
710 2498 744 2556 et
758 2496 1094 2559 successoribusves-
1147 2493 1335 2556 audivimus
1358 2509 1431 2571 quae
1458 2492 1658 2570 pontificalis
1682 2492 1852 2556 modestiae
1877 2509 1946 2555 non

295 2585 357 2648 tris
378 2586 419 2648 de
442 2603 574 2650 camera
595 2589 683 2652 beati
710 2593 801 2653 Petri
827 2592 969 2670 singulis
993 2593 1091 2656 annis
1148 2591 1282 2669 sapiunt
1295 2591 1503 2668 gravitatem,
1520 2591 1611 2654 16616
1624 2591 1744 2669 majori
1754 2589 1947 2653 turbatione

296 2684 528 2761 percipiendas
543 2689 778 2762 concessimus,
802 2689 907 2752 donec
922 2691 957 2752 16
979 2692 1092 2770 aliquo
1148 2689 1391 2762 contundimur,
1406 2689 1530 2766 quanto
1544 2689 1678 2750 illorum
1693 2704 1851 2750 excessus
1865 2704 1945 2750 ma-

297 2782 980 2864 6611616666611166666611111616661666166
994 2788 1089 2869 (616);
1142 2789 1199 2866 jus
1214 2785 1336 2850 6116116
1355 2786 1549 2848 6666161616
1572 2786 1750 2860 1616611161,
1772 2786 1850 2848 dum
1865 2803 1947 2864 pec-

296 2880 491 2953 statuentes,
517 2883 626 2956 6166,
650 2900 723 2962 quae
749 2885 792 2946 ad
818 2885 1091 2948 sustentationem
1147 2887 1261 2946 cantes
1280 2900 1420 2963 peccare
1443 2883 1570 2945 1661661
1593 2884 1677 2946 61166
1706 2882 1763 2962 qui
1787 2883 1948 2946 adhibere

294 2977 440 3038 vestram
453 2980 671 3042 consuevistis
683 2983 854 3059 percipere
869 2983 910 3044 de
921 2986 1092 3046 monaste·
1147 2982 1305 3044 deberent
1320 2980 1471 3058 exemplo
1488 2981 1650 3042 bonorum
1671 2996 1808 3060 operum
1823 2985 1949 3042 semet-

296 3074 348 3136 rio
361 3073 667 3148 Sublacensi,vobis
678 3081 1092 3144 etsuocessoribusvestris
1147 3077 1248 3158 ipsos.
1261 3082 1348 3141 Sane
1357 3080 1410 3140 W.
1426 3079 1608 3141 monachus
1626 3079 1821 3142 monasterii
1839 3079 1948 3142 sancti

297 3173 644 3250 propterhocminime
654 3178 1092 3253 negarentur-Postmodum
1147 3176 1315 3239 Lamberti
1329 3192 1466 3254 gravem
1481 3176 1575 3238 nobis
1589 3177 1832 3253 querimoniam
1846 3175 1949 3239 desti·

296 3269 490 3332 autemcum
506 3275 632 3334 reversi
649 3273 826 3336 fuissemus
837 3276 878 3337 ad
889 3277 1015 3350 urbem,
1027 3276 1095 3358 [in-
1147 3275 1239 3336 navit
1254 3274 1351 3353 quod,
1377 3291 1479 3337 causa
1502 3274 1702 3336 electionum
1722 3273 1949 3337 1661616616

294 3365 458 3449 venimus]
484 3371 643 3447 quosdam
666 3372 708 3433 de
731 3371 888 3434 tratribus
910 3373 1093 3438 1661116611
1147 3374 1219 3452 ipso
1257 3374 1290 3434 et
1316 3372 1446 3436 11661611
1477 3372 1640 3434 monacho
1672 3372 1708 3432 16
1743 3372 1947 3436 monasterio

1457 1418 1631 1507 CXCVII

1197 1590 1250 1652 Ad
1261 1591 1556 1665 archiepiscopum
1574 1591 1889 1668 scireburnensem.

1438 1727 1456 1785 1
1478 1726 1548 1786 febr.
1570 1727 1648 1787 lili.

1177 1841 1250 1906 [Cod.
1262 1840 1392 1902 1613131,
1408 1856 1434 1908 p.
1449 1841 1489 1892 88.
1500 1843 1559 1894 1166.
1570 1842 1745 1910 bibliotheque
1757 1845 1909 1910 nationale]

298 3467 445 3529 nostram
478 3469 691 3544 praesentiam
723 3470 897 3533 destinatis
922 3472 1093 3536 humiliter

294 3563 522 3643 implorantes,
540 3569 575 3629 ut
590 3568 839 3631 concessionem
857 3571 965 3647 ipsam
980 3572 1094 3633 16611-

295 3677 360 3740 quo
376 3663 555 3726 661161666
570 3666 785 3742 dignaremur
805 3668 964 3746 perpetuo
989 3669 1094 3732 stabi-

215 3777 219 3790 ·
294 3759 369 3833 lire,
386 3761 427 3824 de
442 3778 506 3838 quo
527 3763 683 3840 praelatas
705 3779 766 3826 sex
789 3765 893 3827 libras
917 3767 1090 3846 percipere

295 3858 464 3921 valeretis.
488 3861 557 3922 Nos
580 3861 692 3936 igitur,
717 3861 830 3925 habito
846 3863 986 3926 fratrum
1008 3882 1092 3928 nos·

295 3955 423 4018 trorum
438 3958 578 4020 consilio
602 3959 636 4021 et
657 3975 808 4033 assensu,
826 3962 1018 4039 jamdictas
1034 3981 1094 4026 sex

295 4052 399 4115 libras
412 4053 505 4117 vobis
525 4057 557 4118 et
581 4058 830 4120 successoribus
843 4059 963 4120 vestris
984 4062 1094 4136 perci-

295 4152 435 4230 piendas
447 4153 589 4230 singulis
598 4155 695 4216 annis
706 4155 746 4217 de
759 4171 871 4218 annuo
880 4173 981 4219 censu
992 4159 1094 4222 castri

296 4251 447 4314 Portiani
453 4253 675 4327 concedimus,
688 4253 721 4316 et
729 4255 976 4317 concessionem
987 4256 1093 4334 ipsam

296 4351 453 4428 praesenti
466 4351 642 4428 privilegio
653 4351 899 4414 confirmamus.
912 4353 1004 4415 Nulli
1014 4370 1093 4432 ergo

295 4447 432 4509 omnino
447 4449 618 4510 hominum
634 4449 733 4511 liceat
746 4449 834 4512 hanc
846 4452 1002 4528 paginam
1015 4469 1095 4515 666-

296 4543 358 4606 trae
367 4545 592 4607 concessionis
601 4547 634 4607 et
644 4547 890 4608 constitutionis
899 4549 1091 4628 infringere,

295 4642 406 4703 velet
433 4656 517 4702 ausu
543 4643 723 4704 temerario
745 4645 924 4706 contraire.
955 4648 989 4708 Si
1020 4649 1093 4726 quis

296 4739 408 4801 autem
430 4739 494 4801 boc
522 4740 685 4802 attentare
716 4744 975 4820 praesumpserit,
1000 4746 1092 4806 indl-

295 4838 488 4915 gnationem
510 4839 746 4916 omnipotentis
770 4841 846 4914 Dei,
870 4842 903 4903 et
920 4841 1093 4906 beatorum

295 4937 387 5000 Petri
404 4938 438 5000 et
450 4936 545 4999 Pauli
560 4938 793 5015 Apostolorum
812 4942 896 5019 ejus,
914 4957 949 5002 se
963 4943 1095 5024 noverit

295 5035 518 5098 incursurum.
535 5039 651 5098 Amen.
671 5040 786 5099 Amen.
804 5041 920 5100 Amen.

335 5137 444 5212 ‹Ego
477 5136 691 5197 Innocentius
726 5136 905 5198 Catholicae
937 5137 1094 5200 Ecclesiae

295 5233 482 5310 episcopus.
500 5233 573 5296 Dat.
588 5233 745 5295 Laterani
767 5249 827 5311 per
841 5249 974 5296 manum
991 5237 1094 5298 Blasii

296 5331 544 5393 Turritanensis
559 5331 668 5403 616611,
681 5333 776 5393 sexto
786 5333 955 5394 Kalendas
967 5335 1091 5408 Martii,

297 5427 478 5490 indictione
489 5433 543 5502 Vl,
557 5429 800 5492 incarnationis
816 5431 1094 5494 bominioaeanno

296 5525 423 5598 MCCII,
446 5528 658 5604 pontificatus
673 5543 752 5590 vero
768 5527 892 5590 domini
910 5531 1094 5594 innocentii

298 5625 398 5702 Papae
410 5625 466 5696 lli,
481 5636 570 5689 anno
585 5627 690 5689 sexto.
704 5644 726 5688 6

1147 3472 1329 3534 memorato
1351 3471 1514 3548 pendente
1538 3485 1651 3532 coram
1671 3467 1840 3548 judicibus
1866 3485 1887 3531 6
1910 3483 1948 3532 66

1149 3570 1233 3631 Sede
1245 3568 1434 3646 apostolica
1449 3569 1622 3646 delegatis,
1638 3568 1675 3630 tu
1690 3583 1766 3629 eum
1782 3567 1817 3633 in
1832 3567 1947 3630 66616-

1148 3668 1198 3730 616
1213 3667 1287 3745 capi
1304 3666 1479 3744 tyrannica
1494 3665 1627 3728 feritate
1641 3665 1751 3728 1661611
1765 3667 1799 3727 61
1817 3665 1947 3728 retrudi

1147 3767 1182 3827 in
1197 3781 1364 3828 carcerem
1377 3763 1524 3841 graviter
1537 3764 1749 3826 vulneratum
1760 3764 1796 3824 16
1812 3779 1874 3841 quo
1885 3762 1948 3824 ad-

1147 3865 1213 3926 huc
1227 3864 1356 3926 detines
1381 3879 1456 3924 eum
1477 3862 1513 3922 in
1534 3861 1688 3933 vinculis,
1714 3862 1750 3925 61
1768 3861 1817 3922 616
1829 3860 1948 3922 6611616

1148 3963 1325 4039 rogatura
1347 3961 1580 4040 prosecutione
1600 3959 1760 4022 desistere
1777 3960 1866 4036 juris
1881 3960 1946 4033 661,

1148 4077 1212 4139 quo
1227 4059 1327 4122 etlam
1347 4059 1396 4120 616
1418 4058 1550 4120 detento
1569 4073 1629 4136 pro
1649 4056 1855 4132 corrigendis
1875 4059 1947 4135 eJus

1149 4157 1354 4230 excessibus,
1376 4173 1459 4235 quos
1482 4156 1662 4217 insinuasti
1683 4171 1756 4216 esse
1782 4155 1895 4217 varios
1914 4155 1947 4216 et

1148 4254 1360 4332 multiplices
1384 4253 1584 4332 apostolicas
1613 4253 1742 4314 litteras
1762 4252 1947 4329 impetrasti

1149 4354 1184 4416 ut
1203 4369 1319 4415 earum
1342 4352 1517 4414 occasione
1541 4351 1729 4430 deservires
1750 4350 1887 4412 liberius
1908 4348 1945 4410 in

1149 4451 1310 4514 eumdem.
1337 4453 1441 4512 Porro
1470 4466 1545 4511 cum
1580 4449 1668 4510 idem
1697 4447 1947 4526 procuratorem

1148 4567 1244 4612 66616
1257 4549 1298 4610 61
1310 4550 1401 4611 16616
1417 4547 1580 4626 synodum
1599 4546 1798 4608 destinasset
1812 4547 1949 4607 contra-

1148 4647 1324 4718 dicturum,
1358 4662 1401 4707 ne
1433 4660 1535 4707 causa
1568 4643 1733 4722 pendente
1771 4641 1949 4721 praelatum

1147 4744 1278 4809 Vualck
1288 4743 1502 4806 benediceres
1517 4743 1553 4804 16
1572 4742 1736 4805 abbatem.
1752 4743 1801 4802 Tu
1821 4740 1950 4802 nihilo-

1148 4844 1258 4905 minus
1271 4843 1345 4920 post
1359 4841 1615 4920 appellationem
1639 4840 1680 4900 ab
1694 4841 1765 4917 ipso
1780 4854 1949 4916 procura-

1147 4943 1219 5004 tore
1232 4941 1378 5018 legitime
1393 4940 1635 5017 interpositam,
1655 4939 1752 4999 illum
1766 4938 1825 4999 lite
1837 4938 1950 4999 adhuc

1149 5039 1314 5102 existente
1333 5037 1393 5100 sub
1410 5038 1524 5116 judice
1538 5038 1574 5098 in
1592 5036 1743 5098 abbatem
1758 5051 1949 5112 praesump-

1149 5139 1222 5199 sisti
1235 5139 1268 5200 et
1281 5138 1316 5198 16
1338 5137 1586 5214 procuratorem
1606 5137 1677 5212 jam
1698 5134 1834 5206 dictum,
1855 5132 1951 5195 nulla

1149 5236 1330 5299 monitione
1370 5235 1553 5312 praemissu,
1592 5231 1950 5294 excommunicationis

1149 5334 1346 5396 sententiam
1370 5333 1582 5410 promulgare
1614 5329 1739 5391 1661666
1767 5329 1878 5406 ipsum
1908 5328 1950 5390 de

1149 5432 1275 5512 synodo
1290 5431 1432 5510 turpiter
1446 5430 1524 5508 ejici
1539 5431 1605 5491 616
1625 5425 1848 5489 servientibus
1867 5427 1947 5499 tuis,

1148 5531 1227 5594 licet
1245 5530 1382 5593 6666116
1401 5527 1658 5589 subdiaconatus
1680 5525 1798 5588 ordine
1818 5523 1949 5587 consti-

1148 5627 1238 5692 tutus
1259 5625 1435 5690 inhoneste
1456 5623 1606 5687 tractari.
1630 5621 1678 5686 Ad
1699 5621 1771 5685 11666
1786 5635 1861 5684 6616
1876 5635 1951 5684 mo-
