4214 6400
349 311 410 372 359
473 303 475 306 ’
810 309 986 374 HONORii
1008 311 1053 374 111
1075 313 1225 375 OPERA.
1241 343 1282 362 -·
1303 310 1536 378 setthoitas.
1742 331 1745 338 ·
1939 317 2007 381 360

349 468 397 550 2).
419 468 474 532 ‘nb
500 469 563 534 hoc
587 467 751 548 sanguine
779 469 861 550 petit
888 469 1025 534 liberari
1055 471 1148 552 psal·
1202 471 1248 553 8).
1259 473 1351 537 Tunc
1366 474 1499 552 quidem
1511 489 1590 536 vere
1605 475 1755 553 pastores
1770 475 2004 554 appellamini,

351 567 450 631 mista
483 584 556 630 cum
586 569 666 632 ait=
697 572 823 632 Libero
851 585 908 633 me
937 574 978 634 de
1005 575 1149 648 scogoi-
1203 571 1232 632 si
1246 571 1393 649 vigilatis
1409 574 1443 634 et
1461 572 1634 636 custoditis
1660 573 1794 650 vigilias
1812 574 1923 636 noctis
1938 593 2006 636 su-

351 669 466 740 asibus,
494 671 602 740 Deus,
632 671 726 730 Deos
749 668 872 730 salutes
894 685 982 732 meoe
1001 667 1075 749 (Ps.
1095 670 1145 742 50,
1202 685 1262 747 per
1276 671 1434 748 populum
1446 669 1541 732 vobis
1555 671 1778 744 commissum,
1793 671 2006 734 excubantes

352 764 425 842 lo).
459 765 668 841 Effuderunt
701 770 910 844 sonoritatem
946 769 1148 830 sanctormm
1201 768 1236 828 in
1250 769 1368 830 castris
1381 770 1414 830 et
1429 768 1763 846 lucemexpectantes
1778 771 2007 848 propterpro·

352 865 492 926 tuomem
516 867 553 926 m
574 865 722 927 circuitu
746 869 941 928 Jerusalem
954 864 1023 946 (Ps.
1038 869 1089 939 78,
1099 864 1144 946 5).
1200 864 1306 926 lixum
1321 865 1456 927 taedium
1470 867 1588 928 noctis.
1606 866 1763 929 solebant
1775 867 1907 945 antiqui
1921 885 2008 930 noo-

350 964 417 1024 Pro
432 961 674 1038 sanguineisto
688 962 833 1040 postulat
844 963 1010 1026 vindicari
1024 964 1146 1026 chorus
1200 965 1266 1024 tem
1275 963 1481 1040 distinguere
1497 964 1531 1025 in
1543 968 1687 1041 quatuor
1700 965 1847 1042 vigilias,
1857 982 2006 1044 quarum

349 1062 532 1138 martyrum
543 1060 677 1122 dicens:
699 1064 839 1122 Vindice
847 1065 1144 1138 sangumemnos-
1200 1061 1307 1137 prima
1322 1060 1445 1122 dicitur
1463 1061 1688 1135 conticinium,
1714 1063 1860 1124 secunda
1884 1063 2007 1126 intem-

350 1157 446 1221 trum
460 1161 518 1233 oue
527 1159 657 1233 emises
668 1160 730 1232 est,
738 1163 831 1222 Deus
843 1161 963 1222 noster
974 1157 1089 1241 (Apoc.
1098 1177 1143 1233 vi,
1201 1160 1340 1234 pastum,
1360 1158 1459 1220 tertia
1480 1158 1697 1236 gallicinium,
1722 1161 1841 1238 quarta
1866 1162 2008 1223 antelu-

351 1253 414 1334 10).
441 1258 490 1318 De
513 1255 613 1318 tertio
641 1258 804 1334 sanguine
831 1257 975 1334 legitur:
1003 1261 1071 1320 Hic
1093 1257 1146 1320 est
1200 1255 1338 1317 carium.
1367 1256 1461 1318 Unde
1478 1257 1514 1318 in
1542 1258 1723 1334 Evangelio
1747 1259 1824 1319 aliis
1852 1260 2008 1321 nomini-

346 1357 490 1432 sanpm‘s
509 1358 590 1416 noct
612 1356 831 1428 Testamenti,
862 1358 920 1430 put
940 1371 1010 1431 pro
1026 1358 1144 1418 mmtts
1198 1351 1281 1413 bus:
1298 1353 1453 1426 serment
1465 1353 1575 1415 media
1594 1357 1702 1426 nocte,
1717 1355 1776 1417 aut
1789 1356 1870 1432 galli
1884 1357 2004 1428 cantu,

348 1453 547 1528 offendetur
580 1456 618 1514 tn
652 1455 895 1515 remissionem
920 1455 1144 1528 peccatorum
1199 1450 1257 1513 aut
1272 1466 1381 1513 mane.
1396 1454 1436 1512 Et
1453 1451 1534 1514 alibi
1556 1453 1663 1514 Lucas
1677 1453 1743 1516 :m
1765 1457 1797 1515 si
1810 1455 1952 1516 venerit
1966 1458 2005 1514 iu

348 1547 481 1629 (Matth.
497 1567 591 1623 xxvi,
613 1547 680 1630 28).
697 1553 762 1612 Per
773 1551 860 1613 hunc
873 1552 1069 1627 sanguinem
1084 1568 1143 1612 re·
1197 1553 1347 1611 secundo
1361 1553 1490 1624 cepeto,
1505 1551 1580 1612 etsi
1593 1553 1631 1611 m
1643 1551 1749 1612 tertie
1760 1555 1880 1628 cepam
1893 1567 2007 1614 ceree-

347 1648 515 1725 demptum
524 1649 973 1726 estgenushumanum,quia
982 1649 1144 1726 redempti
1197 1646 1257 1718 rit,
1271 1647 1305 1708 et
1326 1649 1376 1708 ito
1399 1649 1584 1720 invenerit,
1610 1650 1699 1711 beott
1721 1651 1803 1710 sunt
1828 1653 1929 1710 seret
1953 1653 2005 1712 itti

348 1747 425 1808 sunt
451 1761 518 1808 non
541 1746 812 1824 corruptibilibus
831 1761 915 1808 auro
934 1748 968 1809 et
991 1747 1140 1824 argento,
1198 1739 1292 1822 (Ialm-
1304 1759 1365 1816 ¹11,
1376 1741 1624 1824 estnequam
1636 1745 1733 1817 iacet.
1745 1745 1802 1807 sed
1816 1746 2005 1808 Matthaeus

348 1845 406 1906 sed
417 1845 563 1922 pretioso
583 1844 746 1922 sanguine
759 1846 845 1922 Agni
860 1845 1076 1908 immaculati.
1197 1839 1288 1914 dicit,
1307 1841 1392 1918 quod
1404 1845 1422 1905 J
1425 1857 1501 1902 esus
1514 1843 1634 1919 quarta
1645 1842 1763 1918 vigilia
1777 1843 1871 1905 venit
1886 1843 1929 1904 ad
1941 1859 2004 1906 eos

388 1943 513 2020 ltaque,
530 1941 661 2017 tratres,
678 1957 738 2020 pro
763 1958 877 2004 amore
897 1943 997 2021 hujm
1012 1943 1142 2021 pretio·
1198 1937 1370 2001 ambulans
1386 1955 1486 2017 super
1497 1955 1612 2016 aquas.
1629 1941 1821 2002 Nosautem
1835 1941 1893 2018 qui
1909 1957 2005 2003 sem-

348 2040 474 2100 sissimi
489 2040 663 2117 sanguinis
684 2040 887 2118 deponamus
912 2041 1059 2104 veterem
1080 2041 1143 2104 ho-
1197 2052 1257 2112 per
1271 2037 1307 2099 in
1322 2039 1417 2100 nocte
1432 2037 1660 2116 hujusmundi
1675 2037 1832 2100 debemus
1849 2040 2004 2102 essesol·

346 2137 470 2198 minem
505 2154 580 2199 cum
609 2137 738 2200 actibus
774 2139 861 2212 suis,
898 2139 931 2201 et
963 2139 1142 2200 induamus
1197 2135 1280 2198 liciti
1296 2139 1413 2198 contra
1427 2136 1539 2199 hostes
1555 2137 1587 2198 et
1600 2136 1898 2214 expectarelucem
1912 2154 2003 2218 ven-

345 2251 467 2298 nosnm
499 2235 556 2314 qui
587 2236 767 2299 secundum
799 2239 905 2299 Deum
927 2237 1058 2299 creatus
1079 2239 1139 2298 est.
1197 2236 1322 2307 turam,
1352 2234 1455 2308 idest,
1481 2234 1659 2297 adventum
1682 2235 1823 2312 judicis,
1852 2235 2002 2298 dicimus

345 2337 575 2412 Expurgemus
603 2337 699 2397 vetus
730 2334 946 2409 termentum,
977 2335 1013 2398 ut
1038 2335 1141 2397 simus
1196 2334 1338 2411 primam
1353 2333 1503 2410 vigiliam
1514 2333 1677 2411 pueritiae,
1688 2334 1866 2396 secundam
1873 2337 2001 2413 Juven-

344 2447 432 2494 nova
448 2433 650 2511 conspersio,
666 2433 699 2494 et
713 2433 801 2496 sicut
815 2433 1027 2495 exhibuimus
1042 2449 1142 2496 mem·
1195 2431 1287 2505 tutis,
1306 2431 1439 2494 tertiam
1461 2432 1651 2499 senectutis.
1669 2435 1833 2509 quartam,
1857 2433 1940 2496 licet
1964 2435 2000 2495 in

343 2527 404 2591 bra
416 2530 530 2592 nostra
545 2531 672 2593 servire
686 2531 857 2609 iniquitati
865 2530 905 2592 ad
918 2532 1139 2610 iniquitatem,
1196 2530 1352 2592 Matthaeo
1368 2529 1498 2591 dicatur
1514 2529 1645 2591 initium
1661 2529 1738 2592 tidei
1753 2529 1997 2604 illucescentis,

343 2626 390 2689 ita
413 2643 502 2689 nunc
523 2627 741 2690 exhibeamus
756 2645 795 2690 ea
811 2629 938 2692 servire
949 2629 1089 2707 justitiae
1105 2629 1140 2690 in
1195 2628 1250 2689 hic
1263 2627 1403 2689 dicimus
1421 2626 1571 2703 vigiliam
1591 2627 1767 2705 decrepitae
1782 2629 1902 2690 aetatis.
1929 2631 2001 2692 Do-

342 2725 617 2788 sanctificatione.
635 2727 766 2788 Scimus
785 2727 874 2788 enim
889 2727 968 2805 quia
983 2742 1072 2789 mors
1086 2728 1141 2789 in·
1195 2727 1305 2787 minus
1318 2725 1429 2788 autem
1443 2725 1592 2786 ordinem
1614 2726 1840 2787 necessarium
1867 2728 1998 2800 servat,

340 2823 408 2886 trat
422 2839 482 2900 per
496 2823 660 2885 fenestras
675 2841 843 2898 sensuum,
859 2825 892 2886 et
905 2825 981 2888 ideo
1003 2824 1140 2902 dignum
1195 2822 1375 2886 secundum
1399 2822 1484 2901 quod
1501 2818 1641 2900 quisque
1658 2824 1764 2900 magis
1781 2823 1926 2901 vigilare
1947 2827 2002 2888 tc-

342 2922 405 2990 est,
430 2922 466 2983 ut
494 2921 551 2998 qui
575 2920 700 2983 tuerint
720 2923 944 2984 instrumenta
959 2923 1086 3000 peccati
1108 2926 1141 2986 et
1194 2921 1301 2983 netur.
1322 2921 1402 2982 Plus
1431 2921 1519 2982 enim
1541 2921 1684 2998 vigilare
1707 2921 1842 2984 tenetur
1869 2937 1999 2994 senex,

342 3017 520 3080 servierint
530 3018 673 3092 diabolo,
683 3035 771 3081 nunc
781 3019 937 3083 siutvasa
950 3021 1141 3083 sanctitica-
1194 3034 1292 3096 quam
1305 3018 1440 3096 juvenis
1455 3020 1488 3082 et
1503 3019 1575 3096 plus
1587 3020 1723 3097 juvenis
1745 3036 1845 3098 quam
1860 3022 2001 3084 adoles·

341 3116 443 3177 tionis
458 3117 492 3177 et
506 3115 655 3178 serviant
667 3120 747 3179 Jesu
768 3117 910 3191 Christo,
927 3119 963 3180 ut
982 3119 1037 3180 cui
1059 3120 1138 3182 olim
1194 3131 1283 3190 cens,
1309 3119 1343 3179 et
1362 3117 1437 3194 plus
1465 3117 1658 3178 adolescens
1683 3133 1782 3194 quam
1811 3134 1905 3195 puer.
1934 3120 1998 3180 Vel

342 3213 416 3274 erat
438 3212 530 3274 frons
554 3213 739 3275 meretricis
763 3214 800 3276 ut
830 3213 933 3277 nollet
958 3215 1138 3292 aliquando
1195 3215 1313 3292 potius,
1341 3215 1420 3293 quia
1444 3214 1543 3276 homo
1560 3215 1712 3277 nascitur
1739 3213 1780 3276 ad
1806 3215 1997 3290 miseriam,

341 3308 537 3372 erubescere
556 3310 590 3372 et
602 3311 735 3374 erubuit
758 3311 926 3375 Christum
941 3327 1053 3374 coram
1074 3313 1139 3375 ho-
1193 3315 1271 3374 tunc
1290 3313 1407 3390 incipit
1421 3313 1453 3374 ei
1466 3329 1544 3374 nox.
1561 3315 1641 3374 Cum
1656 3313 1768 3375 autem
1785 3314 1928 3376 moritur
1953 3315 1997 3376 ad

340 3408 498 3482 minibus,
519 3425 608 3472 nunc
636 3407 671 3470 in
697 3409 776 3471 sede
801 3410 949 3488 pudoris,
971 3411 1073 3484 idest,
1101 3412 1137 3473 in
1193 3411 1434 3482 salutem‚tunc
1451 3410 1568 3488 incipit
1587 3411 1669 3473 dies.

340 3507 449 3569 fronte
473 3507 582 3569 crucis
607 3507 767 3570 vexillum
793 3509 960 3586 praeterat,
979 3511 1012 3572 et
1033 3509 1139 3572 oonfl-
1233 3510 1333 3570 Recte
1346 3523 1493 3586 persero
1508 3507 1652 3586 quodest
1666 3508 1772 3570 noctis
1784 3508 1930 3581 initium,
1947 3511 2000 3573 in·

340 3604 440 3668 tendo
453 3605 619 3667 Christum
644 3622 757 3668 coram
779 3606 981 3679 hominibus,
1006 3607 1092 3671 absit
1106 3607 1138 3670 ei
1192 3606 1354 3683 telligitur
1370 3605 1524 3683 pueritia.
1539 3607 1603 3668 Per
1616 3621 1720 3668 omne
1733 3619 1825 3679 vere,
1837 3607 1925 3685 quod
1942 3609 1998 3669 est

340 3703 481 3780 gloriari
507 3703 573 3764 nisi
594 3702 629 3764 in
651 3720 750 3766 cruce
773 3705 904 3768 Domini
926 3706 1033 3769 nostri
1058 3710 1138 3770 Jesu
1192 3703 1398 3776 tinisnoctis,
1414 3703 1566 3764 senectus
1586 3703 1759 3780 accipitur,
1776 3704 1810 3766 ot
1825 3703 1902 3766 ideo
1921 3707 1995 3766 Do-
2088 3751 2089 3758 .

341 3801 475 3862 Christi.
500 3803 558 3863 Est
577 3816 656 3878 argo
670 3801 744 3863 haec
758 3804 971 3867 commutatio
990 3804 1137 3868 dexterae
1192 3802 1302 3864 minus
1316 3801 1408 3879 prius
1423 3803 1659 3864 commemorat
1680 3817 1754 3862 sero
1767 3817 1867 3880 quam
1880 3819 1993 3876 mane,

341 3898 485 3970 Excelsi,
504 3897 663 3966 tribuere,
691 3899 820 3962 scilicet
837 3901 971 3962 terrena
990 3917 1050 3979 pro
1069 3919 1139 3965 coe-
1192 3901 1228 3962 ut
1240 3899 1280 3961 de
1295 3901 1390 3962 nocte
1411 3900 1619 3961 transeamus
1640 3897 1682 3960 ad
1706 3898 1805 3972 diem,
1828 3899 1925 3970 idest,
1952 3900 1995 3962 de

341 3995 492 4068 testibus,
509 3996 696 4074 corporalia
710 4012 771 4075 pro
787 3997 1026 4075 spiritualibus,
1040 4001 1137 4062 tram
1192 3997 1333 4062 miseria
1349 3996 1427 4059 vitae
1441 3997 1617 4074 praesentis
1631 3996 1672 4058 ad
1687 3997 1829 4074 gloriam
1842 3997 1921 4059 vitea
1934 3997 1993 4060 iu-

342 4094 458 4157 sitoria
486 4109 547 4172 pro
575 4093 721 4156 aeternis.
749 4095 873 4173 Vigilet
893 4111 972 4174 ergo
999 4095 1138 4174 quilibet
1192 4098 1287 4158 turae.
1302 4097 1341 4157 Et
1353 4095 1431 4172 quia
1444 4111 1512 4157 nox
1522 4095 1571 4157 est
1581 4095 1649 4156 vita
1665 4111 1824 4172 praesens,
1841 4095 1993 4173 psalmus

340 4195 489 4254 vestrum
500 4191 679 4266 etlaboret,
693 4194 726 4256 et
734 4193 901 4273 implendo
914 4211 1010 4256 suum
1025 4196 1146 4266 minis-p
1192 4193 1273 4255 dicit
1290 4209 1297 4254 :
1312 4193 1540 4256 Dormtermtt
1555 4207 1716 4254 somnum
1729 4209 1843 4266 suum,
1858 4194 1892 4255 et
1906 4198 2002 4257 scibit

339 4291 460 4352 terium
476 4289 578 4353 iaciat
589 4305 672 4368 opus
687 4292 914 4369 evangelistae,
930 4291 1000 4354 sive
1014 4292 1139 4370 praedi·
1192 4292 1400 4352 incertemmt
1415 4304 1533 4353 oncnes
1553 4293 1625 4352 otri
1638 4292 1842 4352 divitiorum
1856 4294 1894 4352 tn
1915 4307 1996 4354 nm-

340 4389 474 4460 catoris,
488 4388 575 4451 sicut
587 4388 723 4452 cuilibet
734 4391 881 4453 vestrum
895 4390 976 4454 dicit
991 4391 1135 4452 Paulus:
1192 4390 1292 4450 oleos
1317 4391 1390 4450 suts
1401 4387 1470 4468 (Ps.
1486 4389 1537 4462 75,
1553 4386 1598 4467 6).
1614 4389 1685 4449 Duo
1700 4403 1843 4465 namque
1855 4389 1995 4465 praemi-

341 4489 390 4548 Tu
410 4501 494 4549 cero
520 4489 625 4562 vigila
652 4491 690 4549 m
713 4493 880 4562 munibus,
903 4492 1031 4562 lubere,
1052 4505 1138 4565 opus
1193 4487 1296 4562 serat;
1310 4484 1456 4563 vigilate,
1470 4485 1608 4559 scilicet,
1621 4485 1699 4563 quia
1712 4484 1994 4563 nescitisquando

339 4584 638 4661 soeeoongeltstoe,
661 4585 896 4648 ministerium
920 4587 1019 4648 tuum
1035 4591 1138 4661 erepte
1192 4585 1352 4646 Dominus
1379 4583 1503 4646 veniat.
1532 4585 1570 4645 ln
1597 4583 1705 4661 prima
1727 4581 1859 4660 quidem
1880 4585 1991 4656 aetate,

341 4680 543 4761 (llTim.1v,
559 4678 605 4758 5).
1193 4683 1271 4744 licet
1290 4682 1388 4744 homo
1403 4682 1531 4744 nesciat
1546 4679 1678 4759 quando
1692 4681 1851 4742 Dominus
1864 4682 1991 4755 veniat,

379 4777 506 4840 Debent
521 4777 621 4840 etiam
645 4778 776 4856 praelati
790 4777 931 4856 vigilare
950 4797 1011 4860 per
1025 4783 1138 4844 custo-
1191 4781 1303 4843 tamen
1324 4795 1390 4842 non
1413 4779 1514 4842 habet
1539 4795 1622 4856 opus
1648 4778 1801 4856 vigilare,
1819 4779 1897 4856 quia
1925 4795 1991 4840 non

339 4875 441 4938 diam.
470 4874 640 4953 liquibus
665 4876 754 4937 enim
785 4879 893 4955 major
920 4878 1051 4941 cautela
1079 4881 1137 4942 aut
1192 4877 1275 4941 solet
1287 4878 1397 4940 inians
1407 4893 1447 4940 ea
1459 4878 1555 4939 aetate
1566 4879 1760 4954 peccarem
1771 4876 1990 4950 ultimavero,

337 4977 447 5053 major
455 4973 710 5052 circumspectio
725 4975 882 5052 exigitur,
898 4992 996 5054 quam
1012 4976 1136 5040 abillis
1191 4976 1269 5039 licet
1281 4975 1492 5053 habeatopus
1502 4973 1673 5052 vigilandi,
1685 4975 1868 5036 sciltamen
1878 4975 1998 5038 decre·

337 5089 398 5153 per
426 5087 508 5152 quos
534 5088 617 5150 grex
640 5072 773 5135 Domini
794 5073 830 5136 in
850 5075 959 5139 medio
982 5075 1135 5154 luporum
1191 5075 1279 5152 pitus
1290 5073 1376 5153 quod
1391 5089 1431 5136 ea
1445 5073 1542 5136 aetate
1555 5073 1713 5135 Dominus
1721 5073 1822 5147 venit,
1833 5074 1989 5150 quoniam

338 5170 534 5245 custoditur,
565 5187 607 5234 ne
633 5171 714 5250 lupi,
740 5171 837 5246 idest,
861 5173 1028 5236 daemones
1049 5175 1137 5237 irre-
1191 5171 1272 5232 aetas
1286 5169 1345 5232 illa
1360 5167 1990 5232 mortetinitur.Licetautemomnibus

337 5270 438 5347 pant,
470 5284 550 5332 oves
572 5269 767 5347 dispergant
787 5270 821 5332 et
841 5273 997 5347 pereantt
1021 5272 1136 5348 ltaque
1190 5268 1392 5345 Praeceptum
1421 5268 1465 5330 sit
1488 5267 1645 5345 vigilare,
1676 5265 1857 5328 secundum
1883 5266 1988 5328 illud:

338 5381 486 5442 congrue
499 5367 536 5428 in
562 5367 744 5444 Evangelio
765 5367 896 5445 praelati
916 5368 1066 5446 pastores
1081 5384 1137 5447 ap-
1191 5369 1284 5433 Quod
1318 5369 1413 5428 vobts
1437 5369 1522 5435 dico,
1552 5368 1709 5427 omatibus
1735 5367 1820 5438 dico,
1848 5365 1990 5442 vigilate

338 5463 533 5542 pellantur:
558 5466 604 5528 ut
622 5465 786 5541 pastores
809 5467 924 5539 erent,
951 5465 1071 5545 inquit,
1098 5470 1135 5530 m
1192 5464 1309 5544 (Marc.
1327 5479 1401 5532 xin.
1415 5462 1481 5545 37).
1499 5463 1696 5540 Specialiter
1709 5463 1821 5525 tamen
1841 5462 1988 5540 praelatis

337 5565 480 5638 reptem
508 5565 628 5626 eadem
647 5563 829 5639 otgttontes
850 5565 885 5626 ct
907 5565 1136 5627 custodientes
1191 5563 1360 5636 Ecclesiae,
1384 5562 1564 5624 secundum
1589 5561 1673 5622 illud
1698 5577 1705 5622 ε
1727 5561 1882 5623 territori
1893 5575 1989 5636 prae-
2085 5595 2086 5606 κ

337 5661 475 5737 ripaeos
490 5661 712 5735 oocttssnper
722 5677 863 5739 gregem
876 5661 1079 5741 strumam.
1095 5678 1132 5737 11,
1189 5661 1279 5738 cepit
1290 5661 1454 5740 otorpoee
1464 5658 1581 5742 (Marc.
1593 5677 1666 5732 xm,
1679 5657 1886 5742 34).Janitor
1897 5659 1985 5720 enim
