4200 6404
133 339 198 402 aer
583 317 696 404 xxvi.
713 339 813 402 -nt
837 344 966 405 irnsro
990 343 1139 406 saron
1159 342 1342 406 Nldounl.
1726 344 1786 404 aaa

134 498 288 562 Dominae
307 497 496 578 lmpudloae,
512 517 611 579 quam
632 502 786 565 meritum
798 503 938 580 perdere
991 503 1043 566 bis
1064 503 1253 582 exemplum
1267 501 1442 565 coercendi
1457 502 1636 564 luxuriam.
1647 503 1740 566 Unde
1751 503 1786 566 in

136 597 314 661 castitatis.
337 597 539 661 Praeoinctos
558 599 675 663 habuit
699 600 843 664 Phinees
866 601 937 664 zelo
992 603 1173 678 Evangelio
1202 603 1308 664 :Stat
1328 604 1432 664 lambi
1461 601 1571 662 vestri
1593 603 1785 678 praecincti.

137 697 210 768 Dei,
220 711 321 774 quum
330 697 465 774 accepto
475 696 620 774 pugione
630 698 744 760 ambos
755 699 935 772 transiluit,
990 699 1038 760 Ad
1051 698 1261 769 mammillas,
1275 699 1311 759 ut
1320 713 1452 774 semper
1465 697 1647 760 habeamus
1659 713 1787 760 merno-

136 793 372 871 propterquod
387 795 538 856 exoravit
552 797 585 856 et
598 797 741 858 cessavit
753 797 933 874 quassatio.
991 796 1076 858 riam
1094 799 1177 874 ejus,
1194 797 1228 858 et
1248 796 1422 873 ejiciamus
1439 795 1545 856 malas
1570 797 1787 871 cogitationes

138 891 341 954 praecinctos
356 891 474 954 habuit
488 892 598 965 Urias,
611 893 743 971 quando
760 894 937 956 recusabat
991 891 1032 953 de
1047 891 1202 954 cordibus
1224 891 1357 953 nostris.
1382 892 1475 953 Unde
1498 891 1639 968 legimus
1660 892 1696 953 in
1718 894 1787 954 Da-

22 1017 25 1020 *
137 989 265 1052 intrare
292 988 499 1062 eduxeram,
527 990 604 1051 dum
631 1007 710 1053 arca
731 992 791 1054 Dei
805 993 878 1055 erat
900 994 958 1054 in·
990 990 1079 1052 niele
1091 990 1177 1068 quod
1199 989 1283 1051 vidit
1297 990 1404 1050 virum
1421 990 1476 1067 qui
1497 991 1570 1052 erat
1587 990 1786 1067 praecinctus

137 1087 268 1148 castris.
283 1087 485 1148 Praecinctos
498 1087 614 1150 habuit
627 1089 741 1151 Helias
754 1089 795 1151 de
809 1105 873 1168 quo
885 1090 936 1151 le·
989 1102 1072 1148 zona
1085 1103 1189 1149 aurea
1199 1087 1290 1149 circa
1302 1087 1428 1164 pectus.
1444 1089 1491 1149 De
1501 1087 1554 1148 his
1568 1087 1661 1148 zonis
1672 1088 1785 1148 aureis

135 1184 227 1260 gitur
240 1184 276 1244 in
294 1183 381 1246 libro
409 1187 564 1262 Regum:
587 1190 647 1248 Vir
670 1186 800 1262 pilosae
829 1189 881 1250 est
902 1191 935 1252 ct
990 1184 1131 1260 legimus
1157 1185 1193 1246 in
1219 1185 1429 1262 apocalysi:
1461 1185 1639 1248 antenor
1654 1187 1788 1260 septem

134 1298 226 1346 aaran
237 1285 380 1358 pedicae
396 1284 568 1346 accinctas
580 1287 722 1347 renibus
739 1283 800 1365 (IV
814 1288 896 1362 aeg.
910 1302 933 1356 r,
988 1285 1102 1358 napea
1113 1285 1155 1344 de
1168 1283 1293 1356 tempto
1304 1283 1422 1344 vestiti
1432 1287 1501 1346 ttae
1512 1285 1641 1344 inuade
1655 1285 1689 1344 et
1703 1299 1788 1346 cart-

134 1378 183 1458 8).
215 1380 417 1442 Praecinctos
441 1380 557 1444 habuit
582 1381 747 1456 Heliseus,
773 1383 829 1461 qui
857 1384 935 1446 licet
989 1384 1079 1453 dide,
1096 1383 1129 1442 ct
1141 1381 1430 1454 praecinctictrca
1446 1383 1589 1456 pectora
1609 1385 1707 1443 zoats
1721 1397 1787 1442 aaa

134 1477 224 1554 apud
255 1479 470 1551 sunamitem,
506 1479 598 1540 illam
624 1479 692 1542 tam
718 1496 808 1558 saepe
834 1481 934 1544 luerit
988 1481 1061 1540 retr
1074 1477 1190 1557 (apoc.
1204 1494 1260 1550 xv,
1274 1477 1320 1558 6).
1338 1478 1509 1556 Templum
1524 1480 1574 1540 est
1584 1480 1712 1540 secreta
1723 1479 1786 1542 ha-

133 1574 335 1652 hospitatus,
353 1590 534 1653 numquam
551 1577 663 1638 tamen
685 1577 849 1640 sollicitus
871 1579 933 1641 luit
987 1574 1104 1637 bitatio
1115 1574 1191 1636 coeli
1204 1575 1306 1648 tertii,
1319 1575 1406 1654 quod
1421 1575 1543 1638 dicitur
1557 1592 1749 1654 empyreum
1764 1593 1785 1638 a

23 1661 26 1664 ’
132 1671 224 1734 scire
234 1673 334 1734 etiam
355 1689 476 1735 nomen
490 1674 581 1735 illius
593 1697 601 1750 ;
614 1673 680 1736 imo
701 1675 749 1739 ait
762 1677 804 1738 ad
818 1676 908 1738 (tissi
923 1699 931 1738 ε
988 1671 1176 1750 splendore,
1186 1688 1281 1735 nona
1294 1674 1416 1736 calore.
1429 1676 1475 1735 De
1486 1673 1549 1736 hoc
1559 1673 1681 1751 templo
1695 1690 1787 1750 egre-

136 1774 226 1832 Voca
240 1763 458 1840 sunamitem
472 1775 577 1836 utam
601 1773 800 1836 praecinctos
816 1773 933 1837 hahuit
988 1769 1124 1832 diuntur
1159 1770 1282 1847 angeli,
1311 1771 1443 1849 quando
1477 1771 1618 1834 veniunt
1645 1772 1701 1842 ad¹
1724 1789 1785 1834 nos

121 1868 142 1930 J
151 1883 278 1930 oannes
297 1869 446 1944 Baptista
474 1868 515 1930 de
531 1885 595 1946 quo
608 1869 741 1946 legitur,
759 1873 932 1949 quoderat
987 1868 1082 1930 missi
1096 1867 1131 1928 in
1146 1867 1379 1942 ministerium,
1403 1869 1460 1946 qui
1474 1869 1549 1932 ideo
1568 1869 1786 1944 designantur

124 1965 269 2027 restitus
290 1966 368 2042 pilis
392 1967 605 2041 camelorum,
633 1968 666 2029 et
686 1984 771 2030 nona
791 1969 930 2047 pellicea
986 1966 1174 2043 septenario
1198 1981 1348 2038 numero,
1361 1966 1439 2044 quia
1455 1969 1581 2044 septem
1594 1969 1671 2028 sunt
1686 1967 1784 2028 donis

127 2064 221 2125 circa
237 2063 366 2124 lumbos
381 2080 471 2134 suos,
490 2067 524 2126 et
547 2067 693 2128 ioannes
718 2068 929 2144 Evangelista
986 2064 1131 2140 Spiritus
1156 2066 1269 2127 Sancti
1291 2065 1420 2144 repleti,
1437 2065 1549 2127 vestiti
1568 2064 1637 2126 lino
1662 2065 1784 2127 mundo

127 2177 229 2239 quem
244 2161 403 2223 Dominus
426 2163 593 2224 volentem
612 2163 738 2226 nubere
761 2179 781 2226 a
803 2167 929 2244 nuptiis
984 2162 1018 2222 et
1032 2162 1184 2236 candido,
1198 2162 1277 2241 quia
1291 2162 1535 2240 purietmundi
1546 2163 1669 2225 suntin
1683 2179 1783 2225 cons-

125 2260 592 2339 revocavitraulusquoque
609 2261 723 2338 quide
742 2264 927 2340 suavirgi-
984 2261 1081 2336 pectu
1105 2261 1175 2322 Dei.
1206 2261 1310 2324 Linus
1334 2261 1476 2322 mundus
1496 2260 1529 2323 et
1550 2260 1711 2324 candidus
1734 2263 1785 2323 est

127 2356 235 2418 nitate
248 2356 295 2418 ait
311 2377 319 2417 ε
338 2359 415 2420 Volo
430 2372 548 2420 omnes
568 2362 723 2422 homines
739 2375 814 2423 esse
839 2364 929 2424 sicea
983 2357 1090 2418 virtus
1106 2358 1301 2434 angelorum
1316 2374 1399 2435 pura
1415 2358 1448 2420 et
1468 2358 1673 2436 incorrupta.
1690 2361 1785 2420 Prae-

125 2469 187 2516 me
197 2457 311 2528 ipsum
327 2453 355 2534 (Ι
370 2453 929 2528 Cor.v11,7).Praecinotoshabent
983 2454 1162 2530 cinguntur
1175 2456 1269 2518 zonis
1293 2457 1418 2528 aureis,
1434 2457 1513 2534 quia
1532 2457 1646 2519 tenent
1672 2457 1783 2518 invio-

127 2551 154 2613 ii
165 2551 224 2629 qui
239 2568 313 2613 cum
328 2552 602 2614 mulieribusnon
617 2555 925 2633 suntooinquinati3
982 2550 1116 2614 labilem
1149 2554 1346 2616 munditiam
1377 2555 1503 2626 cordis,
1529 2554 1631 2626 idest,
1659 2553 1783 2615 habent

124 2649 278 2726 virgines
305 2651 393 2712 enim
418 2652 496 2712 sunt
522 2650 555 2713 et
585 2653 769 2730 sequuntur
796 2657 927 2730 agnum
982 2649 1138 2710 mundam
1151 2652 1185 2713 et
1197 2667 1315 2728 puram
1329 2650 1527 2713 munditiam
1542 2651 1663 2714 cordis.

124 2763 334 2824 quocumque
347 2748 435 2810 ierit.
451 2748 652 2812 Praeoinctos
668 2749 798 2812 sortiter
811 2751 928 2814 habuit
1022 2747 1124 2808 Item:
1143 2749 1241 2810 State
1272 2765 1356 2826 erpo
1376 2751 1540 2812 mendacta·
1559 2751 1688 2812 cacabos
1703 2763 1782 2810 ocs-

126 2847 205 2923 ipsa
220 2847 383 2919 Susanna,
405 2862 479 2925 quae
493 2847 594 2924 elegit
608 2849 718 2925 potius
733 2849 927 2910 inciderein
982 2844 1056 2908 tros
1065 2849 1102 2907 tn
1116 2846 1276 2920 caritate,
1292 2849 1325 2910 ct
1335 2848 1467 2910 indulte
1481 2847 1781 2920 bacamjustdtae

127 2959 248 3006 manus
277 2943 448 3006 hominum
473 2929 573 3022 quam
600 2961 739 3023 peccare
762 2947 797 3008 in
823 2949 927 3010 Deum
980 2945 1122 3006 calceata
1137 2947 1244 3018 pedes
1263 2949 1300 3008 ta
1321 2946 1584 3019 praeparatione
1598 2947 1779 3021 Ecaazpcltt

126 3059 235 3103 suum.
255 3043 457 3104 Praecinctos
473 3043 590 3106 habuit
603 3046 698 3106 Anna
713 3044 773 3106 ille
788 3046 927 3123 prophe·
975 3045 1085 3115 pacta
1100 3046 1138 3104 ta
1152 3046 1309 3104 manib-as
1317 3044 1494 3106 cameratas
1506 3044 1644 3106 scutum
1658 3044 1777 3116 rtdei...

127 3140 223 3212 tissa,
245 3140 327 3201 'lilia
358 3140 521 3213 Phanuel,
546 3157 619 3218 quae
643 3141 721 3204 licet
746 3159 821 3204 oum
851 3144 924 3205 viro
981 3137 1078 3220 (Eph.
1092 3156 1140 3212 vr,
1153 3137 1217 3220 14).
1236 3141 1575 3218 Succingerelumbos
1588 3141 1673 3206 nibil
1684 3141 1776 3202 aliud
1820 3157 1825 3162 ·

124 3237 229 3300 luerit
252 3239 350 3302 anuis
379 3240 516 3317 septem,
541 3239 643 3302 vidua
668 3240 779 3302 tamen
802 3241 926 3304 mansit
981 3236 1031 3299 est
1046 3253 1145 3315 quarn
1168 3238 1395 3300 acarnalibus
1411 3239 1587 3302 desideriis
1598 3238 1777 3310 abstinere,

126 3350 233 3412 usque
248 3336 289 3396 ad
301 3352 407 3398 annos
423 3336 589 3413 octoginta
600 3339 752 3414 quatuor.
761 3340 925 3402 Praecinc-
981 3335 1119 3408 scilicet,
1143 3337 1380 3398 continendum
1401 3338 1453 3399 est
1474 3337 1509 3398 in
1529 3339 1682 3400 veritate.
1702 3338 1778 3409 Qui·

124 3434 178 3495 tos
193 3431 387 3496 'habuerunt
401 3433 550 3510 virgines
563 3435 631 3496 illae
644 3436 836 3512 prudentes,
851 3454 925 3514 quae
980 3431 1055 3494 dam
1067 3433 1155 3496 enim
1166 3434 1337 3496 continent
1352 3451 1396 3496 ex
1409 3435 1608 3498 necessitate
1628 3450 1695 3498 non
1710 3433 1777 3496 lra-

125 3531 283 3610 quoniam
311 3531 436 3610 paratae
463 3533 569 3604 erant,
605 3533 816 3596 intraverunt
850 3551 925 3596 cum
978 3529 1094 3592 bentes
1117 3530 1182 3593 loci
1201 3533 1259 3594 aut
1278 3531 1437 3608 temporis
1453 3532 1512 3593 aut
1533 3531 1779 3595 instrumento-

125 3644 248 3707 sponso
268 3628 309 3692 ad
324 3630 469 3707 nuptias.
486 3629 529 3691 Hi
549 3630 656 3694 motus
681 3631 758 3693 sunt
782 3632 924 3710 populus
979 3642 1053 3689 rum
1077 3629 1367 3706 opportunitatem.
1396 3628 1535 3700 Quidam
1561 3643 1604 3690 ex
1627 3629 1776 3692 vanitate

123 3726 364 3800 debusaeorum,
380 3743 462 3806 quos
475 3727 592 3798 Dauid,
606 3727 851 3792 etiamcivitate
866 3731 926 3792 de-
980 3727 1113 3804 propter
1136 3725 1295 3798 savorem,
1321 3726 1486 3800 videlicet,
1512 3727 1695 3801 hominum,
1724 3728 1776 3792 vel

122 3825 229 3898 ricta,
242 3842 308 3888 non
329 3826 437 3904 potuit
448 3826 489 3888 de
499 3826 572 3904 ipsa
588 3827 769 3904 expellere.
788 3829 925 3904 Semper
978 3822 1113 3902 aliquod
1128 3823 1310 3901 temporale
1334 3824 1551 3888 commodum.
1574 3827 1713 3897 Quidam
1733 3843 1777 3890 ex

124 3923 215 3986 euim
229 3924 401 3986 Jebusaeus
415 3923 589 3985 habitatin
602 3924 691 3986 terra
708 3925 833 3997 nostra,
850 3942 924 4003 quae
978 3921 1119 3986 veritate
1146 3921 1210 3984 soli
1245 3925 1313 3986 beo
1348 3922 1481 4000 placere
1515 3925 1697 4001 cupientes.
1725 3926 1777 3987 ln-

125 4021 222 4082 nobis
238 4022 352 4098 spinas
366 4024 400 4084 et
413 4020 554 4084 tribulos
578 4036 646 4082 non
661 4020 784 4084 desinit
796 4025 923 4099 germi—
978 4019 1109 4082 duenda
1135 4021 1188 4082 est
1217 4020 1317 4082 etiam
1344 4021 1449 4083 lorica
1471 4023 1625 4099 justitiae.
1656 4023 1775 4086 Lorica

124 4134 218 4184 nare.
239 4121 279 4181 Et
292 4119 367 4181 ideo
388 4118 472 4181 bene
494 4119 704 4181 dictumest:
721 4121 924 4196 Beatusqot
978 4117 1157 4180 enimenta
1173 4119 1205 4180 et
1221 4119 1322 4191 retro,
1344 4134 1365 4180 a
1388 4119 1515 4182 dextris
1535 4121 1568 4182 et
1589 4136 1609 4182 a
1629 4121 1774 4183 sinistris

125 4218 252 4280 tenebit
271 4218 305 4279 et
327 4218 441 4280 odtdet
452 4221 618 4294 parvulos
632 4218 717 4281 saos'
727 4221 772 4280 ad
785 4221 923 4293 petram
977 4216 1120 4293 protegit
1129 4216 1308 4290 hominem,
1324 4232 1398 4277 cum
1414 4217 1775 4295 meritooperaturjus·

126 4313 198 4396 (Ps.
212 4317 281 4388 136,
297 4313 343 4394 a).
979 4314 1095 4386 titiam,
1105 4329 1178 4390 quas
1189 4312 1298 4374 reddit
1312 4313 1493 4391 unicuique
1506 4314 1593 4391 quod
1602 4331 1697 4376 suum
1710 4318 1771 4388 est,

168 4414 257 4476 Zona
289 4427 392 4477 aurea
425 4413 664 4491 praecingimur
697 4413 827 4492 quoties
861 4430 923 4493 per
977 4411 1103 4472 habens
1116 4411 1216 4472 otiam
1228 4425 1343 4473 omnes
1354 4411 1482 4488 priores
1494 4412 1568 4489 post
1583 4413 1774 4486 minores,a

122 4510 321 4575 munditiam
335 4511 449 4576 cordis
468 4527 573 4573 vanas
594 4511 627 4574 et
641 4512 778 4574 nocivas
794 4511 924 4588 cogita-
976 4508 1104 4570 dextris
1120 4508 1245 4570 amicos
1258 4525 1278 4568 a
1293 4508 1439 4570 sinistris
1454 4509 1619 4572 inimicos.
1637 4513 1772 4574 Redda-

122 4608 233 4671 tiones
247 4608 427 4687 abjicimus
445 4609 486 4671 de
507 4608 664 4675 cordibus
686 4609 820 4672 nostris.
835 4612 921 4687 Ergo
976 4621 1049 4667 rnus
1065 4621 1144 4682 ergo
1160 4605 1300 4683 singulis
1314 4607 1400 4684 quod
1417 4624 1512 4668 suum
1528 4609 1588 4670 est.
1599 4609 1772 4673 Prioribus

122 4705 346 4769 benedictum
362 4709 433 4771 est:
450 4707 551 4774 Reatt
570 4711 817 4781 mendosorde,
837 4723 922 4782 quo-
977 4704 1209 4778 obedientlam,
1225 4705 1416 4784 junioribus
1434 4706 1631 4782 doctrinam,
1654 4710 1772 4772 amicis

122 4808 221 4866 aiom
235 4808 302 4880 ipsi
321 4808 435 4867 Deum
448 4803 865 4884 praecommonere).
886 4806 920 4867 Si
977 4802 1141 4876 laetitiam,
1176 4803 1323 4866 inimicis
1354 4805 1560 4881 patientiam.
1595 4807 1773 4870 calceandi

123 4902 287 4966 munditia
299 4903 409 4964 cordis
423 4918 489 4964 non
502 4903 591 4964 esset
606 4902 675 4966 mm
689 4919 845 4979 magnum
858 4903 921 4966 bo·
976 4900 1053 4962 sunt
1063 4900 1163 4977 pedes
1176 4900 1282 4963 nostri
1296 4900 1332 4962 in
1343 4902 1586 4978 praeparatione
1600 4904 1773 4980 Evangelii

123 5017 215 5072 num,
240 5015 305 5060 non
332 4999 451 5062 luisset
479 5003 547 5060 tam
577 5017 698 5078 magna
729 5002 918 5078 promissio.
975 4998 1081 5076 pacis.¹
1097 4998 1139 5059 Ut
1151 4998 1241 5058 enim
1261 5015 1376 5075 pacem
1391 5000 1627 5062 annuntiemus
1649 5003 1682 5064 et
1700 5017 1774 5063 ser-

122 5097 289 5160 Munditie
316 5097 426 5163 cardis
455 5097 523 5170 est,
551 5097 683 5175 quando
717 5099 920 5162 conscientia
975 5111 1106 5168 vemus,
1129 5093 1280 5160 calceare
1297 5095 1453 5157 debemus
1477 5097 1577 5174 pedes
1597 5100 1774 5174 cogitatio-

122 5194 790 5273 nonacensatvelreprehenditaliquem
805 5197 922 5258 deali-
975 5209 1054 5258 num
1079 5195 1290 5266 nostrarum,
1329 5193 1447 5271 quibus
1477 5194 1581 5258 totum
1613 5196 1772 5260 mundum

122 5309 188 5370 quo
216 5296 363 5370 peccato,
388 5292 474 5370 quod
502 5309 569 5353 non
591 5293 635 5355 sit
655 5296 832 5369 purgatum
860 5307 921 5371 per
976 5307 1194 5368 peragramur
1214 5291 1375 5353 memoria
1400 5293 1607 5354 mortuorum
1631 5309 1769 5370 operum

123 5391 355 5468 poenitentiam
370 5390 403 5454 et
413 5391 645 5453 contritionem
656 5390 776 5452 cordis.
787 5391 921 5452 Duobus
976 5391 1176 5459 nostrorum,
1205 5404 1247 5450 ne
1276 5389 1371 5466 spina
1398 5406 1586 5467 pungamur
1606 5393 1772 5470 superbiae

119 5489 231 5550 modis
255 5489 396 5564 legimus
424 5489 601 5550 Dominum
625 5488 841 5565 praecinctum
856 5505 920 5566 ap·
976 5488 1195 5549 consideratis
1222 5486 1505 5550 imbecillitatibus
1529 5489 1757 5565 proximorum

121 5587 278 5664 paruisse
292 5588 328 5648 in
348 5587 453 5648 veteri
471 5589 681 5648 Testamenta
697 5586 738 5649 ad
754 5601 863 5666 renes,
887 5587 937 5657 in,
976 5585 1101 5657 Quibus
1115 5602 1157 5647 ne
1171 5585 1500 5664 superextendamus
1516 5601 1588 5660 nos,
1601 5587 1678 5651 dum
1691 5605 1773 5652 nos-

121 5697 211 5750 novo
227 5685 268 5764 ad
283 5685 493 5754 mammillas.
506 5685 554 5748 Ad
568 5701 678 5762 renes,
693 5685 730 5747 ut
751 5685 846 5749 daret
860 5701 923 5748 no·
976 5685 1061 5746 tram
1076 5684 1111 5744 iu
1124 5683 1237 5764 aliquo
1252 5683 1441 5748 firmitatem
1453 5679 1609 5748 etcerum
1624 5687 1772 5752 infirmi-
