4234 6442
354 260 413 321 tlt

358 417 561 500 apparuerit,
584 417 807 492 impetratum.
824 413 986 476 Caeterum
1002 427 1075 473 cum
1093 427 1152 473 ec-

356 521 458 582 clesia
474 519 603 581 Sanctae
619 513 734 576 Mariae
759 513 793 574 in
809 512 921 583 saxia,
938 512 971 574 et
989 509 1153 588 hospitale

357 615 581 681 constructum
594 613 715 675 ibidem
735 612 777 674 ad
802 625 862 672 nos
882 609 974 671 nullo
990 607 1154 686 pertineat

358 713 535 785 mediante,
548 713 641 774 salvo
652 710 737 787 quod
753 708 867 770 clerici
882 708 1030 785 ejusdem
1046 707 1154 768 eccle-

357 814 416 874 3133
427 811 597 874 dehentex
608 811 722 872 nostro
735 807 890 868 mandato
901 806 1053 868 Basilicas
1066 805 1154 882 prin·

356 911 440 988 cipis
452 909 687 986 Apostolorum
702 907 737 967 in
754 902 1154 981 scrutinio,Baptismo,et

358 1008 496 1070 Latonia
519 1023 561 1068 ne
575 1005 718 1083 disparis
738 1003 938 1065 conditionis
957 1001 1155 1078 praeferatur

358 1105 456 1166 homo
485 1104 606 1175 eidem,
633 1105 666 1164 et
690 1117 821 1174 servus,
843 1099 900 1177 qui
926 1099 984 1160 3111
1012 1099 1153 1160 1133133

359 1204 434 1274 3131,
448 1203 507 1264 331
528 1201 636 1274 cadat,
653 1201 866 1278 praeponatur
887 1197 1045 1276 hospitali
1067 1212 1156 1274 prae-

357 1301 456 1374 dicto,
468 1299 555 1377 quod
574 1300 689 1361 nostra
703 1299 832 1360 tantum
854 1298 906 1358 est
924 1295 1154 1373 jurisdictioni

357 1399 557 1475 subjectum
572 1399 662 1458 tuam
673 1411 860 1474 personam,
878 1394 925 1454 lili
936 1393 1104 1468 magister,
1122 1391 1154 1453 et

357 1510 587 1557 successorum
611 1495 742 1556 tuorum
758 1509 778 1553 3
798 1490 1019 1570 quorumlibet
1033 1489 1155 1567 333313-

354 1597 466 1657 torum
487 1593 664 1655 eximimus
686 1593 859 1669 potestate,
874 1593 910 1652 ut
934 1589 1045 1650 nullus
1067 1587 1101 1650 in
1121 1589 1153 1650 te

355 1693 409 1755 vel
437 1707 494 1754 eos
516 1690 699 1762 interdicti,
722 1690 775 1751 vel
802 1685 1153 1750 excommunicationis

356 1790 554 1852 sententiam
577 1789 649 1850 sine
669 1787 825 1850 mandato
844 1785 1042 1864 Apostolicae
1058 1783 1153 1846 Sedis

356 1888 477 1950 audeat
501 1886 724 1964 promulgare,
739 1880 837 1962 quam
859 1883 1005 1945 sialiter
1026 1882 1154 1960 prolata

357 1986 467 2057 luerit,
484 1984 692 2046 decernimus
706 1999 772 2044 non
785 1985 913 2043 tenere.

397 2081 432 2144 Si
454 2081 527 2160 quis
541 2097 621 2144 vero
636 2080 775 2142 fratrum
790 2079 989 2149 vestrorum,
1005 2077 1061 2155 qui
1077 2075 1155 2137 des-

355 2180 452 2243 tinati
464 2177 588 2240 fuerint
600 2178 640 2240 ad
653 2177 881 2254 eleemosynas
894 2175 1108 2251 colligendas,
1119 2175 1153 2234 in

355 2276 537 2357 quamlibet
559 2276 738 2347 civitatem,
755 2273 940 2345 castellum,
960 2273 1014 2335 vel
1039 2271 1153 2333 villam

355 2375 560 2446 advenerint,
576 2374 605 2434 si
622 2372 705 2436 forte
723 2374 816 2434 locus
836 2372 894 2433 1113
908 2387 927 2432 3
942 2370 1065 2432 divinis
1081 2369 1155 2432 fue-

353 2475 398 2536 rit
413 2471 532 2535 officiis
547 2471 754 2543 interdictus,
769 2485 829 2547 pro
843 2468 1079 2546 omnipotentis
1093 2467 1152 2529 Dei

352 2570 539 2633 reverentia
554 2569 718 2631 incorum
733 2569 876 2629 adventu
887 2566 1041 2644 jucundo,
1051 2564 1152 2627 semel

352 2671 388 2731 iu
407 2684 507 2741 anno,
524 2667 662 2745 pulsatis
684 2666 854 2742 campanis
874 2663 1070 2742 aperiantur
1091 2665 1154 2725 Eo-

353 2767 476 2838 clcsiae,
502 2765 538 2826 ut
566 2779 667 2841 super
691 2762 910 2839 eleemosynis
939 2760 1152 2839 acquirendis

352 2864 489 2925 verbum
507 2860 749 2923 exhortationis
763 2860 804 2921 ad
821 2858 978 2936 populum
994 2857 1154 2919 1333313-

354 2963 405 3022 sia
420 2959 633 3036 proponatur.
649 2957 863 3019 Decernimus
878 2956 1016 3032 insuper
1043 2955 1081 3016 ut
1096 2971 1156 3017 re-

355 3059 504 3135 ceptores
540 3054 800 3126 fraternitatum,
834 3053 904 3114 sive
939 3053 1151 3114 collectarum

353 3155 540 3216 vestrarum
565 3152 657 3213 salvo
682 3153 760 3228 jure
780 3165 915 3211 suorum
943 3149 1150 3211 dominorum

353 3252 387 3314 in
407 3250 496 3312 beati
516 3249 606 3312 Petri
621 3249 654 3311 et
667 3251 780 3310 nostra
800 3247 1003 3325 protectione
1022 3248 1152 3309 consis-

351 3350 434 3421 tant,
449 3348 620 3426 etpacein
633 3347 732 3408 133313
748 3345 867 3424 quibus
882 3345 1006 3407 fuerint
1020 3346 1152 3422 potian-

350 3439 415 3511 tur.
440 3446 548 3510 Simili
575 3445 674 3507 etiam
694 3445 790 3506 modo
818 3443 998 3516 sancimus,
1024 3445 1060 3504 ut
1080 3443 1152 3521 qui-

353 3561 494 3622 cumque
509 3545 670 3606 13333133
691 3542 791 3604 133311
812 3541 1020 3604 fraternitate
1033 3557 1152 3618 recep-

349 3646 419 3716 tus,
445 3643 475 3704 si
498 3641 612 3704 forsan
638 3640 842 3718 parochialis
868 3639 1028 3712 ecclesia,
1053 3642 1149 3716 cujus

351 3743 422 3818 ipse
445 3739 667 3817 parochianus
689 3737 847 3810 extiterit,
866 3753 887 3798 3
908 3736 1031 3799 divinis
1049 3736 1149 3799 fuerit

351 3838 470 3900 officiis
491 3835 679 3902 interdicta,
695 3850 835 3911 eumque
855 3835 938 3896 mori
959 3834 1145 3910 contigerit,

349 3935 415 4012 ipsi
442 3932 611 4010 sepultura
643 3931 870 3994 ecclesiastica
901 3948 967 3994 non
995 3933 1146 4008 negetur,

350 4033 416 4094 3131
436 4030 742 4093 excommunicatus
756 4029 809 4091 vel
830 4030 1024 4091 nominatim
1048 4029 1148 4091 fuerit

349 4129 557 4193 interdictus.
571 4129 723 4190 Decimus
738 4128 849 4189 autem
869 4126 909 4188 de
925 4127 1035 4199 terris,
1051 4129 1083 4190 et
1096 4128 1148 4189 vi-

349 4229 433 4300 3313,
447 4243 529 4305 quas
542 4227 583 4288 ad
592 4242 674 4303 opus
685 4225 904 4297 infirmorum,
917 4224 950 4286 et
964 4241 1145 4303 pauperum

349 4326 493 4407 propriis
513 4324 678 4396 manibus,
694 4325 752 4386 aut
766 4322 950 4400 sumptibus
969 4323 1089 4396 colitis,
1106 4322 1146 4386 de

348 4425 447 4488 terris
462 4422 585 4483 habitis
601 4423 678 4484 ante
691 4421 876 4483 Concilium
892 4421 1059 4496 generale,
1074 4421 1145 4483 sive

349 4522 389 4583 de
402 4519 612 4582 nutrimentis
625 4518 831 4590 animalium,
848 4534 907 4579 seu
927 4519 967 4579 de
983 4518 1145 4580 fructibus

350 4619 522 4680 hortorum
537 4619 735 4687 vestrorum,
752 4614 864 4675 nullus
875 4615 1010 4690 exigere
1024 4616 1077 4676 vel
1091 4632 1146 4677 ex·

348 4718 505 4791 torquere
522 4713 710 4790 praesumat.
727 4711 841 4773 Liceat
864 4713 973 4774 autem
992 4712 1085 4774 vobis
1109 4714 1144 4776 in

349 4811 500 4874 domibus
511 4809 650 4881 vestris,
667 4825 749 4886 quas
765 4808 800 4869 in
815 4809 1066 4886 presentiarum
1083 4811 1146 4873 ha-

348 4910 445 4982 betis,
459 4907 511 4971 vel
524 4907 559 4968 in
579 4905 725 4969 futurum
737 4906 831 4968 eritis
847 4905 991 4968 habituri
1005 4908 1046 4970 ad
1061 4925 1143 4986 opus

347 5011 504 5078 vestrum,
527 5007 560 5066 et
579 5003 716 5066 familiae
728 5005 859 5079 3331333,
881 5021 942 5067 nec
964 5023 1030 5069 non
1049 5007 1145 5068 infir-

347 5121 492 5176 morum,
520 5104 555 5166 et
577 5117 759 5181 pauperum
780 5101 902 5164 ibidem
926 5105 1141 5176 manentium,

347 5201 529 5266 oratorium
542 5199 576 5261 et
585 5201 810 5262 coemeterium
824 5199 897 5263 sine
909 5201 1152 5279 impedimento

346 5298 525 5379 cujuslibet
538 5297 809 5360 contradictionis
822 5296 958 5360 habere.

385 5397 537 5458 Chrisma
552 5410 643 5466 vero,
660 5394 768 5456 oleum
788 5397 948 5466 sanctum,
962 5411 1141 5456 consecra-

344 5494 452 5558 tiones
474 5493 646 5564 altarium,
672 5507 731 5552 seu
755 5493 986 5564 Basilicarum,
1003 5493 1142 5554 ordina·-

344 5593 452 5655 tiones
476 5591 688 5661 clericorum,
718 5591 774 5666 qui
802 5590 844 5652 ad
865 5589 999 5652 ordines
1020 5589 1143 5654 fuerint

967 248 1143 313 Honohll
1167 249 1382 312 irrorans.

1957 259 2022 318 41⁶2

1208 407 1424 488 promovendi
1437 427 1456 472 3
1471 411 1670 475 dioecesanis
1685 415 1874 491 suscipietis
1885 417 2021 494 episco-

1208 509 1275 588 pis,
1290 509 1452 588 siquidem
1468 510 1624 572 catholici
1646 510 1785 584 fuerint,
1803 514 1835 574 et
1855 529 2018 576 commu-

1208 607 1341 669 nionem
1359 609 1581 670 sacrosanctae
1597 611 1756 672 Romanae
1773 607 2019 674 8311333333-

1208 705 1289 777 rint,
1318 708 1352 767 et
1383 722 1423 766 ea
1457 705 1550 768 vobis
1589 707 1662 766 sine
1697 709 1860 785 pravitate
1897 710 2016 788 aliqua

1208 803 1375 865 voluerint
1400 803 1569 866 exhibere.
1596 805 1752 882 Alioquin
1785 806 1885 870 113331
1918 809 2016 870 vobis

1208 917 1447 979 quemcumque
1480 902 1667 964 malueritis
1690 903 1890 966 catholicum
1917 907 2016 968 adire

1208 1000 1401 1068 antistitem,
1415 1001 1556 1076 gratiam
1572 1004 1606 1063 et
1620 1003 1886 1064 communionem
1904 1009 2016 1081 Apos-

1208 1097 1316 1158 tolicae
1346 1098 1441 1160 Sedis
1466 1098 1654 1172 habentem,
1675 1101 1729 1177 qui
1760 1103 1874 1163 nostra
1905 1101 2014 1164 fretus

1209 1196 1406 1258 auctoritate
1417 1195 1510 1257 vobis
1527 1198 1613 1274 quod
1624 1198 1810 1275 postulatur
1823 1199 2009 1278 impendat.

1249 1296 1354 1366 Quum
1372 1295 1482 1355 33133
1502 1295 1659 1370 generale
1676 1295 1889 1360 interdictum
1911 1299 2012 1360 133333

1208 1390 1319 1462 133311,
1335 1391 1435 1453 113331
1454 1392 1489 1452 13
1512 1391 1662 1454 333133113
1678 1395 1799 1458 vestris
1815 1395 1942 1457 clausis
1956 1399 2012 1473 ja·

1209 1488 1295 1560 3313,
1312 1490 1458 1550 exclusis
1478 1493 1773 1554 excommunicatis
1788 1493 1822 1554 et
1841 1492 2010 1555 interdic-

1208 1583 1262 1656 tis,
1281 1601 1346 1646 non
1371 1586 1511 1663 pulsatis
1531 1589 1713 1665 campanis,
1733 1605 1912 1666 suppressa
1929 1607 2010 1653 voce

1208 1683 1322 1745 divina
1337 1683 1447 1746 officia
1460 1684 1640 1746 celebrare.
1661 1686 1774 1749 Liceat
1797 1704 1931 1766 quoque
1944 1705 2007 1750 33-

1208 1781 1258 1841 bis
1283 1781 1405 1845 liberas
1429 1784 1461 1844 et
1486 1782 1655 1846 absolutas
1682 1801 1841 1862 personas
1861 1789 2009 1849 eseculo

1209 1879 1372 1954 fugientes
1392 1880 1433 1940 ad
1453 1880 1703 1943 conversionem
1719 1882 1879 1960 recipere,
1896 1884 1931 1946 et
1951 1901 2009 1945 333

1209 1975 1334 2054 absque
1348 1977 1610 2041 contradictione
1622 1979 1734 2058 aliqua
1746 1981 1902 2042 retinere.
1920 1985 2008 2043 Pro-

1209 2071 1361 2134 hibemus
1378 2071 1516 2152 insuper
1526 2075 1655 2136 utnulli
1670 2075 1809 2138 fratrum
1820 2079 2008 2139 vestrorum

1209 2172 1283 2246 post
1304 2171 1425 2232 factam
1457 2171 1492 2232 in
1516 2173 1600 2235 locis
1624 2175 1744 2235 vestris
1766 2173 2007 2252 professionem

1209 2266 1259 2328 fas
1273 2268 1317 2330 sit
1329 2269 1455 2346 absque
1468 2271 1618 2348 magistri
1634 2272 1685 2332 sui
1698 2271 1834 2335 licentia
1846 2273 1927 2335 inde
1937 2274 2008 2334 dis-

1209 2364 1326 2428 cedere
1340 2367 1405 2428 nlsi
1416 2368 1570 2430 arctioris
1585 2369 1759 2445 religionis
1772 2370 1919 2433 obtentu.
1935 2373 2008 2432 Dis·

1208 2463 1378 2524 cedentem
1398 2479 1477 2528 3333
1493 2465 1617 2543 absque
1632 2469 1855 2529 communium
1871 2469 2005 2532 littera-

1208 2576 1281 2621 rum
1309 2564 1495 2624 vestrarum
1533 2565 1686 2626 cautione
1725 2565 1836 2627 nullus
1872 2567 2005 2644 penitus

1207 2658 1329 2721 audeat
1342 2661 1498 2723 retinere.
1517 2663 1552 2724 Si
1567 2663 1712 2739 quivero
1725 2663 1863 2726 fratrum
1879 2668 2007 2728 vestro-

1207 2773 1280 2817 rum
1307 2759 1380 2835 post
1402 2758 1523 2822 factam
1549 2761 1788 2838 professionem
1814 2763 2004 2826 turbatores

1207 2854 1379 2931 religionis
1391 2858 1522 2930 vestrae,
1532 2859 1585 2919 331
1598 2859 1733 2921 inutiles
1747 2859 1872 2922 fuerint
1886 2861 2006 2924 fortas·

1208 2952 1255 3012 sis
1269 2953 1408 3026 inventi,
1424 2954 1524 3017 liceat
1535 2954 1606 3028 tibi,
1624 2956 1671 3017 fili
1686 2958 1854 3034 magister,
1871 2960 1904 3021 et
1920 2975 2003 3020 suc-

1207 3050 1396 3112 cessoribus
1407 3053 1473 3114 tuis
1488 3069 1546 3115 333
1559 3069 1633 3116 333
1646 3071 1796 3127 assensu,
1813 3057 1847 3118 et
1860 3058 2003 3120 consilio

1206 3147 1350 3208 sanioris
1370 3150 1474 3226 partis
1495 3151 1638 3228 Capituli
1662 3167 1828 3226 amovere,
1854 3153 2004 3232 ipsisque

1206 3245 1284 3306 dare
1298 3246 1468 3309 licentiam
1480 3249 1521 3309 ad
1530 3249 1632 3310 alium
1645 3249 1808 3323 ordinem,
1818 3251 1875 3313 ubi
1885 3269 2003 3315 secun·

1205 3342 1282 3404 dum
1309 3346 1411 3405 Deum
1439 3347 1552 3408 vivere
1576 3347 1709 3409 valeant
1733 3350 1940 3422 transeundi,
1969 3355 2002 3413 et

1206 3437 1278 3500 1333
1306 3454 1420 3500 33333
1447 3433 1531 3502 31133
1567 3441 1785 3518 subrogandi,
1818 3445 1874 3521 qui
1900 3446 2000 3506 unius

1203 3535 1284 3596 anni
1310 3537 1417 3614 spatio
1440 3539 1475 3598 in
1489 3539 1601 3600 vestra
1625 3540 1783 3602 societate
1807 3541 1998 3619 probentur,

1204 3649 1268 3710 quo
1297 3637 1442 3711 peracto,
1459 3635 1488 3695 si
1507 3652 1616 3698 mores
1638 3653 1753 3699 eorum
1767 3641 1951 3716 exegerint,
1968 3645 2001 3703 et

1203 3731 1267 3808 ipsi
1289 3731 1388 3794 utiles
1414 3731 1538 3796 fuerint
1560 3735 1601 3796 ad
1623 3727 1795 3799 servitium
1822 3737 1998 3815 hospitalis

1203 3829 1344 3902 inventi,
1374 3831 1612 3908 professionem
1643 3833 1766 3896 faciant
1796 3836 1996 3910 regularem.

1201 3925 1249 3988 Ad
1271 3927 1344 3989 haec
1368 3929 1551 3992 districtius
1576 3931 1764 3993 inhibemus
1788 3948 1829 3994 ne
1849 3948 1869 3994 a
1888 3933 1933 4006 te,
1950 3935 1995 3994 1111

1202 4025 1370 4100 magister,
1387 4028 1440 4088 331
1459 4029 1706 4091 successoribus
1724 4030 1802 4103 tuis,
1828 4032 1861 4092 et
1883 4030 1998 4093 fratri·

1200 4121 1261 4183 bus
1277 4123 1452 4200 hospitalis
1464 4126 1611 4203 ejusdem
1623 4128 1736 4204 exigat
1745 4127 1814 4189 ulla
1827 4129 1998 4191 ecclesias·

1200 4220 1267 4282 tica
1283 4221 1488 4285 secularisve
1502 4240 1644 4301 persona
1670 4225 1855 4299 fidelitates,
1875 4226 1995 4288 homa-

1200 4319 1271 4394 gia,
1297 4323 1500 4397 juramenta,
1527 4323 1581 4384 vel
1607 4323 1803 4386 securitates
1835 4325 1993 4403 reliquas,

1201 4432 1274 4493 quae
1289 4433 1308 4478 a
1323 4418 1419 4481 laicis
1435 4418 1696 4496 frequentantur.

1240 4518 1412 4578 Postremo
1435 4517 1596 4591 decimas,
1611 4533 1694 4595 quas
1716 4519 1855 4582 consilio
1881 4521 1915 4582 et
1936 4537 1994 4581 33-

1200 4629 1301 4675 33333
1318 4614 1548 4693 episcoporum
1569 4631 1588 4677 a
1605 4616 1736 4678 clericis
1753 4617 1805 4679 vel
1820 4618 1916 4678 laicis
1931 4635 1994 4694 po·

1198 4711 1330 4772 13331113
1345 4711 1506 4783 obtinere,
1522 4714 1663 4790 illasque
1685 4731 1767 4792 quas
1782 4715 1995 4777 consentien-

1199 4808 1285 4870 tibus
1312 4808 1510 4872 dioecesanis
1532 4812 1714 4889 episcopis,
1740 4814 1773 4874 ct
1796 4813 1928 4875 clericis
1952 4813 1993 4874 ad

1199 4921 1281 4982 quos
1295 4907 1470 4982 pertinent,
1487 4909 1676 4987 acquiretis,
1693 4911 1994 4973 auotoritatsvobis

1197 5003 1387 5080 apostolica
1402 5006 1635 5068 confirmamus
1646 5008 1862 5085 etpraesentis
1878 5009 1992 5087 scripti

1198 5102 1383 5179 patrocinio
1398 5106 1651 5166 communimus.
1666 5105 1759 5167 Nulli
1769 5120 1849 5182 ergo
1859 5108 1994 5168 omnino

1198 5198 1368 5262 hominum
1394 5200 1494 5264 liceat
1517 5202 1708 5279 praedictum
1734 5201 1842 5265 locum
1868 5205 1994 5266 temere

1197 5298 1403 5374 perturbare,
1426 5299 1479 5361 vel
1508 5300 1737 5376 possessiones
1767 5299 1911 5374 auferre,
1941 5303 1995 5364 vel

1198 5394 1326 5458 ablatas
1351 5397 1507 5469 retinere,
1524 5398 1686 5471 minuere,
1707 5413 1766 5460 seu
1794 5397 1997 5476 quibuslibet

1196 5494 1429 5556 vexationibus
1455 5493 1612 5572 fatigare,
1640 5496 1697 5557 sed
1718 5495 1831 5556 omnia
1854 5511 1997 5560 conser-

1196 5592 1316 5654 ventur
1335 5607 1462 5665 eorum,
1476 5606 1537 5668 pro
1548 5609 1688 5672 quorum
1700 5593 1942 5670 gubematione
1955 5611 1998 5658 ac
