4234 6442
194 403 255 466 329
829 403 1059 466 EPISTOLAE.
1081 407 1161 468 Lis.
1185 409 1209 470 1.

1786 413 1846 474 330
1868 457 1874 470 .

197 562 474 641 statuinquirens
485 559 807 638 comperitintervos
817 563 992 640 quamdam
1048 566 1139 639 Quod
1164 568 1242 628 tunc
1266 567 1445 646 perfectius
1471 568 1612 642 iacietis,
1630 571 1659 631 si
1681 571 1848 632 terminis

195 661 408 723 dissentionis
429 659 602 720 materiam
616 659 793 737 pullulare,
811 677 909 738 quam
932 679 995 723 cu·
1047 680 1129 742 quos
1153 667 1336 742 posuerunt
1357 667 1467 744 patres
1484 669 1618 730 Ordinis
1638 669 1741 731 vestri
1766 686 1849 732 con-

195 760 282 821 ravit
293 758 384 820 tanto
402 757 583 819 studiosius
596 774 760 830 resecare,
776 761 899 837 quanto
916 777 992 821 am·
1046 762 1140 835 tenti,
1153 781 1172 824 a
1186 765 1281 825 novis
1294 766 1539 842 superstitionis
1553 767 1845 830 adinventionibus

194 857 281 934 plius
300 856 411 916 timeri
430 857 571 934 poterat,
597 872 638 918 ne
661 859 826 920 cresceret
839 856 876 919 in
891 859 992 920 totius
1048 861 1225 934 desistatis
1240 879 1312 940 quae
1325 865 1361 924 in
1373 864 1595 928 turbationem
1609 866 1844 943 simplicitatis,

195 953 328 1016 Ordinis
343 953 562 1031 irreparabile
577 955 821 1017 detrimentum.
838 959 924 1018 Nam
942 958 989 1030 tu,
1047 959 1080 1021 et
1105 961 1196 1038 pacis
1227 961 1420 1038 pullullant‚
1450 964 1482 1024 et
1508 965 1732 1025 succrescunt.
1754 965 1846 1026 Datis

194 1051 242 1112 tili
264 1051 493 1114 Cisterciensis
515 1051 630 1122 abbas,
652 1053 687 1114 in
709 1055 931 1128 ordinatione,
954 1073 993 1118 ao
1047 1057 1214 1127 Laterani,
1239 1059 1383 1121 secundo
1399 1060 1473 1120 idus
1493 1061 1617 1136 martii,
1634 1061 1846 1139 pontificatus

194 1148 402 1214 institutione
431 1150 585 1214 abbatum
608 1151 749 1228 quatuor
771 1154 994 1216 monasterio-
1047 1171 1135 1216 anno
1151 1157 1271 1233 primo.

194 1264 280 1316 rum,
305 1247 475 1321 videlicet,
496 1250 536 1310 de
564 1250 752 1322 Firmitate‚
776 1252 989 1326 Pontiniaco,

195 1346 292 1406 Glara
306 1346 413 1419 Valle,
430 1347 463 1409 et
480 1347 701 1420 Morimundo,
716 1349 802 1411 sicut
813 1349 847 1410 in
863 1351 993 1412 ordina-

195 1441 296 1516 tione,
315 1459 355 1506 ao
374 1444 586 1507 destitutione
606 1447 749 1508 aliorum
771 1449 993 1511 monasterio·
1119 1483 1171 1540 Ad
1184 1483 1478 1558 archiepiscopum
1492 1485 1764 1546 Narbonensem·

194 1540 432 1613 rum,llliorum
441 1542 490 1604 tui
498 1543 693 1606 monasterii
700 1545 993 1621 procedereinten-

195 1639 308 1702 debas.
318 1643 385 1703 Vos
398 1641 508 1704 autem
518 1643 597 1716 tres,
610 1660 628 1704 e
641 1643 808 1705 contrario
818 1645 989 1719 dicebatis,
1331 1613 1364 1670 ¹5
1378 1620 1460 1671 ΜΝ·
1477 1615 1557 1672 1²1⁷·

194 1738 281 1816 quod
313 1739 355 1802 ad
389 1740 643 1813 ordinationem,
679 1742 711 1804 et
743 1741 991 1806 destitutionem
1077 1721 1187 1786 [mim
1203 1720 1248 1772 ¹³¹³·
1264 1722 1283 1779 ¹2
1297 1721 1372 1786 epist.
1385 1720 1440 1770 ³²¹·
1454 1721 1511 1770 Μεθ’
1524 1723 1560 1772 tr
1570 1723 1646 1772 Porta
1663 1722 1697 1774 ¹¹¹¹
1711 1723 1805 1786 rhein]

194 1836 371 1914 cujuslibet
399 1837 528 1900 abbatis
557 1839 792 1916 praedictorum
818 1844 990 1904 monaste·
1045 1848 1123 1905 Fecit
1139 1845 1164 1902 ei
1184 1844 1366 1920 potestatem,
1382 1855 1412 1904 ut
1428 1862 1485 1904 non
1503 1847 1634 1904 obstante
1654 1849 1844 1908 Avtutoncns,

193 1934 319 1996 riorum
334 1937 403 1998 tres
415 1936 534 1997 essetis
547 1937 668 2014 reliqui
683 1938 879 2009 advocandi,
897 1942 990 2003 anti·
1080 1936 1191 1993 concilii
1209 1936 1421 2004 constitutione,
1436 1951 1496 1992 sure
1505 1934 1711 2006 jurisdictionis
1731 1937 1843 2012 subjec-

193 2048 292 2110 quam
307 2048 408 2110 super
422 2032 485 2095 hoc
506 2035 779 2096 cousuetudinem
794 2038 988 2112 allegantes,
1080 2033 1124 2081 tos
1149 2025 1262 2081 etiamsi
1284 2038 1334 2096 per
1355 2038 1406 2080 sex
1421 2038 1536 2080 mensos
1558 2025 1586 2081 ln
1613 2027 1847 2082 excommunica-

195 2133 363 2209 Superque
396 2131 669 2208 compositionem
702 2134 888 2211 quamdam,
919 2152 992 2197 me,
1079 2115 1157 2214 tione
1181 2112 1363 2186 pertinaciter
1395 2113 1571 2184 perstiterint
1596 2115 1657 2186 ipsa
1693 2113 1844 2172 absolvere

193 2227 305 2291 diante
338 2229 523 2292 venerabili
558 2230 660 2294 fratre
701 2232 816 2294 nostro
851 2233 989 2295 Nicolao
1079 2209 1180 2275 1³⁰⁵³¹‘·

192 2327 433 2389 'tusculanensi
448 2329 613 2406 episcope,
628 2332 707 2390 tunc
721 2329 919 2407 Apostolicae
935 2333 991 2393 Se·
1083 2329 1261 2400 Honorius,
1283 2329 1358 2401 eto,
1379 2329 1563 2390 venerabili
1589 2328 1685 2392 fratri
1709 2329 1844 2392 archie-

1353 1309 1558 1398 GCLXVH

191 2423 243 2485 dis
257 2424 367 2501 legato
382 2425 510 2498 initam,
528 2427 720 2489 ostendistis
733 2444 807 2504 quae
822 2429 899 2490 talis
915 2429 986 2490 luit.

192 2524 329 2596 Quando
352 2523 465 2600 aliqua
485 2525 525 2585 de
547 2527 689 2603 quatuor
711 2527 827 2603 primis
847 2526 989 2588 abbatiis

191 2622 371 2694 vacaverit,
384 2621 485 2683 abbas
497 2624 725 2685 cisterciensis
739 2623 780 2684 ad
794 2625 989 2686 electionem

191 2720 426 2783 celebrandam
452 2721 624 2793 adveniat,
654 2721 842 2800 ibidemque
869 2740 990 2785 secun-

192 2818 426 2880 dumcbartam
437 2819 610 2881 charitatis
620 2820 737 2882 electio
748 2821 943 2885 celebretur.
952 2824 988 2885 Si

191 2916 292 2978 abbas
303 2918 414 2978 autem
429 2917 672 2991 cisterciensis,
690 2919 833 2997 aliquem
850 2920 889 2982 de
905 2938 989 2999 qua-

192 3015 268 3077 tuor
290 3014 406 3093 primis
430 3016 604 3092 deponere,
631 3017 841 3093 exigentibus
867 3019 986 3098 culpis,

190 3109 386 3182 intenderit,
410 3110 451 3172 ad
476 3110 608 3172 domum
630 3111 721 3172 illius
743 3112 842 3175 ducet
862 3130 986 3187 secum,

190 3223 272 3285 quos
287 3208 377 3270 volet
396 3207 542 3281 abbates,
562 3210 595 3270 et
609 3209 725 3270 domus
739 3211 800 3272 illa
816 3210 857 3272 ab
872 3213 988 3274 eodem

189 3295 402 3374 Cisterciensi
432 3306 565 3379 abbata,
594 3308 842 3385 quatuordecim
871 3309 987 3371 diebus

190 3404 268 3466 ante
282 3405 489 3481 praemonita,
505 3404 638 3466 vocabit
656 3405 696 3466 de
715 3406 793 3466 tiliis
809 3407 889 3478 suis,
905 3423 987 3485 qnos

190 3502 222 3563 ei
237 3501 409 3580 placuerit,
426 3503 459 3564 et
472 3503 551 3564 tunc
571 3503 802 3564 cisterciensis
817 3521 891 3565 cum
907 3522 988 3567 con-

190 3599 276 3661 siliis
311 3600 391 3662 binc
420 3601 499 3661 inde
527 3599 817 3676 congregatorum,
850 3619 987 3665 causam

190 3696 355 3771 tractabit,
367 3698 401 3760 et
412 3697 530 3760 deinde
543 3698 643 3760 saciet
655 3698 741 3776 quod
752 3698 851 3761 luerit
865 3699 988 3762 facien·

188 3793 277 3855 dum.

228 3893 356 3954 Dicitur
371 3893 481 3966 autem
493 3893 719 3969 praedecessor
730 3893 844 3956 noster
858 3910 987 3972 compo·

188 3988 987 4066 sitionemhuJusmodisicdunissevobisconsen-

187 4088 357 4159 tientibus,
369 4086 615 4159 declarandum,
628 4088 805 4162 scilicet,ut
813 4091 859 4163 tu,
867 4093 986 4154 Cister-

188 4185 310 4248 cieusls
332 4184 446 4256 abbas,
467 4201 584 4245 causas
602 4185 777 4262 praedictas
796 4205 871 4250 oum
887 4190 985 4253 abba·

186 4283 275 4346 tibus
288 4282 499 4360 congregatis
510 4283 589 4343 hinc
599 4282 677 4344 inde
686 4283 856 4360 tractabis
867 4287 900 4349 et
909 4305 984 4350 cum

188 4397 304 4444 eorum
321 4381 480 4449 omnium,
494 4381 547 4442 vel
560 4381 705 4442 sanioris
718 4383 822 4459 partis
836 4385 984 4462 ipsorum

188 4480 328 4541 consilio
343 4479 456 4552 iacies,
475 4479 560 4556 quod
574 4478 676 4542 luerit
689 4479 893 4557 faciendum3
910 4500 984 4562 quae

187 4578 298 4639 tamar
322 4593 400 4653 pars
426 4577 470 4638 sit
493 4577 624 4641 seniori
644 4579 693 4638 Tu
715 4578 885 4641 decernes.
902 4582 982 4656 Etsi,

189 4671 290 4750 (quod
300 4673 400 4752 absit)
411 4676 521 4734 minus
532 4691 622 4736 sanae
633 4676 738 4752 partis
749 4677 888 4740 consilio
904 4695 984 4741 usus

188 4771 403 4846 processeris,
424 4770 588 4834 reseratur
612 4773 652 4834 ad
677 4775 858 4852 capitulum
882 4791 985 4854 gone·

188 4866 271 4938 rale,
286 4867 319 4928 et
332 4867 366 4925 id
381 4866 614 4931 diffinitoribus
629 4873 777 4948 capituli,
794 4877 891 4951 prout
906 4874 983 4953 dig-

188 4980 270 5026 num
285 4963 395 5035 suerit,
413 4965 609 5040 corrigatur.

227 5062 384 5125 Volentes
416 5061 519 5137 igitur
554 5063 595 5122 ad
631 5067 802 5143 exemplar
836 5069 984 5146 ejusdem

187 5158 444 5240 praedecessoris
472 5157 590 5231 nostri,
615 5162 807 5235 praedictam
833 5147 985 5228 declara-

187 5259 310 5322 tionem
335 5255 525 5318 firmitatem
548 5255 694 5318 debitam
720 5259 880 5336 obtinera,
903 5265 984 5326 uni-

187 5356 378 5420 versitatem
393 5354 538 5418 vestram
558 5370 741 5427 monemus,
759 5357 791 5420 et
812 5357 985 5424 hortamur

188 5455 345 5518 attentius
369 5469 429 5532 per
451 5453 641 5530 Apostolica
660 5453 755 5516 vobis
779 5457 902 5534 scripta
926 5460 986 5521 tir-¹

188 5553 287 5613 miter
303 5551 545 5629 praecipientes,
567 5551 730 5630 quatenus
754 5568 826 5615 eam
851 5555 984 5635 simpli-

189 5649 282 5720 citer,
297 5649 329 5711 et
344 5649 513 5711 humiliter
533 5649 715 5714 observetis
732 5673 740 5712 ε
758 5653 935 5716 studentes
949 5655 986 5717 in

188 5745 322 5809 vinculo
352 5746 444 5823 pacis
476 5763 610 5810 servare
643 5749 779 5826 spiritus
810 5751 982 5816 unitatem.

1044 2426 1179 2503 piscopo
1195 2427 1385 2488 Narbonen.

1083 2525 1164 2584 Cum
1188 2524 1354 2586 interdum
1376 2524 1595 2586 consideratis
1615 2525 1840 2586 circumstan-

1042 2621 1099 2684 tiis
1113 2622 1309 2698 temporum,
1333 2621 1367 2684 et
1385 2620 1544 2693 locorum,
1565 2622 1658 2698 rigor
1681 2622 1725 2684 sit
1744 2639 1842 2684 man-

1043 2719 1218 2780 suetudine
1242 2718 1499 2796 temperandus,
1521 2721 1555 2780 et
1572 2715 1630 2781 tua
1653 2720 1837 2796 provincia,

1043 2833 1115 2894 quae
1131 2817 1171 2878 de
1186 2817 1266 2878 limo
1286 2816 1452 2878 haereticae
1472 2817 1648 2894 pravitatis
1663 2819 1758 2880 cruta
1777 2819 1837 2892 est,

1042 2916 1082 2975 de
1098 2931 1184 2976 novo
1199 2914 1265 2976 olei
1283 2914 1427 2976 lomento
1442 2915 1552 2992 potius
1568 2915 1621 2987 sit,
1639 2914 1737 2993 qualn
1757 2917 1840 2978 sarri

1042 3013 1187 3074 sectione
1210 3013 1367 3084 curanda,
1391 3013 1604 3090 praesentium
1626 3013 1688 3075 tibi
1711 2998 1840 3077 ¹aucto-

1041 3111 1140 3173 ritate
1155 3111 1379 3181 concedimus,
1396 3111 1432 3172 ut
1447 3127 1513 3172 non
1529 3111 1679 3173 obstante
1693 3112 1840 3174 Arenio-

1041 3225 1117 3270 nen.
1142 3208 1377 3273 constitutione
1400 3209 1533 3270 concilii
1555 3225 1575 3270 a
1594 3209 1690 3271 bonae
1713 3226 1840 3272 memo-

1041 3309 1100 3368 riae
1124 3307 1284 3382 magistro
1310 3306 1435 3367 Milone
1455 3307 1584 3368 notario
1608 3308 1738 3382 nostre,
1760 3309 1839 3371 tunc

1041 3404 1241 3480 Apostolicae
1262 3402 1356 3463 Sedis
1380 3402 1500 3478 legato,
1524 3402 1624 3475 edita,
1650 3405 1716 3465 tuae
1731 3405 1840 3480 juris-

1042 3499 1195 3561 dictionis
1222 3499 1386 3576 subjactos
1406 3501 1463 3575 qui
1487 3499 1703 3575 perstiterunt
1723 3501 1758 3560 in
1783 3517 1839 3563 ex-

1041 3596 1340 3659 communicatione
1351 3597 1591 3657 oontumaoiter
1600 3612 1660 3672 per
1674 3611 1734 3658 sex
1749 3613 1839 3659 men-

1040 3708 1104 3764 ses,
1117 3691 1291 3753 absolvere
1301 3690 1414 3752 valeas
1419 3691 1516 3768 juxta
1527 3690 1667 3754 formam
1679 3693 1837 3754 Ecclesiae

1040 3791 1243 3862 consuetam,
1260 3805 1302 3850 na
1317 3789 1402 3850 forte
1414 3790 1579 3865 arrigere
1590 3789 1837 3852 constitutionis

1040 3887 1131 3949 illius
1144 3889 1179 3948 in
1193 3886 1393 3966 protundum
1407 3887 1544 3949 veniant
1566 3888 1598 3950 et
1612 3889 1836 3959 contemnant,

1039 3986 1105 4048 nisi
1117 3985 1158 4048 ob
1173 4002 1310 4048 causam
1332 3987 1398 4048 tam
1411 4001 1546 4062 gravem
1563 3985 1687 4048 luerint
1702 4002 1839 4047 excom-

1039 4085 1263 4146 mimicatione
1295 4084 1419 4157 notati,
1454 4085 1589 4161 propter
1619 4099 1717 4160 quam
1750 4083 1836 4146 mitti

1039 4182 1180 4245 debeant
1192 4183 1233 4244 ad
1252 4182 1370 4244 Sedem
1390 4181 1614 4259 Apostolicam
1628 4181 1833 4242 absolvendi.

1038 4283 1157 4342 Datum
1174 4279 1343 4350 Laterani,
1361 4279 1470 4340 idibus
1486 4277 1608 4350 martii,
1624 4277 1834 4355 pontificatus

1039 4377 1144 4440 nostri
1156 4392 1245 4438 anno
1258 4376 1375 4454 primo.

1349 4526 1574 4617 cdlxviii

1217 4691 1269 4751 Ad
1290 4692 1474 4752 Etnansent
1495 4692 1649 4752 electam.

1319 4838 1353 4896 15
1372 4845 1453 4896 mart.
1472 4839 1550 4896 1217.

1078 4943 1187 5008 [Regest.
1198 4944 1242 4994 llb.
1256 4944 1276 5002 l,
1289 4943 1363 5009 epist.
1373 4943 1428 4992 ³20.
1442 4945 1499 4994 llss.
1513 4945 1550 4995 La
1562 4943 1638 4994 Porta
1651 4943 1685 4994 du
1698 4942 1793 5005 Thali]

1038 5071 1074 5128 Ut
1093 5082 1151 5126 non
1173 5066 1305 5126 obstante
1324 5069 1414 5126 veteri
1429 5067 1562 5125 Elnensis
1580 5075 1662 5124 terrra
1683 5074 1835 5123 consuetu·

1073 5157 1182 5220 tudine.
1204 5155 1295 5230 (juxta
1315 5171 1402 5228 quam
1416 5156 1445 5212 in
1465 5157 1562 5213 causis
1577 5155 1829 5228 secularibusjure

1074 5255 1170 5304 menta
1190 5246 1341 5304 calumniae
1366 5259 1424 5302 non
1443 5244 1678 5318 prestabantur),
1695 5245 1725 5300 in
1747 5258 1837 5316 quoes

1074 5335 1198 5394 tionibus
1217 5349 1281 5407 quae
1299 5334 1329 5392 in
1349 5332 1411 5392 loro
1429 5334 1627 5392 ecclesiastico
1646 5333 1834 5406 agitarentur,

1074 5422 1237 5498 hujusmodi
1245 5425 1441 5496 juramentum
1456 5424 1516 5496 lpse
1527 5421 1613 5481 iaciat
1622 5437 1737 5496 semper
1752 5437 1835 5496 praes·

1075 5514 1139 5572 tari.

1079 5649 1258 5718 Honorius,
1274 5649 1351 5720 etc..
1368 5647 1488 5710 dilecto
1504 5647 1574 5710 lilio
1587 5649 1702 5748 Elaen.
1717 5649 1833 5712 electo.

1080 5749 1129 5808 Ex
1149 5747 1375 5809 insinuatione
1396 5747 1590 5808 dilectorum
1619 5747 1763 5808 liliorum
1787 5749 1836 5809 El·
