4214 6400
22 287 28 293 ’
52 317 94 380 m
692 317 923 379 66666666.
947 316 1026 376 ma.
1048 314 1073 374 1.
1641 263 1706 371 ¹sl

56 479 187 556 1616666
215 475 462 539 successoribus
499 475 532 538 et
563 473 692 538 illibata
720 492 855 552 perma-

56 577 173 637 neant.
211 577 248 636 16
279 573 398 651 quibus
427 572 499 634 haec
527 574 672 650 propriis
698 573 855 636 duximus

54 672 276 750 exprimenda
290 670 474 733 vocabulis.

95 773 224 831 Locum
237 769 357 845 ipsum,
373 769 409 828 in
424 783 488 844 666
502 767 697 844 praedictum
713 785 850 830 monas·

52 867 182 928 terium
204 867 303 928 situm
322 865 461 926 estcum
484 865 636 926 omnibus
658 865 854 943 adjacentiis

52 965 87 1025 61
103 963 316 1040 pertinentiis
340 962 421 1034 6616,
438 978 512 1023 cum
527 962 688 1031 ecclesiis,
711 963 744 1024 et
763 963 851 1037 aliia,

52 1077 131 1137 6666
156 1061 198 1122 61
220 1059 306 1120 idem
329 1059 567 1122 monasterium
587 1059 753 1138 pertinere
774 1075 855 1122 nos-

51 1157 190 1218 cuntur.

94 1254 338 1316 Monasterium
352 1255 386 1316 S.
403 1253 519 1316 Salvii.

93 1351 336 1412 Monasterium
360 1353 394 1412 S.
423 1351 594 1414 Trinitatis
615 1351 656 1414 de
670 1352 850 1414 Florentia.

93 1449 337 1510 Monasterium
353 1449 518 1511 Strumen.

93 1545 338 1606 Monasterium
358 1545 398 1606 de
418 1545 539 1618 Osella,
563 1546 597 1608 et
621 1548 653 1608 S.
681 1546 797 1609 Jacobi
812 1545 853 1608 de

47 1643 211 1704 Castello.
712 1635 717 1642 '

92 1739 335 1801 Monasterium
359 1739 399 1800 16
423 1739 640 1814 Ρ666161666,
670 1740 703 1802 61
727 1743 760 1803 8.
782 1742 851 1802 Mi-

47 1837 181 1898 chaelis
198 1837 238 1897 16
254 1835 361 1909 86616,
377 1839 411 1898 61
422 1837 462 1898 16
475 1836 650 1913 11611666.

90 1934 333 1995 Monasterium
354 1933 395 1994 de
417 1934 613 2008 cultubono,
631 1935 664 1996 61
685 1935 725 1996 16
740 1936 852 1998 Monte

49 2031 156 2091 Pisis.

91 2127 335 2190 Monasterium
367 2127 408 2188 de
451 2118 723 2202 Montescalario,
750 2129 851 2191 etde

48 2225 203 2286 Ν66666.
353 2293 355 2297 ,

90 2321 335 2383 Monasterium
349 2322 390 2383 16
403 2322 537 2385 Ficiclo.

89 2417 333 2477 Monasterium
348 2417 389 2478 de
402 2420 581 2495 cappiano.

88 2514 333 2575 Monasterium
351 2517 382 2574 S.
405 2515 497 2575 Pauli
511 2515 636 2577 Pisani.

88 2612 132 2670 ln
148 2611 315 2678 Sardinia,
331 2613 363 2672 S.
380 2611 556 2674 Michaelis
573 2612 613 2672 de
629 2611 778 2674 Plaiano.

88 2708 334 2768 Monasterium
351 2711 383 2768 S.
401 2708 575 2770 Michaelis
597 2708 637 2770 de
664 2710 847 2772 Salveniro.

88 2806 131 2864 ln
152 2803 356 2877 arboreas.
374 2805 548 2867 Michaelis
562 2807 603 2867 16
618 2808 728 2868 Monte
743 2809 850 2869 Ercu-

49 2901 158 2962 lento.

88 2998 333 3060 Monasterium
349 3001 382 3060 S.
398 2999 517 3076 Angeli
529 3000 570 3062 de
591 3000 747 3063 Pistorio.

91 3095 334 3156 Monasterium
350 3095 390 3155 de
405 3097 581 3158 Pacciano.

89 3191 332 3253 Monasterium
347 3193 379 3253 8.
391 3193 507 3254 Marias
520 3193 560 3254 de
575 3194 686 3256 Prato.

90 3289 332 3351 Monasterium
353 3289 394 3350 (16
408 3291 548 3365 vajano

90 3385 332 3447 Monasterium
368 3385 408 3446 de
439 3387 565 3464 Oplet0,
606 3387 639 3449 61
672 3387 713 3450 16
737 3389 849 3452 Monte

50 3483 169 3543 Plano,
580 3489 584 3495 '

91 3579 332 3640 Monasterium
342 3579 383 3640 16
394 3581 498 3643 Fonte
512 3581 669 3644 Theonis.

90 3675 332 3736 Monasterium
347 3675 388 3736 de
403 3678 561 3738 Musceto.

89 3773 331 3832 Monasterium
342 3773 382 3833 de
398 3774 509 3834 Monte
520 3774 667 3835 Armato.

90 3869 332 3930 Monasterium
347 3872 381 3930 S.
400 3870 543 3931 Ceciliae.

89 3965 332 4028 Monasterium
346 3967 378 4028 8.
394 3969 581 4044 1166666166.

89 4063 382 4125 Monasteriumde
395 4066 568 4128 Trecento

89 4160 332 4222 Monasterium
351 4160 391 4222 de
404 4161 567 4238 Crispino.

88 4256 331 4319 Monasterium
344 4257 384 4318 de
399 4258 574 4320 Razzuolo.

89 4354 336 4415 Monasterium
350 4357 383 4415 S.
400 4355 574 4431 Sepulchri
589 4355 629 4417 de
642 4355 757 4434 Papia.

87 4450 332 4512 Monasterium
347 4451 387 4512 de
407 4451 489 4514 Rivo
506 4453 647 4514 cesaris.

88 4547 333 4608 Monasterium
354 4547 394 4608 16
407 4549 528 4610 Cuneo.

88 4644 334 4706 Monasterium
346 4644 387 4705 de
399 4646 507 4706 Turri.

87 4740 333 4802 Monasterium
348 4741 388 4802 de
401 4742 555 4819 caprilia.

87 4838 332 4899 Monasterium
353 4840 386 4899 S.
411 4839 581 4901 Benedicti
600 4839 640 4901 de
664 4841 845 4904 Placentia.

88 4936 333 4998 Monasterium
349 4935 390 4996 de
405 4935 516 4996 Herba
527 4938 646 4999 amata.

88 5032 333 5094 Monasterium
348 5033 388 5093 de
401 5033 568 5094 (1666666.

89 5129 333 5190 Monasterium
359 5131 391 5190 S.
415 5129 625 5190 Mercurialis
647 5131 846 5194 Forolirien.

91 5225 335 5287 Monasterium
351 5225 391 5286 de
406 5227 564 5286 Novaria.

90 5322 335 5383 Monasterium
348 5323 389 5383 16
401 5322 575 5384 Vercellis.

89 5419 332 5480 Monasterium
348 5419 387 5481 de
402 5423 522 5482 16666.

90 5517 333 5578 Monasterium
350 5519 382 5576 8.
399 5518 496 5579 Ρ6611
511 5517 551 5578 16
565 5518 727 5578 Terdona.

91 5613 334 5677 Monasterium
350 5615 383 5674 S.
398 5613 514 5678 iacobi
526 5615 754 5678 Taurinensis

949 473 1187 538 Monasterium
1202 471 1351 535 Brixlen.

949 571 1186 635 Monasterium
1225 573 1257 632 8.
1287 564 1460 631 Trinitatis
1490 565 1703 629 Veronensis.

949 670 1187 733 Monasterium
1201 671 1234 728 S.
1248 666 1374 743 Vigilii.

948 766 1188 830 Monasterium
1204 767 1399 842 Bergomen.

948 864 1187 926 Monasterium
1203 862 1424 924 Mediolanen.

947 961 1185 1023 Monasterium
1201 963 1234 1022 S.
1250 958 1465 1038 Carpophori.

947 1059 1187 1120 Monasterium
1202 1058 1315 1120 Asten.

948 1156 1185 1218 Monasterium
1202 1157 1234 1216 S.
1248 1153 1346 1230 Angli
1357 1150 1547 1230 1661666111.

947 1253 1186 1316 Monasterium
1202 1253 1235 1312 S.
1255 1250 1469 1328 Sigismundi.

946 1350 1185 1412 Monasterium
1202 1351 1234 1410 S.
1250 1347 1365 1409 Mariae
1380 1347 1421 1408 16
1436 1347 1607 1407 Flumana.

947 1446 1185 1510 Monasterium
1203 1447 1236 1507 S.
1252 1445 1368 1506 Mariae
1383 1443 1423 1504 de
1439 1446 1575 1520 866666.

946 1543 1184 1606 Monasterium
1201 1545 1234 1603 8.
1250 1541 1366 1603 Mariae
1377 1541 1418 1601 de
1431 1542 1551 1601 Doroa.

946 1641 1185 1703 Monasterium
1200 1641 1233 1700 S.
1249 1639 1340 1699 Petri
1355 1637 1395 1698 de
1410 1633 1621 1711 Prolongeia.

948 1738 1187 1800 Monasterium
1211 1737 1251 1797 16
1275 1735 1476 1806 Latronore,
1502 1736 1535 1794 61
1557 1733 1593 1793 16
1613 1729 1700 1794 Urbe

909 1836 1148 1897 monasterium
1164 1835 1197 1895 S.
1213 1831 1385 1894 Praxedis.
1405 1831 1555 1892 Castrum
1571 1829 1610 1890 de
1625 1831 1700 1890 Ma·

906 1934 1005 2010 gnale
1021 1949 1095 1994 cum
1115 1933 1219 2003 66616,
1235 1929 1386 1991 666166116
1401 1929 1434 1990 61
1452 1913 1604 1989 omnibus
1623 1941 1701 2002 per-

906 2031 1057 2093 tiuentiis
1070 2030 1151 2090 6616.

945 2127 1184 2190 Monasterium
1197 2125 1237 2187 de
1250 2124 1380 2204 Ripule,
1396 2139 1470 2186 cum
1490 2119 1699 2200 pertinentiis

906 2242 986 2287 6666.

945 2322 1128 2385 Libertates
1141 2322 1174 2384 et
1186 2321 1411 2383 immunitates
1433 2334 1453 2380 6
1473 2317 1700 2396 6661666666-

905 2420 997 2481 61166
1013 2420 1136 2482 6661616
1158 2419 1245 2481 16116.
1261 2417 1390 2480 record.
1406 2417 1550 2487 Victore,
1573 2417 1699 2488 Grego-

905 2518 958 2580 rio
979 2521 1050 2586 Vll,
1074 2516 1208 2578 Urbano
1230 2518 1271 2588 ll,
1297 2514 1470 2584 Paschale,
1491 2510 1696 2582 Innocentio,

905 2614 1064 2690 Eugenio,
1097 2613 1303 2683 Alexandro,
1334 2611 1448 2681 Lucio,
1472 2609 1605 2670 Urbano
1639 2609 1696 2678 111,

904 2711 1091 2783 Caelestino,
1101 2713 1199 2788 atque
1209 2709 1412 2780 Innocentio,
1423 2704 1699 2769 RomanisPonti·

904 2808 1122 2870 ficibusvobis
1138 2807 1292 2878 indultas,
1304 2806 1453 2882 6166666
1468 2803 1509 2864 61
1522 2801 1594 2864 haec
1610 2802 1696 2862 tem-

904 2923 985 2984 pora
1012 2905 1150 2983 pacifice
1167 2903 1390 2974 confirmatas,
1411 2903 1502 2962 ratas
1523 2899 1694 2972 habemus,

903 3005 936 3066 et
969 3019 1027 3064 eas
1059 3001 1257 3064 auctoritate
1286 2997 1480 3077 Apostolica
1515 2996 1696 3058 confirma-

903 3117 988 3161 mus.
1476 3151 1481 3160 .

945 3200 1032 3259 Sane
1050 3195 1201 3258 laborum
1223 3197 1421 3267 vestrorum,
1447 3209 1529 3271 6666
1553 3190 1696 3270 propriis

903 3293 1067 3366 manibus,
1090 3293 1146 3355 aut
1172 3293 1355 3370 sumptibus
1372 3292 1492 3363 colitis,
1512 3290 1552 3351 16
1569 3305 1698 3366 posses-

903 3391 1052 3452 sionibus
1074 3390 1197 3452 habitis
1221 3391 1299 3450 ante
1319 3389 1502 3450 Concilium
1527 3385 1695 3461 generale,

903 3489 973 3549 6166
988 3488 1028 3548 16
1040 3487 1157 3558 hortis,
1174 3488 1207 3548 61
1221 3486 1387 3561 virgultis,
1405 3486 1439 3546 et
1457 3482 1696 3561 piscationibus

902 3583 1033 3656 restria,
1049 3583 1158 3644 66116
1177 3581 1389 3642 nutrimentis
1410 3579 1605 3640 animalium
1620 3593 1698 3638 666-

902 3684 1041 3752 1666666,
1072 3679 1251 3741 autetiam
1272 3676 1312 3738 16
1333 3675 1519 3748 novalibus,
1543 3675 1654 3736 nullus
1676 3691 1697 3736 6

902 3777 996 3839 66116
1009 3777 1153 3838 decimas
1170 3775 1316 3851 exigere,
1332 3775 1385 3835 661
1398 3773 1594 3850 extorquere
1610 3787 1698 3850 prae-

903 3875 1021 3935 sumat.
1044 3874 1158 3935 Liceat
1177 3872 1282 3944 vobis,
1300 3872 1476 3941 celericos,
1492 3871 1544 3934 661
1573 3870 1695 3942 161666,

902 3972 1025 4033 liberos
1047 3971 1080 4032 et
1095 3969 1438 4042 absolutosesaeculo
1460 3967 1635 4044 fugientes,
1654 3967 1696 4028 ad

903 4069 1153 4130 conversionem
1167 4068 1327 4144 recipere,
1349 4067 1382 4129 et
1400 4082 1457 4128 eos
1472 4066 1597 4142 absque
1616 4080 1698 4126 con·

903 4165 1099 4228 tradictione
1114 4166 1227 4242 aliqua
1241 4165 1396 4226 retinere.

901 4281 903 4286 ¹
942 4261 1035 4322 Nulli
1059 4276 1189 4338 666666
1210 4261 1310 4322 116661
1327 4259 1460 4336 aliquod
1479 4258 1598 4320 restrae
1616 4255 1698 4317 rell-

902 4359 1011 4433 gionis
1025 4357 1262 4420 monasterium
1278 4356 1440 4418 61661661
1453 4353 1633 4416 stabilitate
1647 4367 1698 4414 re-

901 4454 1037 4526 vellere,
1052 4469 1250 4526 admovere,
1265 4453 1337 4514 6166
1359 4451 1487 4514 abbatis
1504 4451 1538 4513 et
1556 4466 1698 4527 congre-

903 4551 1047 4628 gationis
1069 4551 1235 4613 communi
1259 4567 1434 4612 consensu.
1452 4550 1625 4612 sancimus
1639 4549 1697 4610 in-

903 4665 1013 4726 super,
1035 4651 1072 4710 61
1087 4649 1172 4710 66111
1187 4649 1416 4725 episcoporum
1434 4647 1484 4708 166
1506 4646 1601 4708 sitin
1623 4661 1695 4719 666,

903 4746 1267 4818 excommunicationis,
1283 4745 1337 4806 vel
1357 4744 1537 4816 interdicti,
1563 4743 1700 4804 senten·

903 4843 982 4904 tiam
999 4844 1221 4920 promulgare,
1245 4842 1281 4903 ut
1302 4841 1413 4920 quiin
1435 4841 1597 4918 speciales
1617 4839 1697 4902 estis

904 4939 991 5000 111166
1005 4941 1203 5016 apostolica
1218 4939 1313 5000 Sedis
1327 4938 1500 5013 assumpti,
1513 4936 1639 4997 nullius
1652 4935 1699 4996 al·

903 5037 1011 5099 terius
1022 5036 1184 5115 judicium
1196 5038 1320 5097 temere
1333 5034 1492 5096 subeatis.

943 5135 1143 5205 statuentes,
1159 5135 1195 5194 ut
1210 5133 1357 5194 omnium
1378 5130 1611 5208 praedictorum
1627 5144 1699 5191 mo-

902 5231 1125 5293 nasteriorum
1148 5230 1256 5305 caput,
1276 5228 1412 5306 666116
1427 5228 1522 5289 Valle
1535 5227 1697 5288 Umbrosa

903 5328 1002 5389 situm
1017 5330 1067 5390 est
1081 5327 1320 5388 monasterium
1335 5325 1507 5386 habeatur.

944 5427 1031 5487 8666
1054 5442 1127 5486 cum
1146 5425 1308 5485 terminus
1328 5423 1406 5484 61166
1426 5422 1551 5499 pastori
1572 5423 1696 5495 vestre,

903 5523 1015 5584 116166
1030 5523 1258 5599 dispositione,
1273 5519 1459 5596 contigerit,
1475 5519 1530 5596 661
1540 5521 1612 5598 ejus
1624 5520 1697 5582 loco

904 5619 1150 5683 substituendus
1184 5619 1302 5693 166611,
1325 5618 1403 5696 6616
1424 5617 1532 5690 vobis,
1563 5621 1596 5681 et
1620 5619 1697 5681 aliis
