4200 6404
117 217 181 282 rel
562 217 678 283 xulv.
692 251 734 268 -
748 211 793 284 IN
814 219 1096 288 scelestioris
1116 219 1342 290 sennheim.
1716 233 1778 296 282

116 379 272 454 operatu,
295 379 329 441 el
351 378 463 443 cadell
482 383 625 457 scapula
650 380 684 444 cl
704 395 805 456 οοοο.
828 384 920 459 ape·
975 384 1068 448 navit
1089 384 1191 448 coelos
1206 387 1239 449 et
1254 385 1433 450 descendit.
1454 385 1631 452 Descendit
1650 390 1687 452 iu
1701 405 1777 455 ma·

118 477 190 540 ruit
203 476 320 554 utique
337 478 373 539 ut
386 477 580 539 thesaurum
596 478 783 542 affunderet
797 479 923 557 pretio-
975 481 1075 555 trem,
1106 484 1162 546 sed
1191 485 1352 548 remansit
1383 479 1457 548 cum
1485 487 1601 565 Patre;
1631 490 1778 568 suscepit

117 591 208 647 sum,
224 573 303 651 quia
316 574 351 636 in
367 573 564 652 hujusarcle
579 576 685 638 latere
694 577 922 639 totiusmundi
977 579 1232 656 humanitatem,
1255 583 1313 644 sed
1334 583 1473 646 retinuit
1493 586 1667 648 Deitatem.
1691 589 1777 648 Nam

117 673 266 750 pretium
290 672 365 733 erat
381 671 558 736 inclusum.
586 674 699 736 Prima
719 675 838 737 allusio
860 674 923 736 tuit
973 678 1070 756 juxta
1090 681 1253 741 loannem
1276 703 1283 740 ι
1306 684 1451 743 Verbum
1470 685 1702 760 rarefactum
1725 685 1778 748 est

118 769 371 846 completionis,
401 770 546 832 secunda
574 769 794 848 fatigationis,
823 772 922 835 tertia
977 776 1191 840 ethabuerit
1206 781 1243 839 in
1257 779 1353 840 nobis
1375 777 1484 857 (ioan.
1502 796 1525 853 ι,
1541 781 1605 860 14).
1631 782 1776 844 Verbum

117 867 302 941 irrisionis,
315 868 434 945 quarta
444 869 692 946 redemptionis,
706 870 820 947 quinta
833 869 924 932 ablu·
977 874 1066 935 enlm
1092 889 1171 937 οπο
1202 874 1326 938 lactum
1352 879 1418 950 est,
1451 880 1539 940 Deus
1565 879 1775 955 incarnatus,

47 980 50 983 ·
118 965 275 1037 tionis...,
291 968 325 1027 et
336 967 472 1043 propter
486 965 710 1044 prolixitatem
720 968 810 1030 euim
824 983 924 1047 expo·
976 971 1438 1052 idest,Deusothomo,qui
1460 975 1566 1039 iactus
1588 979 1702 1039 estex
1723 995 1778 1040 sa-

119 1063 278 1125 sitionem
302 1063 510 1136 dimittimus,
539 1064 617 1142 quia
641 1079 751 1128 sermo
773 1066 923 1144 prolixus
977 1069 1066 1131 mine
1080 1070 1184 1132 David
1200 1072 1381 1134 secundum
1399 1088 1544 1136 οποοιο.
1569 1075 1655 1136 Nam
1679 1075 1777 1138 ante·

118 1161 293 1223 fastidium
319 1161 468 1236 generat.
492 1163 532 1224 st
555 1161 627 1239 ipse
655 1163 775 1226 obtulit
801 1164 924 1225 semet·
978 1168 1235 1245 quamverbum
1251 1169 1449 1243 camberei,
1473 1172 1586 1249 procul
1606 1172 1778 1236 habitabat

118 1259 244 1336 ipsum,
258 1258 355 1331 idest,
371 1273 491 1336 corpus
506 1275 602 1321 suum
623 1261 658 1322 in
680 1261 845 1324 sacrificio
863 1276 923 1340 pro
978 1280 998 1325 a
1019 1264 1126 1337 nohis,
1151 1265 1228 1344 quia
1251 1267 1348 1328 notus
1370 1269 1443 1330 erat
1462 1269 1591 1332 tantum
1612 1267 1777 1333 inludaea

119 1356 231 1418 salute
247 1355 384 1418 humani
394 1357 527 1433 generis
543 1372 644 1436 super
658 1359 774 1421 altare.
977 1363 1076 1424 Deus.
1103 1362 1165 1424 Ubi
1190 1379 1272 1425 vero
1302 1364 1446 1426 Verbum
1472 1381 1551 1428 οπο
1578 1367 1702 1430 tactum
1727 1367 1779 1431 est

159 1453 353 1516 Notandum
375 1455 436 1526 est,
462 1455 548 1532 quod
560 1456 626 1518 tria
640 1457 718 1518 sunt
731 1471 854 1534 genera
867 1473 925 1518 sa·
977 1459 1140 1524 habitavit
1160 1462 1196 1523 iu
1217 1460 1314 1523 nobis
1335 1477 1402 1524 non
1421 1463 1528 1524 solum
1547 1479 1607 1542 per
1620 1466 1775 1541 gratiam,

119 1551 338 1614 crificiorum.
352 1551 426 1614 Alia
439 1553 528 1614 euim
543 1555 620 1615 sunt
634 1555 839 1628 holocausta,
856 1554 923 1617 alia
977 1573 1092 1620 varum
1107 1559 1210 1622 etiam
1222 1576 1284 1638 per
1296 1561 1461 1622 naturam.
1485 1560 1579 1623 Unde
1590 1561 1752 1624 ieremias
1767 1581 1776 1623 ε

119 1649 290 1728 simplicia
322 1647 503 1722 sacrificia,
532 1650 599 1714 alia
630 1650 779 1729 pacifica.
817 1653 923 1714 Holo-
977 1658 1045 1718 ch
1070 1659 1165 1718 enlm
1189 1659 1282 1718 Deus
1307 1657 1427 1720 noster
1453 1657 1487 1719 ct
1508 1672 1578 1718 ram
1604 1658 1658 1720 cst
1688 1661 1778 1720 allus

119 1748 274 1809 caustum
289 1745 472 1810 uocabatur
485 1748 572 1826 quod
592 1749 644 1811 sel
670 1765 714 1811 ex
737 1749 848 1812 debito
869 1751 923 1813 vel
974 1753 1343 1828 praetorianarum
1357 1753 1779 1826 temsvtsuscst,etcum

120 1847 241 1924 sponte
251 1844 397 1907 oblatum
411 1847 515 1908 tolum
528 1845 778 1909 incendebatur.
807 1849 923 1910 Sacri·
977 1851 1169 1912 horninibus
1199 1850 1425 1912 conversatus
1454 1851 1507 1913 est
1542 1849 1693 1930 (Baruch
1717 1867 1775 1924 ιιι,

120 1943 236 2005 licium
251 1942 433 2005 vocabatur
445 1943 531 2022 quod
546 1959 606 2022 pro
620 1943 731 2007 debito
745 1946 925 2009 institutio·
977 1946 1042 2028 38).
1066 1949 1110 2010 Os
1130 1947 1171 2010 de
1192 1947 1323 2010 ossibus
1337 1948 1461 2010 nostris
1475 1949 1509 2010 el
1523 1964 1602 2009 οπο
1620 1949 1777 2012 decarne

121 2040 175 2102 uis
194 2039 341 2103 oblatum
361 2042 482 2119 partim
494 2041 713 2116 cremabatur,
733 2044 854 2121 partim
868 2060 925 2106 re-
979 2044 1103 2106 uostra.
1134 2045 1293 2106 Diabolus
1324 2045 1381 2123 qui
1409 2059 1469 2122 per
1494 2043 1619 2106 terrum
1648 2044 1779 2122 signiti-

121 2138 331 2202 servabatur.
346 2139 490 2202 Paciflca
505 2139 711 2214 dicebantur,
721 2157 794 2220 quae
807 2143 924 2220 sponte
978 2140 1083 2214 catur,
1109 2142 1235 2204 nuUam
1251 2143 1446 2219 potestatem
1467 2142 1503 2203 in
1524 2143 1626 2205 Beata
1640 2144 1779 2220 Virgine

121 2236 353 2299 offerebantur
382 2237 452 2300 sive
481 2253 540 2315 pro
568 2239 752 2316 gratiarum
780 2241 921 2313 actione,
978 2238 1102 2302 habere
1136 2239 1252 2318 potuit,
1285 2239 1364 2317 quia
1395 2240 1539 2318 Spiritus
1572 2239 1715 2303 Sanctus
1745 2243 1780 2304 et

122 2335 196 2397 sive
226 2351 287 2414 pro
322 2335 541 2413 praecedentis
573 2337 642 2400 voti
676 2337 922 2416 adimpletione,
978 2337 1089 2414 angeli
1113 2336 1343 2400 custodierunt
1365 2353 1439 2400 eam
1460 2353 1601 2415 semper.
1628 2341 1669 2400 lit
1691 2339 1780 2401 sicut

122 2433 199 2495 sive
213 2449 273 2512 pro
287 2433 477 2496 voluntaria
493 2435 527 2496 et
540 2436 722 2512 spontanea
737 2436 922 2498 devotione.
978 2436 1129 2498 Christus
1142 2435 1241 2497 uatus
1258 2436 1310 2497 esi
1329 2435 1370 2496 de
1384 2436 1485 2497 Beata
1504 2435 1624 2508 Maria,
1640 2451 1714 2514 quae
1728 2437 1780 2498 est

121 2531 363 2594 Holocaustum
379 2531 559 2609 aliquando
573 2531 672 2596 fiebat
690 2531 731 2595 de
752 2533 922 2607 armentis,
979 2534 1085 2596 Mater
1099 2535 1132 2595 et
1144 2533 1259 2608 Virgo,
1276 2533 1324 2594 ita
1339 2531 1373 2594 et
1388 2548 1449 2594 nos
1471 2533 1641 2595 nascimur
1654 2533 1696 2595 de
1709 2535 1778 2595 Uc-

122 2629 308 2706 aliquando
322 2629 363 2690 de
377 2629 563 2707 pecoribus,
579 2630 759 2709 aliquando
773 2631 815 2693 de
829 2631 924 2694 vola·
979 2629 1092 2702 alesia,
1109 2645 1182 2707 quse
1199 2630 1250 2691 est
1272 2629 1378 2692 mater
1392 2629 1425 2692 et
1445 2629 1551 2706 virgo,
1574 2644 1636 2706 per
1658 2645 1779 2707 aquam

121 2727 251 2790 lilibus.
279 2725 410 2790 Oblatio
429 2727 608 2806 aliquando
627 2727 668 2790 de
687 2729 797 2792 simila
812 2728 922 2803 tiebat,
979 2729 1013 2791 et
1038 2727 1198 2806 Spiritum
1227 2727 1396 2790 Sanctum.
1428 2727 1522 2789 Unde
1548 2727 1743 2789 Ambrosius
1769 2749 1778 2788 ι

122 2841 200 2902 quae
213 2824 385 2886 dicebatur
399 2825 510 2887 simila
525 2825 638 2898 cruda,
653 2825 707 2888 vel
719 2826 925 2888 similacrum
978 2845 998 2889 ιι
1019 2827 1112 2889 Parit
1126 2825 1295 2902 nosvirgo
1319 2829 1425 2888 mater
1446 2825 1595 2886 Ecclesia
1618 2841 1684 2887 uon
1704 2841 1779 2888 cum

123 2922 276 2985 crudum.
301 2922 489 3001 Aliquando
510 2923 551 2985 de
568 2923 720 3002 alphano,
745 2924 925 3003 aliquando
979 2925 1094 2988 dolore
1110 2923 1422 2996 membrorum-sed
1435 2939 1510 2984 curu
1525 2922 1657 2999 gaudiis
1676 2938 1781 3000 ange-

124 3021 165 3082 de
181 3021 362 3097 sartagine,
388 3021 568 3098 aliquando
581 3021 621 3084 de
642 3023 814 3096 craticula,
838 3022 924 3101 quod
980 3023 1098 3095 lorum,
1115 3038 1134 3082 s
1149 3021 1228 3100 quia
1247 3021 1394 3099 quotidie
1413 3019 1562 3082 hicclesia
1582 3021 1670 3098 parit
1692 3019 1780 3084 illios

125 3117 329 3180 sacrificium
339 3117 468 3180 coctum
479 3117 661 3182 dicebatur.
676 3119 847 3182 sacrificia
858 3119 925 3182 alia
979 3135 1040 3198 per
1070 3119 1270 3198 baptismum
1303 3119 1376 3179 siue
1409 3119 1633 3197 corruptione.
1666 3119 1780 3181 Altare

124 3231 185 3294 pro
201 3217 337 3294 peccato
352 3217 458 3289 erant,
470 3216 537 3278 alia
550 3233 611 3294 pro
623 3217 764 3294 delict03
781 3233 841 3296 pro
854 3233 927 3297 pec·
980 3233 1059 3294 ergo
1071 3219 1222 3279 nostrum
1235 3217 1385 3278 Christus
1397 3219 1458 3288 est,
1487 3231 1697 3294 superquam
1712 3233 1779 3280 uon

124 3315 201 3376 cato
224 3313 369 3392 quidem,
395 3315 432 3376 ut
452 3315 644 3392 expiaretur
657 3316 845 3393 peccatum3
866 3331 926 3394 pro
981 3317 1088 3378 solum
1101 3315 1266 3377 sacrificia
1276 3314 1440 3376 bonorum
1453 3329 1601 3390 operum,
1611 3315 1780 3377 sedetiam

122 3412 260 3484 delicto,
286 3412 322 3473 ut
340 3411 535 3489 expiaretur
557 3411 725 3474 delictum.
751 3416 926 3476 Peccatum
981 3413 1170 3476 orationum
1181 3413 1330 3474 omnium
1343 3410 1516 3473 offerimus
1528 3409 1782 3474 dicentesrPer

125 3511 177 3572 est
190 3509 324 3588 quando
333 3509 367 3572 dt
379 3509 465 3587 quod
481 3509 553 3572 lieri
566 3510 756 3586 nondebet;
770 3511 927 3573 delictum
982 3515 1167 3574 Dominum
1186 3510 1346 3572 nostrum
1364 3511 1486 3570 Iesum
1510 3508 1723 3570 curleium...
1742 3509 1782 3572 Ut

126 3609 188 3680 est,
205 3607 337 3686 quando
359 3623 426 3669 non
449 3607 485 3669 tlt
504 3608 590 3685 quod
615 3607 690 3670 lieri
706 3607 812 3672 debet.
838 3611 878 3671 Et
892 3610 927 3671 in
982 3609 1069 3672 sicut
1098 3609 1134 3669 in
1160 3606 1260 3669 altari
1286 3605 1452 3668 materiali
1480 3605 1671 3667 sanctorum
1699 3606 1783 3668 reli-

126 3706 170 3768 iis
181 3705 315 3784 quidem
329 3703 483 3767 omnibus
498 3708 706 3770 sacramenta
720 3705 926 3779 constabant,
983 3707 1070 3784 quiae
1084 3703 1311 3768 reconduntur
1329 3703 1365 3764 in
1381 3703 1632 3766 consecratione
1652 3701 1780 3778 altaris,

128 3805 206 3882 quia
226 3803 377 3865 homines
397 3819 457 3882 per
477 3803 549 3866 haec
573 3805 783 3866 sacramenta
804 3821 929 3882 purga·
983 3805 1029 3866 ita
1042 3803 1077 3865 in
1091 3801 1374 3880 corporechristi,
1386 3800 1472 3879 quod
1487 3815 1547 3878 per
1561 3800 1667 3864 altare
1682 3795 1794 3878 siguli

127 3902 259 3964 bantur.
291 3901 419 3964 Dicitur
439 3901 481 3963 ab
505 3902 548 3962 iis
572 3903 629 3980 qui
654 3903 863 3980 scripserunt
888 3903 928 3964 de
983 3902 1111 3974 linatur,
1125 3899 1299 3978 sapientiae
1315 3899 1509 3962 etscieutiae
1524 3914 1647 3961 arcana
1663 3915 1783 3962 recon-

127 4000 259 4063 naturis
284 3999 498 4073 animalium,
526 3999 612 4078 quod
635 4001 735 4062 draco
756 4001 850 4078 ponit
870 4001 928 4061 in-
982 4001 1052 4063 dita
1083 3999 1229 4061 fuerunt.
1267 3997 1361 4060 Unde
1395 3997 1572 4075 Apostolus
1598 4017 1606 4058 ι
1631 4001 1674 4059 In
1707 4001 1782 4073 lpse

128 4098 234 4160 sidias
254 4097 422 4175 elephanti
444 4097 478 4158 in
499 4097 573 4167 sia,
604 4098 641 4160 ut
660 4113 736 4160 oum
756 4098 815 4160 ille
835 4099 930 4161 tran·
982 4099 1064 4161 sunt
1077 4111 1198 4160 omncs
1212 4097 1368 4160 luesaurl
1381 4094 1563 4170 sapientiae
1580 4095 1614 4157 et
1628 4097 1783 4158 scteattoe

129 4196 240 4268 sierit,
272 4195 378 4256 cauda
403 4211 465 4256 sua
495 4195 702 4272 constringat
731 4195 831 4274 pedes
857 4198 929 4273 ejus
983 4195 1194 4265 absconditu,
1221 4194 1256 4254 ct
1278 4197 1315 4254 lu
1334 4207 1373 4253 co
1397 4193 1510 4253 mauis
1530 4192 1705 4264 plenitudo
1729 4193 1784 4252 dl-

128 4297 164 4355 et
185 4293 234 4355 sic
254 4291 355 4354 iaciat
375 4307 450 4354 eum
472 4307 582 4354 ruere.
609 4293 649 4382 Et
669 4294 748 4370 quia
770 4293 929 4372 elephans
984 4293 1141 4355 olnllctls
1158 4289 1388 4364 corporaliter
1405 4291 1444 4349 ln
1462 4287 1678 4350 homullula
1705 4287 1784 4368 (Go-

129 4405 198 4450 non
219 4389 325 4466 potest
346 4403 495 4464 surgere,
517 4388 618 4452 laclia
635 4388 741 4452 uincit
755 4405 841 4450 eum.
865 4389 930 4451 Sed
985 4391 1062 4452 loss.
1077 4403 1115 4462 u,
1129 4391 1162 4457 3,
1177 4385 1223 4465 9).
1771 4383 1773 4390 “

128 4485 293 4564 elephans
313 4485 365 4547 est
384 4475 590 4562 ingeniosus.
618 4487 704 4548 Casu
725 4503 787 4549 suo
817 4486 932 4565 oppri-
1026 4486 1182 4564 Sequitur
1204 4484 1245 4546 de
1273 4482 1438 4562 lapidibus
1465 4497 1547 4561 quos
1568 4481 1694 4544 terrum
1714 4498 1782 4546 non

129 4584 193 4647 mit
213 4583 402 4658 draconem,
426 4583 459 4646 ei
479 4585 579 4647 draco
601 4585 753 4647 moritur.
783 4585 832 4647 lta
853 4585 932 4647 tecit
984 4585 1104 4663 tetigit.
1132 4583 1288 4659 Legimus
1316 4581 1403 4660 quod
1419 4581 1546 4659 lapides
1569 4582 1684 4659 templi
1706 4597 1785 4644 eru·

129 4681 285 4744 diabolus
306 4681 449 4744 Christo.
474 4681 654 4746 insidiatus
673 4684 724 4746 est
744 4683 776 4745 ei
797 4699 857 4761 per
876 4685 933 4747 Ju-
986 4681 1189 4746 derahantur
1210 4696 1254 4742 ex
1278 4680 1475 4751 Jerusalem,
1499 4679 1532 4741 et
1556 4679 1784 4758 suntlapides

131 4781 234 4853 dacos,
258 4781 291 4843 et
304 4779 462 4844 astrinxit
475 4781 661 4860 pedesejus
675 4783 712 4844 in
733 4797 842 4844 cruce.
868 4781 931 4844 Sed
987 4783 1071 4858 ejus,
1096 4777 1184 4841 idest
1202 4776 1297 4856 justi.
1313 4776 1420 4850 Unde,
1446 4777 1475 4837 si
1497 4775 1679 4838 aedillcahis
1700 4777 1783 4839 mihi

131 4893 309 4949 corruens,
331 4877 428 4952 idest,
452 4878 602 4941 Christus
622 4880 769 4944 moriens
791 4895 932 4958 oppres·
987 4879 1094 4941 altare
1130 4876 1172 4938 de
1209 4874 1387 4952 lapidibus,
1412 4873 1593 4936 aedillcabis
1628 4873 1712 4935 illud
1744 4873 1785 4937 de

132 4977 179 5038 sil
199 4976 388 5050 draconem,
412 4977 490 5054 quia
511 4977 593 5040 uicit
612 4977 793 5040 diabolum.
931 4997 936 5004 ·
988 4974 1154 5053 lapidibus
1182 4988 1265 5050 quos
1285 4971 1409 5033 serrum
1438 4986 1505 5032 non
1532 4969 1652 5042 tetigit,
1681 4971 1715 5032 et
1734 4973 1786 5033 est

176 5075 332 5152 Sequitur
359 5075 401 5136 de
429 5074 539 5136 altari.
567 5073 716 5137 Christus
746 5076 858 5154 itaque
884 5076 935 5137 est
989 5073 1074 5151 lapis
1101 5071 1174 5148 lpse
1188 5071 1286 5131 Deus.
1304 5067 1397 5130 Unde
1421 5066 1674 5142 Danielzhnpts
1686 5084 1784 5142 prce-

133 5171 242 5234 altara
263 5171 464 5234 aedificatum
484 5171 526 5232 de
547 5169 730 5250 lapidibus,
763 5189 845 5251 quos
866 5173 935 5234 ter·
988 5175 1081 5234 elsus
1094 5163 1783 5244 demontcstuemaulbus(Danielum).

134 5285 210 5334 rum
231 5285 299 5332 non
319 5269 443 5348 tetigit,
475 5269 554 5346 quia
574 5269 647 5346 ipse
673 5285 753 5332 vere
774 5269 935 5332 formatus
991 5268 1074 5330 Sunt
1087 5267 1121 5330 et
1147 5263 1313 5342 lapidesa
1337 5260 1481 5333 diabolo,
1503 5263 1539 5322 ui
1563 5260 1690 5338 lapides
1713 5262 1788 5325 Ste-

134 5367 297 5431 esthemo
311 5367 352 5430 de
366 5366 523 5429 membris
538 5368 648 5430 Beatae
661 5367 821 5444 Virginis,
838 5384 935 5447 quem
990 5363 1104 5446 phani.
1127 5364 1167 5425 st
1194 5359 1417 5438 suntlapides
1439 5357 1572 5430 diaboli,
1598 5357 1694 5431 idest,
1706 5360 1787 5423 mali

134 5465 265 5546 peccati
295 5465 486 5542 contagium
516 5465 707 5527 nullatenus
739 5466 934 5540 macularit,
991 5464 1043 5527 vel
1070 5464 1272 5541 peccatores.
1296 5461 1388 5521 Unde
1411 5457 1535 5532 potem
1555 5457 1607 5519 est
1627 5460 1720 5520 Deus
1744 5461 1786 5523 lle

135 5563 269 5644 quando
291 5561 453 5626 formatus
474 5562 656 5636 esthemo,
681 5561 813 5640 quaudo
834 5563 936 5640 incli-
990 5564 1158 5639 aplanus
1197 5559 1274 5621 tstts
1306 5555 1478 5620 suscttcre
1517 5553 1606 5627 illios
1639 5557 1787 5622 abraae
