4234 6408
332 215 394 280 aaa

329 374 463 437 ritative
473 373 570 451 juxta
589 387 686 449 posse
699 370 815 432 domus
830 369 881 431 illi
895 369 1127 432 subministre-

327 474 519 535 iuravere
541 471 651 531 tamen
675 469 728 530 vel
748 468 838 529 aliud
859 468 985 530 161666
1010 485 1125 530 avenae

333 570 518 648 hospitibus
533 584 599 628 non
622 566 730 638 detur,
747 567 776 626 si
791 565 915 628 fuerint
928 567 963 627 in
978 567 1094 628 civitat
1116 612 1123 637 ,

327 668 382 731 vel
399 666 528 744 oppid0,
542 664 595 726 vel
611 663 668 725 ubi
689 664 819 724 venalis
839 665 1040 737 inveniatur,
1059 665 1125 724 nisi

325 766 410 828 forte
425 763 575 838 religiosi
586 763 653 824 6161
667 762 825 838 hospites,
838 763 891 824 vel
905 763 1000 835 tales,
1014 763 1070 840 qui
1083 763 1124 823 ad

326 878 460 924 manum
475 876 540 922 non
560 860 714 932 habeant,
735 861 767 920 et
781 876 848 921 non
862 876 972 922 emere
985 861 1123 936 possint.

327 961 363 1023 Si
375 961 485 1022 autem
500 959 648 1035 hospites
671 959 823 1019 venalem
839 975 906 1018 non
922 958 1121 1031 invenerint,

326 1059 359 1122 et
371 1059 405 1119 in
419 1057 514 1118 domo
529 1073 594 1134 qua
610 1057 757 1133 suscepti
780 1056 904 1117 fuerint
921 1055 1121 1128 inveniatur,

326 1155 547 1230 congruenter
575 1153 624 1214 eis
650 1152 849 1230 praebeatur.
877 1152 996 1214 Nullus
1022 1153 1125 1214 frater

324 1253 431 1314 laicus
445 1252 497 1312 vel
522 1251 663 1312 clericus
686 1251 739 1322 sit,
764 1251 793 1311 61
816 1251 888 1312 fieri
908 1251 1025 1328 potest,
1051 1251 1124 1312 sine

324 1349 458 1429 proprio
474 1348 599 1422 officio,
614 1348 642 1408 si
656 1348 731 1424 quis
744 1364 822 1410 1616
836 1348 989 1409 laborare
1004 1348 1123 1410 nolue-

323 1450 378 1520 rit,
396 1446 428 1510 61
442 1446 596 1524 potuerit,
616 1446 724 1506 locum
740 1445 848 1523 ipsum
866 1446 1020 1506 deserere
1033 1463 1125 1506 com-

323 1546 478 1624 pellatur,
493 1560 566 1606 cum
582 1543 752 1619 apostolus
767 1543 865 1616 dicat,
879 1544 936 1621 qui
949 1559 1016 1605 non
1031 1543 1125 1605 labo—

325 1645 457 1706 1611166
472 1641 659 1702 manducat.

363 1743 383 1818 5
403 1743 433 1802 5.
459 1739 633 1802 Silentium
660 1738 836 1802 observent
858 1754 989 1816 semper
1012 1741 1046 1801 16
1067 1755 1124 1801 66-

324 1839 426 1902 616616
442 1855 513 1910 666,
531 1853 662 1914 semper
686 1838 720 1897 in
741 1836 930 1909 refectorio,
945 1838 1121 1914 semperin

323 1937 527 1999 dormitorio.
549 1939 596 1996 De
617 1935 816 1996 necessariis
831 1936 942 1996 tamen
958 1934 1058 1997 liceat
1072 1935 1124 1997 lo-

324 2034 381 2112 qui
407 2035 443 2094 16
470 2033 546 2093 61116
572 2032 775 2108 temporibus
800 2032 898 2108 aptis,
926 2033 1122 2094 6116161666

322 2147 404 2194 voce
428 2130 608 2201 humiliter,
634 2130 668 2190 et
693 2128 847 2204 honeste3
873 2132 1020 2192 6161116
1042 2147 1122 2208 prae·

323 2229 410 2291 dicta
426 2228 499 2289 loca
511 2227 632 2303 ubique
647 2213 757 2288 sermo'
770 2242 884 2288 eorum
897 2228 941 2289 sit
950 2228 1119 2301 honestus,

322 2327 440 2390 616166
461 2325 808 2386 66611116168116111161
827 2326 860 2386 61
876 2341 990 2386 eorum
1012 2328 1119 2387 omnis

322 2425 438 2494 status,
454 2423 577 2498 gestus
592 2421 672 2492 vita,
687 2422 774 2482 actio
791 2421 823 2483 et
848 2423 961 2482 omnia
976 2423 1043 2484 elia
1058 2423 1121 2484 bo-

321 2522 415 2583 66616
438 2521 473 2581 16
495 2521 544 2580 616
559 2519 780 2595 reperiantur.
798 2519 984 2596 Capitulum
1005 2521 1119 2582 sideri

320 2618 439 2697 potest,
454 2617 594 2694 singulis
610 2616 785 2679 dominicis
799 2616 915 2678 diebus
928 2618 963 2678 16
978 2618 1119 2694 singulis

320 2716 471 2778 domibus
487 2714 639 2775 minister
653 2731 727 2774 cum
741 2714 898 2775 fratribus
913 2716 982 2776 suis
995 2717 1116 2790 teneat,

320 2815 354 2876 61
367 2814 408 2874 de
422 2813 565 2888 negotiis
580 2811 695 2872 domus
710 2813 743 2872 et
754 2813 865 2873 domui
876 2813 946 2873 sive
961 2812 1118 2876 iratribus

320 2911 418 2981 datis,
433 2911 469 2970 ut
486 2909 526 2970 ad
542 2909 802 2986 redemptionem
824 2911 1029 2986 captivorum
1044 2915 1117 2973 ter-

319 3008 367 3070 tie
380 3023 457 3084 pars
470 3005 655 3082 deputetur,
680 3005 799 3066 fratres
818 3006 980 3080 ministro,
1003 3009 1035 3070 61
1049 3011 1116 3070 161-

320 3104 425 3166 616161
439 3103 596 3164 fratribus
621 3103 784 3163 rationem
807 3103 949 3165 fideliter
965 3106 1115 3168 reddant.

319 3200 514 3262 Nonsolum
536 3199 694 3261 fratribus
717 3199 774 3260 sed
797 3201 830 3261 et
852 3201 988 3263 familiae
1002 3203 1116 3265 domus

318 3314 379 3377 pro
394 3298 577 3376 capacitate
599 3314 659 3359 sua
684 3297 839 3358 similiter
857 3298 996 3374 singulis
1010 3302 1118 3364 domi-

318 3397 404 3458 nicis
419 3396 546 3468 diebus,
564 3396 593 3458 si
610 3395 683 3456 fieri
708 3396 825 3472 potest,
845 3397 1114 3474 exhortatione,

318 3495 443 3574 etquid
459 3493 595 3556 credere
607 3495 665 3555 aut
679 3509 778 3569 agere
794 3494 945 3568 debeant,
960 3497 1117 3574 simplici-

316 3592 369 3654 ter
382 3593 579 3654 moneantur
592 3612 600 3652 ε
615 3591 654 3652 de
670 3591 822 3653 omnibus
835 3592 933 3655 rebus
948 3595 981 3655 61
990 3595 1116 3657 616166-

316 3690 409 3752 ribus
423 3691 459 3750 16
473 3689 618 3766 66611616
640 3689 760 3752 1161166
777 3690 980 3768 judicentur.
994 3693 1114 3755 Nullus

315 3787 455 3848 fratrum
474 3786 610 3846 fratrem
637 3801 732 3847 suum
757 3787 792 3847 in
814 3787 945 3864 publico
968 3792 1112 3865 accuset,

316 3883 386 3944 nisi
413 3883 497 3943 bene
521 3881 626 3960 possit
649 3882 801 3958 probare.
828 3886 890 3956 Qui
912 3889 1022 3948 autem
1051 3889 1113 3950 hoc

315 3979 431 4044 fecerit
454 3994 585 4056 poenam
609 3978 736 4050 subeat,
758 3995 856 4056 quarn
879 3998 955 4043 reus
975 3984 1111 4059 subiret,

314 4077 344 4138 si
359 4076 512 4138 convinci
527 4077 697 4153 potuisset,
714 4077 780 4138 nisi
791 4077 942 4140 minister
955 4097 997 4142 ex
1011 4098 1113 4146 causa

235 4237 241 4244 ,
313 4189 388 4237 curn
403 4190 443 4236 eo
465 4174 658 4252 dispensare
670 4175 824 4236 voluerit.
848 4177 882 4237 Si
897 4178 954 4254 qui
967 4179 1111 4241 scanda-

312 4273 392 4345 lum,
422 4272 475 4334 vel
501 4272 627 4350 aliquid
664 4273 854 4350 hujusmodi
888 4275 1028 4339 feceriut
1058 4279 1111 4341 vel

313 4369 413 4450 (quod
426 4370 526 4450 absit)
544 4370 739 4432 seinvicem
763 4375 999 4448 percusserint,
1012 4377 1110 4452 juxta

311 4468 486 4530 arbitrium
511 4468 666 4542 ministri,
690 4470 809 4546 majori
830 4472 883 4533 vel
900 4473 1023 4533 minori
1035 4475 1112 4536 vin-

312 4565 408 4626 dictae
424 4563 627 4641 subjaceant.
656 4566 690 4626 Si
713 4568 787 4642 quis
809 4567 958 4630 fraterin
973 4571 1109 4636 fratrem

311 4663 509 4740 peccaverit,
526 4661 559 4722 id
574 4663 625 4722 est
637 4663 752 4724 contra
773 4663 920 4738 fratrem,
943 4667 974 4728 id
992 4671 1053 4739 est,
1069 4687 1108 4732 eo

311 4759 381 4822 6616
397 4759 534 4832 sciente,
551 4759 607 4836 qui
621 4758 668 4837 111]Ι
675 4760 781 4822 611616
793 4778 910 4839 passus
926 4768 1108 4838 66166611-

310 4858 389 4920 neat
410 4858 584 4934 patienter,
607 4857 686 4920 licet
711 4859 953 4939 61116666666;
979 4865 1107 4928 616616

309 4955 473 5035 quieverit
494 4956 669 5017 commotio
690 4957 889 5028 animorum,
914 4960 1057 5038 benigne
1075 4965 1108 5027 61

307 5055 454 5116 fraterne
466 5058 684 5126 commoneat,
697 5055 730 5118 et
742 5055 902 5136 corripiat
914 5075 988 5120 eum
1002 5077 1106 5138 usque

306 5154 358 5216 161
371 5153 461 5214 16161
475 5168 511 5214 66
524 5153 555 5215 61
568 5152 676 5229 ipsum
692 5152 809 5227 solum,
827 5158 860 5218 et
878 5158 1106 5233 poenitentiam

306 5267 407 5327 agere
420 5250 461 5311 de
477 5251 664 5324 commisso,
676 5252 709 5314 et
728 5253 926 5314 asimilibus
943 5256 977 5315 111
994 5258 1107 5332 poste-

305 5365 380 5410 rum
392 5347 570 5410 abstinere.
594 5349 733 5420 Quodsi
759 5365 826 5412 non
843 5351 997 5422 audierit,
1017 5354 1105 5418 dicat

305 5445 469 5518 ministro,
495 5447 529 5508 et
547 5446 604 5508 ille
628 5447 789 5524 corripiat
810 5465 885 5510 eum
907 5453 1034 5514 secreto
1049 5469 1105 5514 se-

306 5542 449 5606 cundum
464 5545 549 5622 quod
574 5543 695 5608 viderit
718 5546 818 5608 saluti
843 5551 915 5625 ejus
932 5551 1100 5628 expedire.

936 211 1112 273 HONORII
1137 209 1182 272 ΙΙΙ
1203 207 1352 272 ornat.

1922 207 1983 272 236

1181 369 1243 442 Qui
1257 383 1336 432 vero
1351 367 1544 431 scandalum
1560 366 1672 440 movit,
1699 369 1731 429 et
1751 382 1811 446 per
1824 383 1860 431 se
1872 385 1983 432 61666-

1181 468 1260 529 dare
1286 468 1439 538 voluerit,
1465 457 1568 527 totum
1591 469 1668 526 ante
1694 465 1794 542 pedes
1818 467 1984 528 scandali-

1180 565 1244 627 zati
1260 567 1373 642 petens
1389 565 1521 626 veniam
1540 579 1576 624 se
1600 564 1772 638 extendam
1788 566 1820 628 et
1834 565 1862 626 si
1876 567 1979 628 semel

1180 680 1246 726 non
1262 663 1393 735 66111611,
1411 679 1515 739 usque
1536 663 1588 724 ter
1605 661 1687 722 illud
1712 662 1799 722 idem
1815 662 1927 724 faciat.
1946 667 1981 726 Si

1179 777 1258 823 vero
1271 763 1334 822 hoc
1360 762 1395 821 in
1419 760 1586 838 publicum
1602 759 1743 832 venerit,
1762 777 1980 839 quaecumque

1180 862 1334 921 secutura
1362 859 1463 921 fuerit
1481 857 1675 935 poenitentia
1709 858 1782 920 baec
1809 859 1847 921 111
1873 861 1978 937 prior,

1180 957 1308 1019 scilicet
1322 958 1399 1019 ante
1421 957 1521 1034 pedes
1532 956 1677 1017 ministri
1692 957 1833 1032 petendo
1846 959 1980 1020 veniam

1179 1056 1279 1118 totius
1295 1057 1444 1132 corporis
1457 1055 1662 1126 extensione,
1684 1056 1717 1116 et
1735 1057 1850 1132 postea
1863 1072 1980 1120 secuu-

1180 1153 1255 1215 dum
1269 1151 1341 1231 ejps
1354 1153 1529 1214 arbitrium
1545 1152 1749 1214 emendetur.

1218 1252 1380 1313 Generale
1402 1249 1583 1328 capitulum
1607 1251 1764 1312 66166116
1786 1267 1874 1312 anno
1896 1253 1979 1314 celc-

1177 1351 1302 1413 bretur.
1321 1350 1412 1422 Quod
1437 1349 1511 1410 fieri
1533 1349 1630 1411 debet
1651 1349 1687 1410 in
1710 1351 1836 1411 octavis
1853 1353 1976 1416 Pente-

1179 1451 1297 1510 costes.
1321 1449 1356 1509 Si
1381 1463 1440 1524 pro
1468 1447 1666 1509 necessitate
1690 1447 1807 1510 domus
1830 1449 1976 1512 debiturn

1178 1547 1311 1624 aliquod
1327 1545 1426 1606 166111
1437 1545 1697 1606 contrabendum
1718 1546 1812 1622 prius
1828 1548 1864 1608 in
1879 1549 1974 1626 capi-

1177 1645 1247 1707 tulo
1272 1644 1430 1706 fratribus
1459 1645 1673 1720 proponatur,
1704 1645 1737 1706 61
1761 1661 1835 1706 cum
1862 1661 1976 1707 eorum

1178 1743 1236 1805 flat
1248 1743 1403 1815 66661116,
1425 1743 1459 1803 61
1481 1741 1685 1804 6666666161
1703 1742 1763 1815 616,
1780 1743 1812 1805 61
1828 1743 1976 1821 supicio-

1177 1858 1236 1902 nes
1261 1842 1293 1903 et
1315 1840 1594 1901 murmurationes
1622 1839 1798 1902 evitentur.
1823 1842 1859 1902 Si
1883 1842 1978 1918 quis-

1177 1956 1275 2018 quam
1291 1938 1331 2000 de
1346 1938 1531 2001 substantia
1546 1938 1663 1998 domus
1678 1938 1868 2000 violentiam
1882 1939 1977 2000 fece-

1177 2039 1231 2110 rit,
1255 2037 1347 2099 etad
1374 2037 1522 2115 judicem
1548 2036 1729 2113 oportuerit
1753 2035 1882 2108 referri,
1905 2052 1975 2098 1166

1177 2136 1330 2197 antehoc
1346 2136 1413 2207 flat,
1430 2150 1529 2212 quam
1551 2133 1725 2196 caritative
1748 2133 1803 2194 ille
1818 2149 1838 2194 a
1855 2133 1974 2194 fratri-

1175 2231 1236 2294 bus
1253 2234 1370 2310 primo,
1379 2235 1452 2310 post
1467 2231 1507 2292 ab
1522 2230 1724 2293 aliisvicinis
1737 2230 1894 2292 similiter
1908 2247 1976 2294 rno-

1175 2333 1305 2392 neatur.

1215 2430 1234 2504 5
1254 2432 1284 2490 6.
1308 2429 1433 2491 11166116
1457 2427 1601 2490 61616111
1622 2443 1681 2506 per
1704 2443 1879 2489 commune
1899 2427 1973 2488 fra·

1173 2529 1262 2589 trum
1278 2528 1455 2589 consilium
1466 2527 1543 2589 flat:
1560 2543 1621 2588 nec
1634 2525 1778 2602 eligatur
1792 2525 1973 2586 secundum

1174 2625 1367 2700 dignitatem
1376 2626 1519 2700 generis,
1532 2625 1589 2685 sed
1599 2623 1780 2685 secundum
1791 2623 1868 2685 vitae
1878 2625 1973 2684 meri·

1173 2723 1242 2784 tum
1262 2725 1294 2785 et
1313 2723 1486 2800 sapientiae
1508 2721 1703 2784 doctrinam.
1727 2721 1787 2783 1116
1811 2737 1891 2782 1616
1915 2723 1971 2799 qui

1173 2820 1317 2896 eligitur,
1335 2822 1489 2882 sacerdos
1504 2819 1557 2892 sit,
1575 2821 1627 2882 vel
1642 2819 1784 2882 clericus
1800 2818 1971 2880 ordinibus

1173 2921 1269 2996 aptus
1293 2921 1325 2980 et
1342 2920 1385 2980 sii
1405 2919 1594 2996 professus:
1620 2919 1772 2980 minister
1794 2933 1885 2990 vero,
1900 2918 1971 2979 6116

1172 3020 1290 3094 major,
1312 3018 1382 3078 sive
1394 3017 1514 3088 minor,
1527 3017 1682 3077 sacerdos
1704 3017 1757 3076 sit.
1784 3018 1893 3093 Major
1906 3016 1971 3077 mi-

1173 3115 1277 3175 nister
1302 3115 1528 3176 confessiones
1552 3113 1691 3175 fratrum
1720 3113 1867 3175 omnium
1889 3129 1971 3176 oon-

1171 3212 1403 3287 gregationum
1419 3213 1566 3290 ejusdem
1582 3211 1708 3273 ordinis
1721 3211 1837 3274 audire
1848 3213 1967 3288 potest.

1171 3311 1281 3371 Minor
1301 3327 1380 3372 vero
1403 3311 1555 3372 minister
1577 3310 1724 3371 omnium
1747 3309 1887 3372 fratrum
1900 3325 1969 3371 suae

1171 3406 1287 3470 domus
1303 3408 1417 3469 audiat
1431 3408 1672 3482 confessiones;
1685 3406 1861 3468 dummodo
1872 3423 1970 3469 vere-

1171 3505 1292 3566 cundia
1315 3507 1448 3582 repetiti
1474 3521 1633 3567 excessus
1662 3505 1871 3566 occasionem
1902 3505 1968 3566 mi-

1170 3603 1412 3681 nimepraebeat
1424 3604 1551 3664 tardius
1560 3602 1707 3682 praelatis
1718 3602 1965 3664 suisvelminus

1169 3717 1251 3778 pure
1266 3718 1364 3778 quam
1379 3701 1494 3763 deceat
1508 3700 1696 3773 confitendi,
1723 3700 1863 3763 sollicite
1887 3718 1966 3763 vero

1169 3799 1320 3862 minister
1333 3801 1514 3876 provideat,
1531 3801 1567 3861 ut
1579 3799 1743 3877 praecepta
1757 3799 1890 3874 regulae,
1912 3799 1966 3860 si-

1169 3899 1223 3958 cut
1238 3898 1350 3958 caeteri
1364 3896 1495 3966 fratres,
1518 3913 1579 3975 per
1602 3897 1713 3959 omnia
1726 3897 1844 3960 teneat.
1862 3899 1965 3959 Post-

1169 4009 1267 4070 quam
1280 4011 1361 4056 vero
1374 3995 1499 4058 electus
1512 3995 1612 4057 fuerit
1624 3997 1652 4057 61
1674 4011 1717 4056 ex
1732 3996 1828 4072 culpa
1844 3995 1965 4073 deponi

1151 4115 1153 4120 ·
1168 4093 1337 4165 meruerit,
1351 4109 1411 4170 per
1424 4096 1584 4172 majorem
1599 4095 1788 4156 ministrum
1801 4109 1966 4156 convoca-

1167 4190 1329 4252 tistribus
1351 4192 1403 4252 vel
1427 4193 1570 4269 quatuor
1593 4192 1755 4254 ministris
1780 4192 1964 4254 minoribus

1167 4287 1361 4365 deponatur,
1378 4291 1412 4351 et
1426 4290 1524 4362 alius,
1537 4289 1594 4367 qui
1607 4290 1726 4366 dignus
1739 4291 1793 4359 sit,
1807 4291 1881 4352 loco
1891 4293 1963 4368 ejus

1166 4385 1374 4462 subrogetur.
1389 4387 1424 4448 Si
1433 4403 1511 4448 vero
1527 4404 1586 4464 pro
1602 4388 1786 4450 remotione
1797 4389 1964 4450 terrarum

1164 4485 1216 4545 vel
1229 4485 1297 4546 alia
1307 4501 1408 4546 66666
1419 4485 1610 4547 rationabili
1621 4489 1728 4564 major
1739 4487 1889 4546 minister
1899 4485 1964 4548 boc

1164 4581 1274 4645 facere
1290 4599 1355 4642 non
1371 4583 1501 4660 poterit,
1518 4583 1680 4645 ministris
1697 4583 1882 4644 minoribus
1897 4599 1965 4644 ma·

1164 4680 1279 4757 gisque
1303 4681 1472 4756 religiosis
1501 4681 1698 4756 committat3
1735 4685 1768 4743 61
1800 4681 1888 4759 quod
1912 4681 1963 4740 illi
2061 4693 2065 4700 ·

1163 4775 1303 4838 16661161
1317 4778 1514 4839 auctoritate
1536 4779 1674 4854 majoris
1697 4779 1807 4840 ratum
1832 4778 1961 4840 habea-

1162 4874 1227 4935 tur.
1244 4875 1352 4951 Major
1365 4890 1444 4936 vero
1467 4875 1620 4937 minister
1641 4875 1670 4935 si
1691 4891 1751 4952 pro
1768 4876 1962 4936 excessibus

1162 4971 1377 5047 corrigendus
1387 4973 1441 5034 vel
1455 4972 1667 5049 deponendus
1681 4973 1723 5036 sit
1736 4988 1797 5050 per
1806 4975 1959 5052 quatuor,

1161 5069 1380 5147 autquinque
1395 5070 1564 5132 ministros
1579 5071 1728 5148 ejusdem
1748 5072 1876 5134 ordinis
1889 5087 1963 5134 ma-

1160 5166 1211 5242 gis
1240 5167 1407 5242 religiosis
1436 5167 1500 5228 boc
1523 5167 1591 5240 flat,
1622 5169 1678 5245 qui
1705 5169 1786 5230 tunc
1812 5169 1962 5231 auctori-

1159 5264 1227 5326 tate
1241 5264 1409 5340 generalis
1424 5265 1561 5342 capituli
1577 5266 1618 5325 ad
1634 5265 1697 5327 hoc
1720 5265 1807 5341 elegi
1826 5265 1958 5328 debent.

1198 5362 1218 5436 ἓ
1239 5365 1268 5421 7.
1293 5362 1412 5439 Siquis
1433 5363 1533 5438 hujus
1548 5363 1674 5424 ordinis
1689 5362 1793 5424 frater
1808 5379 1884 5425 esse
1898 5379 1960 5426 vo-

1158 5459 1270 5531 luerit,
1287 5461 1394 5537 primo
1408 5475 1466 5538 per
1481 5475 1605 5522 annum
1617 5477 1691 5522 cum
1704 5462 1860 5538 expensis
1875 5461 1956 5534 suis,

1158 5557 1415 5636 praetervictum
1431 5557 1547 5620 babitu
1570 5575 1642 5632 suo,
1663 5559 1696 5622 et
1719 5558 1872 5621 omnibus
1888 5559 1957 5620 suis
