4162 6424
127 291 184 353 581
757 289 985 352 El'ls'l'tllarii
1008 288 1086 350 LlB.
1110 289 1151 350 ll.
1720 287 1780 350 582

127 451 333 524 scandalum,
348 450 393 513 sit
406 449 536 528 punitio
550 448 586 512 lu
601 449 801 528 exemplum.
813 450 926 513 Testes
981 437 1152 512 humiliter
1165 447 1385 526 supplicatum
1400 448 1436 511 ut
1450 441 1525 510 usui
1546 447 1778 525 supersederet

126 550 324 621 automata.
336 547 445 612 Nullis
458 547 579 610 litteris
589 545 795 610 obstantibus
807 546 926 608 barum
980 547 1126 618 illarum,
1139 546 1244 608 donec
1257 559 1317 624 pcr
1338 556 1530 608 communes
1556 546 1690 608 nuntios
1709 547 1778 611 tam

127 649 243 708 tenore
260 647 358 708 tacito
382 661 402 706 a
420 645 505 707 Sede
520 644 711 722 Apostolica
730 643 924 724 impetratis.
981 645 1104 706 saedem
1126 644 1352 720 indulgentius,
1370 657 1469 721 quam
1484 645 1630 720 antiquae
1643 644 1778 706 illorum

127 743 219 816 Quod
235 743 264 804 si
279 759 345 804 non
361 757 487 814 omnes,
510 741 749 814 duovestrum,
766 741 828 804 etc.
851 741 926 803 Non
981 755 1056 804 cum
1088 743 1288 819 transcripto
1329 742 1454 818 regulae
1493 741 1698 804 munimento
1735 743 1778 804 ad

129 839 279 902 obstante
308 840 545 902 constitutione
580 839 720 901 Concilii
746 838 923 915 generalis,
982 839 1100 902 Sedent
1114 839 1338 917 apostolicam
1361 839 1582 904 mitterentur,
1607 839 1644 901 ut
1667 840 1778 901 utrum

127 953 191 1014 qua
202 938 350 1008 cavetur,
364 937 491 1015 nequis
502 937 590 998 ultra
603 937 686 998 duas
698 937 815 1000 diaetus
830 937 927 1000 extra
981 935 1065 998 bene
1086 936 1139 998 vel
1157 937 1244 998 male
1260 936 1403 999 obtentas
1422 936 1564 998 fuissent
1581 935 1781 998 decernere-

127 1049 222 1095 suam
238 1034 406 1096 dioecesim
422 1033 464 1095 ad
474 1033 638 1111 jndicium
656 1034 745 1096 trahi
760 1034 876 1113 possit
981 1033 1035 1094 tur
1042 1032 1176 1106 ibidem,
1187 1034 1221 1097 et
1230 1049 1326 1096 secus
1341 1033 1453 1109 tieret3
1469 1033 1703 1110 appellationis
1716 1034 1779 1097 luit

166 1132 285 1192 Datum
306 1131 461 1193 Laterani
484 1131 581 1192 nonis
605 1132 767 1210 januarii,
793 1131 929 1209 pontiti-
982 1131 1188 1194 obstaculum
1203 1132 1426 1208 interjectum.
1443 1131 1538 1194 Unde
1553 1131 1583 1191 si.
1598 1131 1675 1208 quid
1692 1132 1781 1194 esset

126 1228 222 1289 catus
237 1228 344 1290 nostri
363 1243 452 1290 anno
468 1229 624 1291 secundo.
982 1229 1056 1305 post
1071 1229 1326 1306 appellationem
1353 1229 1545 1306 hujusmodi
1570 1229 1777 1302 attentatum,

960 1325 1113 1388 ¹irritum
1125 1325 1307 1408 dicebatur.
1324 1327 1393 1387 Nos
1412 1326 1526 1403 itaque
1546 1341 1647 1402 super
1669 1326 1712 1388 iis
1737 1343 1780 1388 ox

959 1444 962 1483 ς
982 1421 1092 1484 oficio
1111 1423 1224 1485 nostro
1242 1423 1392 1485 volentes
1415 1423 1585 1500 inquirere
1605 1423 1780 1486 veritatem

981 1517 1126 1593 illorum,
1141 1521 1198 1598 qui
1213 1521 1348 1598 propter
1361 1520 1479 1581 licead
1500 1519 1618 1581 Sedem
1637 1523 1782 1598 Aposto-

169 1371 207 1431 In
221 1369 371 1432 eumdem
381 1370 515 1432 modum
525 1369 791 1445 Cluamiertensi,
803 1370 928 1432 Euech-

128 1467 270 1529 dunensi
292 1467 324 1530 et
343 1469 591 1546 Fumwarrensi
617 1469 782 1548 episeopis
801 1484 862 1548 pro
887 1471 924 1530 G.

127 1581 216 1638 Μ’
232 1564 449 1628 mmmm
465 1565 627 1630 ⁰⁰⁰¹⁰⁵¹³³⁶
982 1616 1081 1678 licam
1100 1618 1272 1690 venerant,
1290 1617 1428 1679 fecimus
1446 1618 1637 1694 juramenta
1662 1618 1778 1695 recipi,

506 1733 555 1821 CI
960 1725 963 1730 ’
983 1715 1148 1784 eteorum
1172 1715 1262 1777 dicta
1283 1715 1461 1776 conscribi.
1486 1713 1550 1776 Sed
1577 1727 1654 1792 pars
1676 1715 1780 1776 oleri-

983 1825 1097 1874 corum
1117 1813 1236 1874 docere
1256 1813 1373 1874 volens
1393 1813 1525 1890 plenius
1540 1812 1582 1874 de
1596 1813 1778 1890 praedictis,

982 1906 1087 1970 ibide
1105 1909 1149 1970 iis
1168 1908 1224 1971 ubi
1239 1910 1403 1982 malorum
1423 1911 1474 1972 est
1484 1910 1621 1972 suborta
1637 1913 1777 1973 materia

982 2005 1162 2082 pastinavit
1184 2007 1319 2084 inquiri.
1345 2007 1539 2086 Eapropter,
1567 2009 1781 2084 praesentium

981 2099 1076 2163 vobis
1102 2103 1301 2165 auctoritate
1325 2104 1532 2176 mandamus,
1553 2105 1715 2181 quatenus
1739 2105 1781 2166 ad

982 2197 1254 2261 Grandimonten.
1287 2200 1526 2262 monasterium
1560 2202 1782 2277 personaliter

981 2293 1187 2368 accedentes,
1214 2297 1348 2376 proviso
1370 2297 1513 2374 primum
1537 2299 1727 2376 prudenter«
1741 2299 1782 2362 de

982 2393 1069 2453 statu
1095 2392 1229 2468 prioris,
1258 2392 1377 2456 deinde
1403 2408 1505 2469 super
1537 2394 1720 2470 praemissis
1748 2395 1783 2457 et

982 2487 1160 2565 abisquae
1182 2489 1224 2550 ad
1248 2488 1520 2551 reformationem
1542 2490 1669 2551 ordinis
1683 2505 1783 2568 speo-

981 2584 1054 2645 tare
1092 2586 1287 2658 noscuntur,
1328 2585 1519 2663 inquiratis,
1556 2587 1781 2663 appellatione

126 1877 180 1934 Ad
206 1874 364 1936 abbatem
388 1876 693 1938 Pontiniacensem
708 1875 927 1938 Acinstodo-

165 1975 281 2032 ransis
303 1975 459 2034 diaecesis
482 1971 516 2033 et
536 1976 695 2048 pitaram
712 1974 830 2036 sanccii
848 1975 927 2034 Vic-

168 2067 494 2130 tbmrPartstcnsts.

423 2188 520 2261 dian.
545 2189 625 2248 talc.

115 2332 117 2336 ·
139 2302 261 2367 [lingent.
274 2302 320 2353 lib.
334 2303 365 2362 ll,
378 2303 451 2368 epist.
462 2300 516 2354 788.
531 2303 589 2354 llas.
601 2305 637 2354 lm
648 2303 725 2354 Porta
735 2301 770 2354 du
780 2301 866 2364 Tbstlt
878 2302 910 2354 et.

280 2383 419 2448 Maurique,
428 2382 496 2434 Anu.
510 2381 582 2446 Cist,
592 2387 611 2432 t.
621 2382 664 2438 tv.
675 2381 778 2448 plati]

173 2487 218 2548 Ad
233 2489 469 2548 Grandlmouten.
483 2489 689 2546 monasterium
704 2487 885 2559 accedentes,

311 2576 348 2636 de
363 2576 567 2636 reformatione
581 2577 737 2650 inquirant.

165 2685 345 2754 Honorius,
367 2686 444 2758 ete,
456 2685 589 2746 dilectis
605 2683 684 2746 tiliis
700 2683 813 2748 abbati
832 2687 926 2748 Pon-

126 2781 284 2845 tiniacen.
294 2783 486 2845 cistercien.
500 2781 641 2855 ordinis,
654 2782 928 2844 Autissiodoren-

127 2879 175 2940 sis
188 2879 352 2954 dioecesls,
369 2881 403 2942 et
416 2879 520 2956 priori
533 2880 647 2942 Sancti
663 2879 810 2942 Victoris
825 2881 926 2942 Parl-

128 2991 304 3138 Slelinisliasctis
329 3074 409 3136 tiliis
442 3074 611 3137 willelmo
640 3076 681 3137 de
708 3073 925 3148 chaumonte,

981 2682 1119 2754 remota,
1137 2681 1268 2758 plenius
1280 2683 1467 2755 nemimem,
1484 2698 1580 2760 opem
1593 2684 1626 2746 et
1644 2699 1780 2762 operam

981 2778 1187 2852 adhibentes,
1202 2781 1239 2840 ut
1253 2781 1325 2842 baec
1341 2779 1463 2840 ibidem
1485 2783 1547 2858 per
1567 2782 1779 2844 concordiam

980 2877 1212 2949 terminentur,
1239 2893 1313 2956 qum
1335 2877 1363 2938 si
1393 2877 1479 2938 torte
1504 2879 1682 2954 provenire
1710 2896 1779 2943 non

981 2969 1117 3050 poterit,
1152 2973 1336 3052 injungatis
1368 2974 1511 3050 clericis,
1542 2977 1628 3054 quod
1667 2991 1710 3039 ex
1741 2993 1780 3040 se

981 3070 1074 3144 duos,
1092 3073 1124 3133 et
1138 3072 1310 3133 conversis
1328 3071 1364 3134 ut
1376 3087 1419 3133 ex
1434 3087 1470 3133 se
1485 3073 1622 3135 totidem
1643 3074 1777 3152 plenum

128 3173 162 3234 et
175 3173 274 3234 Petro
294 3171 335 3234 de
357 3175 513 3234 Brunanc
538 3171 753 3250 presbyteris,
780 3173 926 3235 cleriac-
981 3168 1172 3232 mandatum
1187 3169 1349 3232 babentes
1362 3185 1463 3248 super
1476 3170 1645 3248 praedictis
1666 3175 1778 3237 omni·-

127 3285 220 3342 rum,
250 3270 284 3332 et
314 3269 457 3331 Guidoui
490 3269 531 3330 de
565 3271 721 3343 Brizana,
749 3268 926 3332 duillelmo
980 3265 1051 3338 bus,
1069 3280 1143 3343 quae
1156 3267 1197 3327 ad
1209 3267 1480 3328 reformationem
1494 3271 1688 3346 respiciunt,
1705 3271 1777 3334 sive

125 3365 297 3440 Lespinaz,
319 3363 455 3426 Giraldo
479 3364 521 3425 de
538 3363 709 3435 Beiraure,
736 3365 769 3426 et
788 3364 925 3426 Giraldc
981 3362 1016 3423 in
1030 3363 1159 3438 regula,
1175 3364 1247 3426 sive
1261 3364 1458 3440 privilegiis,
1473 3365 1527 3427 vel
1546 3367 1775 3443 indulgentiis,

90 3455 98 3478 ⁴
126 3461 218 3524 colet
248 3459 355 3532 laicis,
390 3475 627 3522 couversarum
649 3460 924 3522 Grandimonten.
980 3463 1014 3520 et
1027 3461 1167 3532 caeteris,
1184 3476 1258 3537 quae
1282 3461 1441 3538 praedicta
1460 3463 1667 3538 contingunt,
1690 3465 1779 3528 inira

125 3557 252 3620 ordinis
267 3555 551 3634 procuratoribus,
567 3556 602 3618 in
616 3558 732 3619 nostra
747 3559 925 3634 praesentia
980 3558 1108 3618 certum
1131 3557 1261 3634 tempus
1298 3557 1572 3634 praeligenduma
1603 3559 1708 3634 vobis,
1736 3563 1779 3624 ad

123 3653 322 3726 constitutis,
334 3653 397 3716 fuit
408 3669 469 3732 pro
479 3669 717 3716 conversorum
731 3654 827 3732 parte
846 3655 927 3732 peti·
980 3655 1194 3730 praesentiam
1207 3654 1355 3716 nostram
1370 3671 1445 3716 curn
1460 3656 1687 3734 inquisitionis
1704 3674 1779 3737 pro-

123 3752 194 3814 tum
219 3749 378 3830 quasdam
411 3753 543 3813 nostras
565 3750 792 3827 indulgentias
822 3767 925 3813 revo-
980 3763 1077 3812 cessu
1091 3751 1326 3824 transmittant,
1338 3754 1505 3830 recepturi
1520 3769 1580 3831 per
1589 3755 1679 3832 ipsos
1691 3756 1778 3834 quod

124 3850 206 3922 cari,
232 3864 305 3926 qum
326 3847 597 3926 proponebantur
616 3862 676 3926 per
698 3847 925 3924 obreptionem

123 3945 229 4007 nimia
247 3945 364 4007 contra
385 3945 535 4022 ipsorum
553 3945 716 4020 regulam,
736 3945 924 4022 privilegia,

124 4043 157 4106 et
171 4040 397 4118 indulgentias
412 4041 719 4118 sedisapostolicae
734 4041 923 4120 impetrata.

123 4142 246 4201 Verum
261 4139 456 4216 persultare
479 4153 537 4200 eos
556 4138 720 4217 repellere
743 4139 922 4213 nitebatur,

123 4235 272 4313 allegans
293 4237 386 4314 ipsos
412 4251 472 4314 per
490 4237 683 4298 eorumdem
706 4237 864 4314 priorem,
891 4239 925 4300 et

121 4333 346 4396 venerabilem
353 4333 492 4395 tratrem
506 4333 921 4397 nostrum...1emovioen.

121 4431 311 4508 episcopum
325 4431 526 4494 auctoritate
538 4431 731 4508 apostolica
753 4447 828 4495 esse
848 4434 924 4495 vin-

122 4529 196 4588 culo
212 4527 569 4592 excommunicationis
582 4527 774 4602 adstrictos,
784 4545 825 4592 eo
835 4531 922 4608 quod

123 4624 230 4699 ipsum
245 4625 391 4701 priorem
416 4626 452 4688 et
466 4627 626 4704 quosdam
646 4627 786 4688 clericos
809 4627 923 4689 multis

123 4720 256 4796 injuriis
284 4719 477 4796 affecerunt,
506 4723 540 4786 et
568 4724 702 4786 eosdem
742 4723 923 4787 detinendo

122 4817 271 4893 captivos
286 4817 458 4894 fregerunt
472 4821 623 4897 quaedam
645 4821 919 4886 (trandimonten.

123 4913 239 4976 domus
254 4914 340 4976 ostia
353 4914 528 4988 uiolenter,
544 4920 736 4980 amoventes
758 4918 921 4982 officiales

122 5009 224 5073 certis
237 5023 298 5087 per
311 5009 457 5086 priorem
470 5010 591 5073 officiis
605 5013 791 5090 deputatos,
805 5015 839 5078 et
851 5016 921 5078 the·

980 3863 1082 3924 super
1114 3849 1158 3909 iis
1189 3848 1376 3926 inspirante
1410 3851 1550 3913 Domino
1584 3852 1779 3915 duxerimus
1845 3846 1850 3858 ’

979 3945 1229 4022 providendum.
1245 3949 1363 4008 Datum
1377 3947 1534 4010 Laterani
1547 3951 1644 4012 nonis
1653 3954 1779 4029 janua-

979 4042 1022 4102 rii
1036 4043 1248 4120 pontificatus
1262 4043 1367 4108 nostri
1387 4061 1477 4106 anno
1498 4047 1655 4110 secundo.

1344 4229 1414 4317 bil

1031 4371 1084 4431 Ad
1097 4371 1252 4432 abbatem
1266 4371 1301 4432 et
1311 4371 1520 4464 convectam
1537 4371 1720 4435 Vobcriaa.

1170 4471 1326 4530 diaecesis
1346 4469 1583 4546 Liapoacasts.

1286 4589 1304 4648 c
1313 4589 1373 4663 jan.
1389 4591 1468 4649 1118.

1007 4703 1117 4767 [liegest.
1130 4703 1176 4755 lib.
1188 4705 1219 4764 ll,
1234 4705 1309 4770 epist.
1319 4705 1375 4756 811.
1389 4706 1447 4755 llos.
1465 4706 1502 4756 La
1512 4707 1589 4758 Porto
1600 4707 1635 4758 du
1649 4709 1742 4773 rasit]

976 4809 1215 4883 Compositionam
1229 4811 1265 4870 de
1277 4811 1413 4959 munitm
1438 4815 1597 4872 Innocentii
1612 4816 1652 4872 lll
1667 4815 1774 4874 lacum

1291 4915 1346 4958 oon
1369 4908 1453 4959 rmat..

1014 5013 1193 5086 Honorius,
1210 5016 1286 5088 etc,
1308 5014 1438 5077 dilectis
1457 5014 1574 5076 liliis...
1598 5015 1712 5079 abbati
1739 5019 1773 5080 et

121 5121 221 5170 sauro
231 5107 565 5185 ecclesiacoccupnto,
578 5109 713 5172 domum
724 5113 919 5174 monasterii
975 5111 1153 5173 conventui
1166 5111 1337 5174 Volterian
1354 5156 1362 5184 ,
1380 5111 1562 5188 lingonen.
1578 5113 1742 5176 dioecesis.

121 5205 313 5267 munierunt
335 5205 488 5282 personis
515 5205 730 5268 saecularibus
752 5211 786 5270 et
808 5225 920 5272 arma-
951 5265 952 5268 ,
988 5208 1098 5282 ,Quia
1112 5207 1496 5290 labentlumtemporum
1515 5225 1634 5272 cursus
1655 5227 1770 5275 eorum

119 5305 180 5380 tis;
191 5303 258 5366 alia
273 5301 651 5365 nibilominusenormia
665 5305 915 5370 comnenus.
974 5321 1049 5385 quae
1061 5307 1223 5384 geruntur
1235 5307 1430 5369 memoriam
1443 5323 1555 5369 secum
1572 5309 1671 5386 rapit,
1689 5323 1771 5372 con-

120 5404 199 5462 llaec
211 5401 323 5463 autem
337 5415 417 5479 pars
430 5399 572 5466 aduersa
584 5400 738 5477 negabat,
756 5402 917 5481 maclous
950 5405 1024 5489 ¹tra
1059 5403 1237 5465 oblivionis
1263 5403 1506 5467 incommodum
1541 5408 1769 5472 necessarlum

121 5496 207 5573 quod
218 5498 396 5576 antequam
409 5497 502 5574 prior
516 5497 686 5575 predictis
700 5497 917 5576 indulgentiis
949 5492 953 5567 ξ
972 5503 1022 5563 est
1033 5501 1214 5563 remedium
1230 5502 1481 5580 scripturarum,
1498 5519 1540 5565 ne
1555 5503 1630 5567 lites
1641 5505 1769 5583 judicio

122 5593 280 5668 uteretur,
315 5595 479 5672 exparte
518 5609 755 5659 conversorum
787 5595 851 5660 brit
883 5598 915 5659 ei

948 5648 951 5661 .
970 5598 1023 5660 vel
1036 5599 1213 5662 concordia
1224 5599 1422 5674 terminatae,
1436 5599 1472 5662 in
1484 5601 1640 5666 recidivae
1652 5619 1766 5681 quaes-
