4200 6404
162 251 225 314 sol
613 249 783 314 xxv1.-
797 249 842 312 IN
866 251 994 313 FESTO
1018 251 1168 314 SANC'I'I
1188 251 1368 312 NICOLAI.
1759 260 1820 318 302

163 426 242 474 mm
265 408 436 488 depellens
455 409 694 482 infirmitatem,
709 409 874 478 sccundus
888 423 989 474 res-÷
1018 425 1129 484 suum,
1157 409 1288 490 quaudo
1320 409 1509 476 revertatur
1536 427 1556 476 a
1589 413 1725 492 nuptiis.
1751 419 1820 480 leta

163 511 293 572 tituem
307 508 496 582 sanitatem,
512 508 630 572 tertius
645 522 848 574 conservans
858 509 964 572 liber·
1021 508 1165 586 quinque
1178 508 1218 569 de
1233 507 1352 586 quibus
1367 509 1449 571 dicit
1463 511 1578 584 David,
1595 512 1741 576 liberant
1757 531 1819 578 nos

162 609 279 670 tatem.
295 607 428 670 Primus
450 607 586 670 mandat
606 608 780 680 medelam,
801 608 965 672 eccardus
1020 605 1062 668 ab
1077 606 1278 671 adversitate
1303 607 1336 670 et
1361 607 1403 670 ab
1422 609 1609 687 iniquitate,
1625 612 1658 674 et
1685 612 1820 676 tirmant

162 707 343 778 cautelam,
357 705 474 768 tertius
490 706 638 768 tutelam.
654 706 816 770 Medelam
837 706 963 778 morbo,
1020 719 1080 766 uos
1098 704 1135 766 in
1150 704 1277 767 coelesti
1292 705 1483 780 stabilitate,
1500 707 1533 769 et
1551 709 1699 785 dirigunt
1719 725 1817 774 men-

162 804 331 867 cautelam
352 803 450 876 dono,
471 804 609 868 tutelam
630 805 778 882 premio.
796 806 861 868 iste
887 805 964 881 gla-
1017 802 1069 871 ,tes
1092 805 1222 866 nostras
1238 803 1279 864 ad
1294 803 1497 866 desiderium
1517 823 1626 880 suum,
1642 807 1675 870 et
1691 811 1819 884 ponunt

32 947 36 950 Δ
162 903 963 979 diusestauutusetlimatusjuxtaEzecb'ielom,
1019 899 1304 964 laudemsuamin
1320 904 1531 966 osnostrum.

161 1000 303 1078 grandis
317 1001 349 1062 et
363 999 458 1063 tortis
472 1002 569 1078 Juxta
584 1001 715 1064 isaiam.
732 1002 900 1064 Exacutua
914 1003 965 1066 est
1058 1000 1218 1062 Dominus
1235 999 1296 1062 trit
1318 1000 1360 1062 ad
1379 1002 1523 1079 nuptias,
1540 1003 1672 1081 quando
1687 1021 1747 1081 por
1761 1009 1818 1068 In-

162 1099 209 1161 ad
223 1098 305 1162 vitia
330 1098 525 1172 resecanda,
547 1098 682 1162 limatus
706 1100 820 1164 estad
846 1103 963 1164 osten·
1019 1097 1222 1160 carnationis
1245 1097 1440 1176 mysterium
1468 1100 1570 1166 ooelos
1602 1103 1762 1176 ascendit,
1785 1105 1825 1166 ot

159 1197 275 1258 denda
289 1196 455 1258 malorum
469 1197 644 1274 supplicia,
661 1196 756 1262 tortis
771 1199 824 1261 est
841 1199 883 1260 ad
906 1199 963 1260 in·
1019 1194 1189 1272 copulavit
1201 1194 1265 1258 sibi
1279 1196 1448 1260 coelestem
1462 1199 1660 1262 Jerusalem.
1672 1201 1772 1264 Venit
1785 1202 1819 1264 ot

161 1294 331 1358 sinuantia
353 1295 520 1372 praecepta
543 1295 669 1367 divina,
692 1297 829 1372 grandis
850 1298 903 1360 est
922 1297 964 1360 ad
1017 1291 1131 1368 pulsat
1155 1293 1287 1371 quando
1320 1307 1381 1370 per
1405 1294 1632 1360 infirmitatem
1666 1300 1817 1375 corporis

160 1392 366 1456 declaranda
380 1393 517 1471 praemia
531 1393 744 1471 sempiterna.
1018 1390 1157 1454 mortem
1184 1391 1330 1454 vicinam
1362 1392 1553 1456 denunciat.
1583 1395 1762 1458 Confestim
1785 1398 1818 1460 ei

206 1491 364 1569 &quitur
387 1510 396 1552 ε
427 1491 468 1553 Et
495 1490 614 1568 palmas
641 1491 861 1568 triumphales
886 1491 965 1554 suut
1016 1487 1197 1565 aperituri
1220 1504 1297 1552 eum
1312 1505 1388 1550 cum
1401 1490 1525 1567 gaudio
1547 1493 1697 1570 suscipit.
1715 1497 1817 1558 Beati

163 1588 326 1662 victoria,
342 1603 426 1666 quas
450 1587 645 1651 habebimus
664 1589 705 1651 de
724 1589 870 1652 inimicis
884 1605 965 1658 nos·
1012 1587 1218 1650 sumserat
1243 1590 1309 1659 itti,
1332 1603 1418 1662 quos
1431 1603 1512 1652 cam
1538 1592 1676 1654 venerit
1699 1595 1819 1656 Domi-

162 1687 238 1750 tris.
256 1687 385 1748 Inimici
400 1687 505 1749 nostri
519 1687 598 1750 sunt
610 1687 762 1750 bomtues
777 1687 834 1766 qul
845 1689 965 1751 advar-
1016 1699 1096 1756 mtc,
1112 1685 1287 1748 invenerat
1300 1687 1484 1762 viaticates
1498 1685 1592 1767 (Luc.
1608 1703 1670 1762 ¹11,
1684 1687 1819 1770 37).Vi·-

160 1787 285 1846 santur
308 1783 404 1846 nobis
430 1785 465 1846 in
490 1785 545 1846 ria
564 1785 642 1852 Dei,
658 1785 754 1858 idest,
779 1785 815 1846 in
840 1787 963 1850 mundo
1011 1781 1125 1857 girant
1141 1781 1231 1844 servi
1246 1783 1303 1862 qui
1327 1783 1362 1846 in
1385 1783 1480 1846 bonis
1501 1786 1657 1864 operibus
1681 1788 1817 1852 solliciti

162 1883 242 1955 isto,
259 1883 294 1945 ct
314 1898 428 1944 omnes
448 1883 627 1955 daemonas,
642 1883 721 1960 quia
739 1883 963 1960 judicabimus
1019 1879 1203 1942 sentires
1217 1881 1352 1958 nuptias
1376 1880 1454 1944 iecit
1476 1884 1635 1946 Dominus
1652 1884 1712 1946 :iu
1731 1899 1815 1946 con-

163 1996 235 2052 eos,
246 1982 281 2042 et
294 1979 490 2041 habebimus
504 1980 539 2042 in
549 1980 712 2057 potestate
723 1981 837 2044 nostra
849 1997 963 2044 omnes
1012 1977 1190 2054 junctione
1214 1979 1383 2048 Ecclesiae,
1399 1979 1434 2042 in
1454 1981 1689 2058 conjunctione
1709 1983 1816 2046 tidelis

153 2077 378 2140 adversarios
398 2079 542 2151 nostros,
563 2079 658 2151 idest,
675 2079 854 2142 damonae.
869 2080 963 2142 Unde
1018 2075 1149 2148 animae,
1164 2077 1200 2137 in
1213 2077 1467 2142 conversatione
1481 2079 1625 2142 coelestis
1635 2080 1763 2157 patriae.
1780 2084 1816 2142 ln

161 2175 200 2237 in
210 2175 434 2253 Apocalypsi:
453 2179 526 2238 tht
535 2177 675 2239 turbam
683 2191 848 2254 mapsam
858 2193 963 2253 quam
1017 2173 1253 2251 conjunctione
1280 2175 1450 2249 Ecclesiae,
1475 2177 1607 2254 quando
1642 2178 1818 2242 inclinavit

158 2277 502 2336 &amurcarum
513 2275 651 2349 potarat
663 2289 710 2336 aa
719 2278 964 2352 manducarit»
1018 2272 1119 2334 coelos
1133 2273 1167 2334 et
1181 2271 1362 2345 descendit,
1373 2273 1468 2346 idest,
1483 2275 1615 2352 quando
1630 2276 1768 2339 intrarit
1781 2277 1816 2338 in

162 2371 267 2444 tibur,
277 2372 312 2433 ct
317 2376 455 2446 populis
467 2372 503 2434 ct
517 2373 670 2434 trtbatdus
684 2373 963 2450 etttnputsmtun·
1018 2369 1147 2431 uterum
1162 2369 1322 2447 Virginis.
1338 2372 1431 2434 Unde
1445 2372 1479 2433 in
1492 2375 1672 2450 Evangelio
1687 2397 1695 2436 ε
1709 2377 1818 2437 Exivi

163 2471 219 2531 tes
235 2471 317 2532 ante
330 2470 540 2532 tironumta
553 2470 735 2546 conspectu
743 2473 833 2547 spat
844 2472 964 2534 caricis·
1016 2467 1159 2530 aratra
1173 2469 1207 2530 ct
1220 2471 1300 2530 verat
1310 2472 1348 2530 ta
1359 2474 1527 2532 arcuatum
1535 2467 1645 2550 (toan.
1662 2485 1731 2545 xri,
1746 2471 1812 2552 28),

160 2569 261 2630 stolis
275 2567 370 2640 abts,
392 2569 427 2630 et
447 2571 573 2643 palmer
593 2571 630 2630 ta
658 2571 817 2633 mortibus
833 2573 964 2632 'cerum
1016 2563 1051 2625 et
1067 2564 1147 2628 tunc
1161 2565 1335 2642 conjunxit
1356 2565 1421 2628 sibi
1443 2567 1639 2630 Ecclesiam.
1656 2570 1732 2646 Ipse
1753 2569 1818 2631 suit

161 2663 281 2744 (Apoo.
309 2679 369 2739 vn,
385 2661 431 2744 9).
456 2665 568 2727 Turba
593 2665 698 2728 multa
728 2681 887 2728 numerus
913 2668 963 2742 pst
1017 2675 1159 2737 sponsus
1186 2661 1220 2724 at
1245 2661 1393 2724 Ecclesia
1421 2661 1484 2724 tuit
1507 2677 1642 2740 sponsa,
1664 2665 1814 2728 convivae

151 2763 357 2832 electorum,
371 2763 427 2840 qui
440 2779 516 2825 uum
535 2763 665 2826 Christo
689 2764 830 2841 regnant
843 2765 881 2826 tn
894 2781 964 2827 effi.
1007 2756 1153 2820 inerunt
1163 2759 1325 2836 Apostoli,
1341 2754 1486 2824 annulus
1501 2760 1593 2822 tides.
1609 2764 1647 2823 ln
1662 2765 1817 2841 coniunc-

160 2860 207 2920 lls
227 2873 272 2921 es
293 2859 446 2922 omnibus
473 2859 628 2936 gentibus
649 2862 686 2922 ct
710 2861 845 2937 linguis.
877 2863 962 2926 sunt
1015 2855 1107 2923 cous
1125 2855 1234 2920 fidelis
1254 2857 1386 2932 anima,
1402 2858 1534 2936 quando
1554 2859 1698 2936 spiritus
1712 2862 1818 2922 Sano-

161 2957 278 3020 amioti
292 2957 388 3020 stolis
401 2956 487 3019 albis
502 2959 559 3036 qui
572 2957 695 3021 haberit
714 2959 837 3021 animae
855 2959 963 3022 beati·
1016 2953 1069 3016 tus
1088 2953 1234 3016 infundit
1255 2955 1397 3032 gratiam
1417 2972 1523 3030 suam,
1540 2957 1577 3018 ut
1599 2963 1817 3035 recognoscat

160 3056 322 3129 tudinem,
339 3055 399 3117 sed
412 3055 521 3118 adhuc
535 3057 713 3133 expectant
726 3057 831 3120 aliam
842 3057 962 3120 stolam
1016 3051 1206 3116 Creatorem
1230 3068 1326 3114 suum
1356 3052 1510 3116 iaciendo
1533 3053 1621 3117 bona
1643 3071 1756 3133 opera,
1783 3059 1816 3118 ct
1927 3055 1930 3061 “

161 3154 200 3214 ln
218 3153 422 3216 beatitudins
437 3153 598 3232 corporis.
611 3154 735 3218 Palmae
749 3153 785 3216 in
808 3155 963 3220 manibus
1015 3149 1094 3212 tuuc
1114 3151 1287 3228 conjungit
1305 3167 1379 3212 eam
1398 3151 1473 3213 sibi.
1498 3155 1537 3216 lu
1562 3154 1815 3220 couversatione

161 3253 290 3324 eorum,
318 3251 415 3325 idest,
440 3251 581 3314 victoria
608 3252 648 3314 de
669 3251 817 3316 inimicis
838 3253 961 3315 nostris
1016 3247 1160 3310 coelestis
1173 3249 1303 3326 patria,
1316 3249 1448 3326 quaudo
1463 3251 1536 3327 post
1550 3251 1714 3330 judicium
1730 3268 1815 3314 oon·

161 3365 224 3427 pro
236 3348 389 3411 omnibus
403 3347 570 3427 operibus.
582 3350 628 3412 Et
638 3365 699 3413 vos
711 3354 846 3413 stmitcs
856 3354 962 3415 tomi.-
1015 3346 1161 3421 gregatis
1177 3345 1331 3408 omnibus
1348 3346 1462 3408 electis
1474 3347 1553 3408 tunc
1567 3347 1726 3425 gaudebit
1740 3365 1816 3410 cum

161 3449 263 3510 nibus
276 3448 550 3522 mpoetauttess.
1016 3459 1137 3520 sponsa
1152 3459 1224 3516 sua,
1241 3443 1327 3506 idest
1340 3444 1500 3506 Ecclesia.
1514 3445 1607 3506 Unde
1616 3447 1814 3523 Apostolus:

203 3545 355 3623 Quinque
365 3545 493 3608 contest
500 3544 596 3608 nobis
607 3545 758 3608 Christus
771 3561 831 3624 pro
844 3561 963 3624 espec
1015 3541 1162 3604 Fratres
1185 3544 1254 3602 mat
1274 3541 1412 3604 statues
1433 3541 1541 3604 estote
1561 3543 1596 3602 et
1613 3546 1814 3617 traawbitcc,

159 3643 300 3713 tatione,
314 3659 413 3721 quam
427 3644 521 3706 breti
536 3659 689 3705 sermone
703 3644 808 3706 David
823 3660 962 3706 enume—
1015 3639 1228 3710 demirantes
1266 3641 1304 3700 tlt
1347 3653 1451 3712 opere
1494 3641 1634 3702 Domini
1675 3655 1816 3716 temper

162 3741 216 3804 rat
240 3740 355 3804 dicens
378 3762 386 3802 ε
408 3741 609 3817 aspectans
636 3742 818 3818 aspectam
843 3745 962 3802 Domi-
1017 3732 1046 3813 (l
1060 3736 1134 3796 Gor.
1148 3751 1205 3808 xv,
1220 3733 1286 3815 58).
1298 3739 1409 3798 Amara
1422 3739 1497 3798 dico
1508 3739 1612 3811 vobis,
1624 3741 1707 3813 quta
1712 3755 1813 3814 prcc-

162 3855 257 3912 aum,
275 3840 309 3902 et
325 3843 398 3915 ipse
414 3839 536 3902 macc
558 3854 614 3901 me
640 3843 682 3904 dc
697 3845 774 3901 tacu
794 3841 958 3902 latrante.
1010 3833 1191 3910 ciupetsc.

162 3939 248 4002 ltccc
266 3953 380 4001 unum.
395 3937 442 3998 Et
462 3940 504 4000 dc
518 3937 591 4000 tuto
609 3939 715 4012 toecm,
734 3951 815 3999 ecce
839 3953 966 3999 secun·-
1007 3983 1013 3992 .
1056 3931 1203 4008 Quatucr
1223 3931 1300 3994 sunt
1318 3947 1392 4010 quaa
1407 3931 1507 3994 iaciat
1521 3933 1681 3996 Dominus
1698 3955 1705 3996 ε
1723 3951 1813 4012 prae-

161 4034 252 4095 dum.
265 4035 312 4096 Et
331 4036 452 4096 statutt
468 4050 576 4110 super
586 4035 725 4109 petrum
737 4038 841 4108 pedae
852 4049 958 4107 accos,
1016 4028 1125 4104 cinget
1149 4045 1195 4102 se,
1216 4029 1317 4092 iaciat
1336 4029 1413 4092 illos
1428 4030 1647 4105 discumbere,
1661 4033 1817 4096 transibit

162 4147 241 4195 ecco
252 4133 398 4194 tertium.
411 4133 458 4194 Et
470 4133 603 4194 diremit
613 4147 756 4210 pressus
768 4147 961 4205 meos,acoe
1015 4127 1048 4188 et
1061 4127 1275 4190 ministrabit.
1295 4129 1483 4205 Praeciugct
1502 4144 1549 4202 se,
1570 4129 1666 4202 idest,
1683 4146 1816 4208 praepa-

162 4230 331 4308 quartum.
342 4231 388 4291 Et
402 4229 547 4294 immisit
560 4233 598 4292 ta
611 4245 650 4294 os
659 4245 776 4292 meum
788 4231 961 4292 canticum
1014 4225 1107 4301 rabit
1116 4225 1158 4286 ad
1171 4224 1435 4288 retributionem.
1451 4226 1566 4288 Faciet
1579 4226 1656 4288 illos
1668 4227 1816 4290 discum-

161 4343 291 4390 ncvum
307 4325 443 4407 (raso,
458 4329 487 4402 1,
504 4326 549 4407 4),
566 4343 647 4390 ecce
667 4327 828 4406 quintum.
851 4331 960 4390 Lacus
1003 4321 1104 4393 bero,
1121 4322 1216 4396 idest,
1239 4323 1275 4384 in
1296 4321 1421 4384 aeterna
1441 4323 1552 4400 quiete
1572 4323 1726 4386 refoveri.
1746 4327 1817 4388 Dis·

161 4425 307 4488 miseriae
326 4428 376 4489 est
389 4425 559 4488 tribulatio
574 4423 749 4502 praesentis
770 4423 960 4490 adversita·
1015 4420 1170 4482 cumbere
1183 4420 1304 4498 quippe
1315 4422 1466 4482 nostrum
1475 4421 1511 4482 in
1521 4423 1816 4500 regno,quiesoera

160 4525 218 4588 tis.
235 4524 357 4590 Lutum
369 4523 460 4586 faecis
475 4524 526 4586 cst
545 4523 685 4601 pollutio
697 4523 897 4601 iniquitatis.
914 4527 960 4586 De
1009 4519 1077 4580 ost.
1099 4519 1193 4580 Unde
1215 4533 1349 4580 rursum
1367 4519 1526 4581 Dominus
1547 4519 1651 4583 dicit:
1674 4521 1818 4584 Venient

161 4622 218 4688 bis
230 4621 347 4684 educet
368 4636 428 4687 nos
443 4620 556 4691 diuina
574 4621 693 4699 pietas,
710 4620 843 4699 quando
865 4621 960 4684 nulla
1015 4619 1049 4680 et
1061 4617 1350 4680 rocambcatcum
1361 4620 1536 4680 Abrabam
1547 4619 1581 4680 ct
1596 4621 1742 4684 iccccet
1754 4625 1817 4684 Ju-

161 4720 295 4783 nocebit
307 4719 504 4792 adversitas,
514 4735 576 4782 nec
592 4720 660 4782 ulla
672 4719 884 4785 damnabitur
893 4720 961 4782 ini·
1014 4713 1304 4794 cobtlllattb.r111,
1324 4714 1389 4795 11).
1411 4716 1665 4781 munstravero
1689 4719 1815 4782 dictum

161 4819 283 4896 quitas.
312 4817 358 4879 m
391 4817 516 4880 statuit
544 4833 651 4894 super
685 4819 824 4892 perram
856 4821 961 4893 pedes
1015 4814 1075 4888 est,
1092 4829 1166 4875 cum
1191 4812 1377 4892 dejudicio
1396 4813 1439 4876 ad
1461 4831 1602 4891 regnum
1627 4815 1724 4877 redit.
1740 4817 1813 4886 Vel,

160 4917 376 4980 macareus
390 4915 717 4990 designatouolestem
729 4915 957 4988 stabilitatem,
1015 4911 1105 4972 certe
1120 4913 1279 4974 Dominus
1301 4912 1397 4974 nobis
1412 4913 1486 4990 post
1499 4913 1663 4989 judicium
1678 4914 1809 4988 transit,

162 5027 380 5090 superquam
403 5011 594 5074 statuuntur
611 5012 723 5087 pedes,
742 5011 840 5084 idest,
856 5011 961 5074 affec-
1015 5009 1093 5086 quia
1122 5007 1163 5069 ab
1186 5009 1401 5071 humanitatis
1430 5009 1537 5072 torma
1567 5011 1603 5070 in
1629 5009 1813 5072 divinitatis

161 5112 215 5172 tus
234 5111 436 5175 sanctorum.
453 5108 650 5184 Diripuntur
663 5122 810 5185 gressus,
826 5109 959 5187 quaudo
1015 5121 1085 5168 suae
1097 5097 1409 5184 contemplationem
1424 5123 1485 5170 nos
1500 5107 1618 5170 elevat.
1633 5107 1812 5182 Transibit,

161 5206 332 5269 desideria
343 5208 535 5271 sanctorum
550 5217 680 5282 semper
690 5208 757 5268 Deo
771 5207 958 5269 intendunt.
1016 5204 1093 5284 quia
1106 5205 1148 5266 ad
1163 5207 1324 5282 majorem
1340 5205 1482 5282 gloriam
1500 5206 1553 5266 sui
1568 5205 1704 5266 luminis
1720 5222 1815 5270 meu-

162 5305 313 5368 lmmittit
329 5305 365 5372 tn
379 5321 416 5368 os
430 5303 597 5367 canticum
610 5317 744 5375 novum,
760 5303 891 5381 quaudo
905 5302 961 5368 da·
1015 5305 1064 5365 tes
1078 5305 1209 5366 nostras
1220 5301 1434 5364 illuminabit.
1456 5303 1554 5366 Modo
1570 5303 1660 5364 enim
1674 5305 1732 5366 vix
1748 5303 1813 5368 lia-

160 5405 217 5465 tur
244 5403 295 5464 ais
323 5419 383 5480 pro
417 5401 549 5464 meritis
580 5400 794 5464 innovatione
824 5401 961 5464 laudare
1015 5401 1131 5464 bemus
1157 5401 1290 5464 tenum
1313 5399 1444 5462 radium
1470 5401 1523 5462 sui
1548 5400 1696 5463 luminis.
1722 5404 1815 5466 Tunc

161 5503 277 5564 Deum.
293 5503 373 5563 limo
393 5503 471 5564 sunt
493 5499 638 5577 quinque
653 5497 740 5563 dona
761 5497 865 5562 tutori
890 5515 957 5562 sse-
1015 5501 1127 5562 autem
1156 5498 1327 5572 transibit,
1358 5497 1490 5578 quando
1519 5498 1721 5563 illuminabit
1753 5515 1814 5565 nos
1949 5547 1953 5560 ‚

161 5599 242 5672 cuti,
258 5615 331 5682 quae
358 5599 478 5664 dantur
501 5595 761 5676 expectantibus
784 5597 961 5660 Dominum
1016 5598 1205 5660 omnimoda
1224 5596 1342 5674 ,gloria
1370 5597 1566 5676 majestatis.
1594 5599 1813 5670 Ministrabit,
