4234 6442
343 334 403 393 463
964 335 1139 398 HONORII
1162 337 1207 397 111
1229 337 1377 398 oraha.
1948 341 2018 400 eoi

343 491 424 552 suis.
442 490 624 554 Ecclesiam
654 493 783 554 Sanctae
810 492 937 556 Mariae.
961 495 1141 558 Ecclesiam
1196 495 1371 558 castellani
1394 496 1428 557 et
1448 494 1489 556 ab
1504 495 1578 573 elus
1592 494 1781 558 hominibus
1802 497 2017 576 acquisistis

343 590 457 652 Sancti
468 589 622 651 Nicholai
630 606 704 652 cum
717 589 854 654 decimis
867 591 949 653 suis.
959 591 1140 654 Ecclesiam
1195 593 1281 656 sicut
1306 594 1341 655 in
1368 593 1469 655 cartis
1490 593 1690 656 authenticis
1709 595 1873 658 coniectis
1898 613 2016 674 super

344 687 456 750 Sancti
470 687 585 750 iacobi
610 687 650 748 de
669 689 763 750 Nova
779 689 898 766 palude
914 706 988 751 cum
1003 691 1139 752 decimis
1195 691 1257 753 hoc
1272 692 1471 760 continetur,
1483 692 1680 754 auctoritate
1695 692 1789 754 vobis
1801 695 2014 772 apostolica

343 786 423 846 suis.
448 787 579 856 Partem
604 787 707 864 sylvae
729 787 771 848 de
795 787 1020 864 Vulverdinga
1040 805 1138 865 quam
1194 789 1439 850 confirmamus.
1463 790 1740 868 compositionem
1761 793 1931 869 praeterea
1954 793 2015 853 in-

341 883 475 945 inolitus
491 884 655 960 quondam
672 885 838 947 Fiandriae
861 887 894 948 et
916 886 1138 948 viromandiae
1194 889 1246 949 ter
1270 903 1328 950 vos
1357 888 1390 948 et
1413 886 1614 949 abbatissam
1643 887 1683 948 de
1699 889 1873 966 Brobborg
1896 907 2013 968 super

341 997 452 1043 comes
465 981 1140 1062 Philippusvobisiueleemosynamdedit
1193 983 1344 1047 terminis
1368 983 1535 1061 parochiae
1556 985 1676 1054 vestrae
1700 986 1741 1048 de
1755 1003 1900 1049 assensu
1919 1005 2012 1065 par-

341 1081 374 1141 et
388 1080 581 1156 scriptosuo
595 1081 803 1142 confirmavit
818 1082 946 1159 etquod
961 1082 1137 1145 adilberto
1193 1083 1274 1144 tium
1301 1082 1434 1150 iactam,
1459 1083 1546 1144 sicut
1566 1083 1639 1144 sine
1668 1085 1831 1160 pravitate
1855 1087 2009 1164 provide

340 1177 380 1240 de
393 1178 604 1240 haveskerca
620 1194 721 1256 prope
738 1180 887 1241 eamdem
900 1181 1029 1258 sylvam
1043 1180 1137 1242 elee-
1193 1181 1279 1242 iacta
1294 1182 1356 1254 est,
1372 1182 1404 1242 et
1428 1180 1506 1241 hino
1529 1179 1605 1241 inde
1619 1183 1753 1258 recepta
1768 1183 1801 1244 et
1818 1183 1852 1244 in
1870 1185 2008 1261 scripto

340 1291 489 1354 mosyna,
503 1276 668 1354 emptione
678 1277 931 1365 velconcambio
946 1279 1136 1356 acquisistis
1169 1345 1171 1352 ,
1192 1278 1386 1340 authentico
1406 1278 1581 1350 Desiderii,
1604 1279 1769 1355 quondam
1791 1282 2006 1342 Morinensis

339 1375 372 1434 et
400 1373 567 1436 residuam
598 1377 727 1451 partem
756 1375 903 1452 ejusdem
933 1377 1036 1454 sylvae
1063 1393 1137 1454 quas
1192 1376 1352 1452 episcopi,
1363 1375 1560 1448 continetur,
1576 1377 1682 1438 ratam
1698 1375 1860 1438 habemus
1874 1380 1910 1441 et
1922 1395 2005 1440 eam

339 1471 530 1534 extenditur
551 1486 659 1549 usque
682 1471 723 1533 ad
748 1489 865 1534 nemus
879 1474 965 1550 quod
982 1473 1137 1536 Theodo-

338 1570 427 1630 ricus
443 1585 552 1630 comes
567 1569 718 1632 ecclesiae
730 1571 920 1633 vwatinensi
940 1571 975 1632 in
988 1572 1137 1634 oisemo·-

337 1684 453 1745 synam
465 1667 566 1740 dedit,
579 1668 665 1730 sicut
677 1668 711 1730 in
722 1669 845 1746 scripto
854 1669 1026 1731 Baldevini
1041 1671 1137 1731 Flan-

338 1765 419 1828 driae
428 1767 627 1828 etHanoniae
636 1767 805 1829 comitisat
816 1769 1006 1845 Margaritae
1020 1769 1135 1830 uxoris

332 1866 389 1940 jus
406 1865 603 1926 continetur.
619 1867 679 1926 Jus
694 1865 794 1926 etiam
809 1867 842 1927 et
859 1865 1027 1928 libertates
1052 1883 1134 1944 quas

337 1961 372 2021 in
400 1963 523 2023 terram
553 1961 818 2037 Rroburgensem
848 1979 890 2024 ex
920 1965 1134 2026 concessione

337 2058 590 2120 Flandrensium
603 2059 759 2120 comitum
772 2060 913 2133 habetis,
930 2062 1016 2123 sicut
1023 2061 1058 2122 in
1073 2076 1134 2124 eo-

336 2171 410 2216 rum
432 2155 636 2218 authenticis
656 2157 853 2218 continetur.
870 2160 929 2221 Jus
951 2160 984 2221 et
997 2175 1134 2235 posses·

336 2254 447 2314 aiones
471 2269 554 2330 ques
573 2253 704 2317 habetis
727 2255 762 2316 in
790 2256 872 2317 uilla
900 2259 933 2318 et
961 2257 1066 2319 altare
1093 2257 1133 2318 de

335 2351 546 2428 Ligternelda
555 2367 629 2413 cum
641 2353 780 2414 decimis
788 2355 820 2416 et
828 2355 1036 2430 pertinentiis
1049 2355 1131 2416 suis.

334 2451 471 2511 Terram
486 2465 585 2527 quam
608 2450 804 2512 Berwaldus
827 2452 1010 2514 Monkelin
1028 2468 1132 2530 paro·

333 2547 410 2608 chia
425 2547 465 2609 de
476 2548 685 2620 Wolrichen,
700 2550 821 2626 partim
833 2553 969 2628 propter
983 2567 1133 2613 concam

331 2645 434 2718 bium,
451 2646 571 2724 partim
586 2650 721 2724 propter
735 2647 909 2725 pecuniam
929 2649 1132 2711 monasterio

333 2747 443 2806 restro
463 2743 574 2818 dedit;
597 2746 631 2806 et
656 2747 780 2806 terram
806 2745 994 2822 stapelueld
1010 2747 1131 2809 dictam

333 2858 433 2918 quam
449 2856 469 2902 a
488 2842 631 2903 Widone
647 2842 687 2903 de
708 2843 871 2904 Gnisseka
890 2860 950 2922 per
972 2860 1131 2906 concam-

333 2939 424 3002 bium
440 2939 623 3016 acquisitis,
638 2938 714 3001 data
729 2940 759 3000 ei
774 2940 915 3017 quadarn
930 2945 1019 3003 terra
1035 2958 1132 3020 quam

334 3052 436 3116 prope
458 3036 590 3097 domum
618 3037 767 3114 eJusdem
798 3037 981 3101 habebatis.
1015 3041 1132 3102 Totum

334 3135 419 3212 quod
436 3133 476 3195 de
492 3133 589 3194 feudo
604 3133 780 3196 castellani
795 3137 972 3212 Bergensis
985 3137 1018 3200 et
1032 3138 1131 3215 quid-

334 3231 411 3310 quid
434 3230 558 3292 alicubi
578 3231 618 3292 de
637 3233 904 3310 possessionibus
926 3234 1132 3297 feudatorum

334 3329 404 3390 sive
419 3329 669 3392 censuariorum
682 3332 868 3393 vestrorum
880 3333 1083 3410 acquisistis,
1101 3335 1133 3396 et

332 3427 437 3492 toturn
449 3427 535 3504 quod
551 3427 742 3505 acquisistis
764 3429 798 3488 in
814 3428 895 3490 villa
916 3430 956 3492 de
970 3434 1131 3492 Barwar-

333 3526 459 3587 nostem
481 3525 522 3588 de
548 3525 646 3588 leudo
667 3526 834 3588 Baldivini
856 3529 899 3590 de
918 3529 1072 3590 Comines
1101 3533 1133 3592 et

332 3624 446 3685 villam
462 3623 504 3684 de
520 3623 690 3687 danmond
713 3640 788 3686 cum
812 3627 1023 3704 pertinentiis
1049 3627 1129 3700 suis,

332 3726 428 3800 quus
443 3722 651 3786 medietatem
668 3723 818 3785 ecclesiae
829 3725 937 3786 sancti
951 3725 1131 3786 Audomari

333 3819 393 3880 sub
415 3835 526 3880 annuo
546 3835 648 3880 censu
664 3819 837 3881 duodecim
855 3821 1018 3887 librarum
1031 3823 1133 3884 Flan-

1191 1473 1388 1534 auctoritate
1411 1471 1600 1550 Apostolica
1629 1473 1876 1562 confirmamus.
1903 1477 2005 1548 Quod

1191 1571 1300 1632 autern
1315 1571 1355 1632 de
1369 1570 1495 1648 capella
1509 1571 1542 1632 et
1563 1571 1753 1633 coemeterio
1769 1575 2001 1649 Leprosorum

1190 1667 1230 1728 de
1243 1667 1412 1745 Brobborg
1435 1684 1456 1729 a
1470 1668 1603 1741 Milone,
1621 1669 1869 1746 praedecessore
1884 1671 2002 1746 ipsius

1191 1765 1348 1844 episcopi,
1370 1765 1614 1829 rationabiliter
1635 1769 1793 1829 statutum
1809 1769 1859 1828 est
1877 1771 1911 1830 et
1935 1785 2002 1830 suo

1190 1863 1312 1940 scripto
1340 1863 1518 1936 firmatum,
1549 1864 1793 1937 confirmamus,
1820 1868 1853 1928 et
1882 1869 2000 1928 ratum

1190 1976 1324 2022 manere
1339 1977 1524 2033 censemus,
1541 1961 1587 2024 ita
1605 1962 1760 2024 videlicet
1774 1965 1809 2024 ut
1824 1962 1860 2024 in
1874 1965 2000 2025 eadem

1189 2059 1315 2136 capella
1330 2060 1488 2136 Leprosis
1502 2060 1629 2120 tantrnn
1647 2061 1679 2122 et
1692 2060 1755 2120 sibi
1768 2061 2000 2123 servientibus

1189 2157 1337 2217 divinum
1351 2156 1537 2218 celebratur
1547 2157 1704 2223 cilicium,
1717 2160 1815 2235 atque
1826 2159 1860 2219 in
1875 2176 1999 2220 eorum

1188 2255 1377 2320 coemeterio
1392 2255 1475 2316 nulli
1490 2255 1556 2316 nisi
1577 2255 1641 2333 ipsi
1657 2254 1866 2334 aliquatenus
1884 2260 1996 2319 tumu-

1188 2353 1309 2416 lentur.
1735 2365 1738 2372 '

1229 2455 1264 2513 ln
1280 2450 1628 2530 monasterio'quoque
1643 2453 1756 2515 Sancti
1772 2453 1890 2515 Silvini
1902 2455 1992 2530 apud

1188 2550 1393 2622 alchiacum,
1420 2549 1522 2612 abbas
1544 2553 1655 2612 vester
1679 2551 1734 2628 qui
1757 2567 1815 2629 pro
1838 2552 1996 2628 tempore

1188 2647 1297 2720 luerit,
1314 2649 1474 2726 tanquam
1489 2665 1548 2708 sua
1565 2648 1702 2726 speciali
1718 2649 1787 2710 iilia
1805 2649 1990 2710 secundum

1188 2745 1246 2807 Dei
1275 2746 1425 2807 timorem
1454 2748 1488 2808 et
1520 2745 1610 2808 beati
1644 2746 1816 2808 Benedicti·
1837 2747 1992 2823 regulam

1187 2843 1376 2922 corrigendi
1394 2860 1468 2922 quaa
1494 2844 1690 2920 corrigenda
1713 2847 1790 2906 sunt
1811 2861 1885 2906 cum
1903 2845 1993 2905 reli-

1187 2941 1994 3018 giosorumvirorumconsilioplenamsicutbac-

1187 3041 1282 3100 tenus
1298 3038 1419 3101 habeat
1445 3038 1645 3100 facultatem.
1680 3039 1860 3100 statuimus
1885 3039 1990 3099 etiam

1188 3137 1224 3196 ut
1251 3134 1339 3194 inira
1365 3135 1525 3196 terminos
1549 3135 1783 3212 parochiarum
1799 3136 1990 3196 vestrarum

1187 3231 1299 3292 nullus
1315 3231 1490 3293 ecclesiam
1503 3232 1555 3294 uel
1571 3233 1756 3293 oratorium
1770 3232 1894 3310 absque
1909 3249 1992 3292 vras-

1187 3330 1238 3391 tro
1273 3321 1413 3390 assensu
1451 3329 1617 3390 aedificare
1653 3331 1848 3408 praesumat;
1885 3331 1987 3392 salvis

1187 3429 1297 3489 tamen
1312 3427 1500 3505 privilegiis
1523 3427 1719 3489 Pontificum
1743 3430 1985 3502 Romanorum3

1187 3525 1346 3588 stationes
1359 3528 1469 3587 autem
1482 3525 1632 3603 publicas
1642 3525 1684 3586 ab
1695 3525 1850 3602 episcopo
1866 3525 1900 3587 in
1915 3542 1987 3586 mo-

1187 3624 1333 3685 nasterio
1360 3626 1471 3685 vestro
1498 3623 1581 3696 deri,
1608 3639 1667 3684 seu
1695 3623 1886 3700 episcopum
1908 3623 1985 3684 illuc

1187 3721 1345 3782 accedere
1367 3721 1431 3782 nisi
1453 3721 1494 3782 ab
1520 3721 1638 3782 abbate
1660 3723 1694 3782 et
1711 3719 1871 3782 iratribus
1888 3720 1986 3782 inerit

1186 3820 1343 3881 evocatus
1358 3820 1489 3896 penitus
1505 3818 1728 3896 prohibemus.
1751 3819 1986 3880 Possessioues

332 3917 463 3978 drensis
490 3917 630 3977 monetae
657 3917 817 3994 perpetuo
837 3919 932 3979 vobis
955 3921 1129 3992 concessit,
1187 3923 1347 3996 praeterea
1382 3919 1414 3980 et
1448 3918 1593 3979 decimas
1631 3933 1712 3994 quas
1748 3917 1984 3978 monasterium

332 4015 419 4077 sicut
433 4014 467 4075 in
480 4013 628 4090 ejusdem
643 4015 792 4076 ecclesiae
808 4017 978 4093 praepositi
993 4019 1026 4078 et
1040 4019 1133 4094 capi·
1186 4018 1332 4078 restrum
1361 4031 1379 4077 a
1414 4015 1633 4092 quadraginta
1661 4015 1759 4076 annis
1790 4015 1983 4076 inconcussa

331 4113 393 4174 tuli
425 4113 558 4190 scriptis
588 4113 791 4176 authenticis
816 4114 982 4176 coniectis
1011 4116 1131 4177 exinde
1186 4114 1333 4192 possedit
1347 4114 1380 4176 et
1395 4114 1428 4174 in
1444 4113 1697 4190 praesentiarum
1712 4112 1785 4175 sine
1798 4115 1987 4175 controver-

332 4212 531 4285 continetur,
543 4210 637 4274 vobis
652 4212 869 4274 nihilominus
884 4213 1129 4274 confirmamus.
1186 4212 1236 4273 sia
1250 4211 1408 4289 possidet,
1426 4210 1518 4272 vobis
1534 4213 1566 4272 et
1581 4227 1640 4288 per
1654 4227 1712 4272 vos
1728 4211 1834 4272 eidem
1852 4227 1983 4271 monas-

370 4312 537 4373 Praeterea
564 4311 697 4372 laudum
731 4312 906 4388 sexaginta
948 4311 1130 4374 solidorum
1186 4311 1270 4372 tario
1295 4310 1493 4371 auctoritate
1519 4309 1710 4386 Apostolica
1737 4309 1980 4370 confirmamus.

332 4408 418 4485 quod
443 4409 500 4470 ida
528 4425 548 4470 a
574 4409 724 4472 Waltero
750 4410 791 4470 de
811 4409 923 4470 Stablo
944 4409 1046 4472 tratre
1070 4427 1132 4472 suo
1187 4411 1275 4470 Sane
1290 4395 1459 4469 novalium
1474 4401 1660 4468 vestrorum
1673 4423 1747 4484 quaa
1761 4406 1906 4484 propriis
1920 4423 1983 4468 rua·

332 4506 423 4578 cinit,
450 4506 492 4567 ab
517 4523 557 4568 ea
579 4507 613 4572 in
628 4507 873 4584 eleemosynam
885 4507 980 4568 vobis
993 4523 1133 4570 conces·
1186 4506 1283 4566 nibus
1304 4507 1362 4567 aut
1378 4505 1561 4582 sumptibus
1577 4504 1686 4567 colitis
1706 4504 1777 4565 sive
1801 4506 1841 4566 de
1855 4515 1986 4566 uestro-

333 4620 418 4675 sum,
429 4605 460 4665 et
475 4604 666 4666 comitatum
677 4604 718 4664 de
732 4604 807 4664 Wal
822 4595 1022 4666 etdeBusco
1033 4622 1130 4683 quern
1185 4621 1258 4666 rum
1275 4604 1470 4666 animalium
1495 4603 1707 4664 nutrimentis
1723 4603 1834 4664 nullus
1853 4619 1873 4664 a
1892 4602 1981 4664 vobis

333 4701 523 4762 Willelmus
537 4700 576 4763 de
602 4701 804 4778 Ariendighe
826 4701 859 4763 in
887 4703 1129 4781 eleemosynam
1185 4701 1331 4763 decimas
1355 4702 1490 4777 exigere
1511 4701 1564 4761 vel
1581 4704 1778 4777 extorquere
1793 4703 1978 4777 praesumat.

332 4799 615 4872 vobisconcessit
634 4801 719 4862 sicut
739 4803 827 4862 carta
845 4801 1131 4863 comitisdeWaa
1186 4799 1300 4862 Liceat
1336 4815 1466 4880 quoque
1504 4798 1597 4860 vobis
1631 4799 1770 4860 clericos
1799 4797 1851 4860 vel
1883 4799 1980 4860 laicos

331 4897 452 4974 ringhe
465 4898 590 4959 domini
603 4898 655 4959 sui
667 4899 816 4961 testatur.
828 4900 888 4961 Jus
901 4899 986 4975 quod
999 4899 1035 4960 in
1050 4900 1129 4961 villa
1185 4897 1308 4958 liberos
1329 4899 1362 4958 et
1388 4896 1558 4958 absolutos
1581 4913 1599 4957 e
1621 4895 1734 4958 seculo
1758 4897 1923 4974 rugientes
1942 4896 1978 4958 ad

330 4996 370 5056 de
397 4996 524 5074 hequin
554 4999 675 5074 Symon
703 4997 743 5058 de
777 4996 874 5058 Waal
908 5012 967 5074 per
995 5013 1129 5059 manum
1185 4993 1978 5072 conversionemracipereeteosabsquecontru-

329 5093 470 5156 Walteri
491 5094 604 5156 Boteri
615 5093 738 5156 demini
755 5094 819 5166 sui,
833 5094 957 5156 terram
973 5096 1008 5157 in
1029 5111 1131 5173 paro-
1184 5092 1329 5154 dictione
1341 5093 1453 5170 aliqua
1467 5093 1621 5154 retinere.

329 5192 1128 5278 chiaSanctaeMargaretaeintraburgumsancti
1235 5190 1454 5253 prohibemus
1491 5191 1629 5266 insuper
1655 5189 1692 5250 ut
1726 5189 1811 5250 nulli
1846 5189 1977 5251 irairum

327 5289 507 5353 Andomari
517 5292 684 5368 jacentem
700 5308 799 5369 quarn
813 5291 985 5354 lohannes
1001 5291 1041 5352 de
1057 5292 1129 5352 Sin·
1184 5291 1369 5350 vestrorum
1380 5291 1454 5366 post
1467 5287 1588 5348 tactam
1603 5287 1638 5349 in
1653 5289 1856 5350 monasterio
1872 5292 1976 5350 vestro

327 5389 474 5465 uigilem,
496 5391 528 5450 et
547 5391 671 5452 terram
691 5405 790 5466 quam
806 5389 994 5450 Willelmus
1013 5389 1129 5450 castel·
1184 5386 1423 5462 professionem
1439 5385 1543 5463 possit
1555 5385 1628 5447 sine
1643 5386 1771 5448 abbatis
1785 5386 1838 5447 sui
1848 5386 1976 5447 licentia

326 5485 423 5548 lanus
440 5489 551 5550 Sancti
573 5487 754 5550 audomari
770 5487 857 5548 inter
871 5488 966 5548 vetus
989 5502 1127 5548 monas·
1183 5484 1224 5546 de
1238 5485 1353 5546 eodem
1373 5483 1446 5546 loco
1469 5484 1534 5545 nisi
1556 5485 1711 5546 arctioris
1732 5484 1904 5562 religionis
1919 5483 1976 5545 ob-

326 5584 448 5647 ierium
472 5587 506 5648 et
524 5587 682 5648 Watenes
703 5583 797 5647 uobis
822 5584 857 5644 in
883 5584 1127 5663 eleemosynam
1184 5584 1275 5644 tantu
1301 5582 1490 5657 discedere;
1518 5581 1740 5652 discedentem
1766 5597 1846 5644 vero
1860 5581 1976 5661 absque

325 5684 574 5756 concesserunt,
591 5683 625 5747 et
638 5683 797 5766 quidquid
812 5683 853 5747 de
865 5681 1125 5763 iaudoejusdem
1182 5681 1407 5746 communium
1427 5681 1612 5743 litterarum
1628 5683 1813 5744 vostrarum
1828 5681 1976 5742 cautione
