4234 6408
101 288 165 352 213
743 287 971 352 EPISTOLAE.
994 293 1073 354 LIB.
1097 293 1139 356 1.·

1694 307 1753 375 all

103 447 292 514 certissime
311 449 541 524 cognoscatur,
558 447 687 526 integra
702 453 859 515 maneant
872 453 904 516 et
958 455 1033 516 rent
1046 455 1226 530 asserebat,
1241 456 1343 520 abbas
1354 460 1386 523 et
1401 463 1555 526 monachi
1570 465 1753 532 metuentes

103 548 231 626 quieta,
261 546 480 609 nihilominus
499 546 679 609 inhibendo
701 563 742 610 ne
769 548 842 628 quis
868 550 904 612 in
959 566 1000 612 ne
1014 551 1160 616 libertati
1173 555 1302 633 praelati
1315 561 1510 622 monasterii
1525 565 1635 639 posset
1647 567 1754 628 exin-

104 664 181 708 eum
204 646 263 708 aut
289 660 439 716 uxorem,
455 644 509 706 vel
532 645 694 717 homines,
716 663 776 708 seu
802 649 903 710 etiam
959 649 1136 725 quisitioue
1147 652 1336 732 hujusmodi
1347 659 1576 734 praejudicium
1584 666 1750 739 generari,

103 749 231 809 terram
246 743 299 806 vel
313 742 473 804 familiam
486 759 580 804 suam
593 745 904 808 excommunicatio-
959 748 1109 810 eumdem
1123 752 1312 830 episcopum
1327 753 1368 814 ab
1384 755 1480 818 initio
1496 758 1671 822 admittere
1685 777 1752 824 no-

3 927 4 936 *
104 847 159 910 uis
173 843 228 905 101
242 841 412 904 interdicti
427 843 625 903 seutentiam
638 844 709 904 sine
728 845 903 906 manifesta
958 845 1106 922 luerunt;
1131 849 1187 910 sed
1203 851 1410 928 postmodum
1425 871 1467 916 ne
1481 856 1651 919 videretur
1664 861 1752 937 quod

107 943 142 1008 et
154 939 345 1005 rationabili
367 955 468 1001 causa
481 941 694 1018 promulgare
711 944 900 1018 praesumat.
958 941 1081 1006 habere
1098 947 1222 1008 vellent
1234 950 1384 1012 velamen
1400 953 1535 1015 melitiae
1552 955 1749 1030 libertatem,

3 1045 4 1068 ³
105 1037 306 1104 Discretioni
326 1037 446 1100 uestrae
479 1054 539 1116 per
570 1039 753 1116 apostolica
780 1041 903 1118 scripta
941 1027 1046 1102 'ducti
1062 1041 1272 1119 simplicitate
1288 1062 1348 1106 sua
1359 1052 1611 1122 consenserunt,
1620 1052 1655 1113 01
1664 1052 1752 1115 idem

104 1137 314 1208 mariamne,
340 1136 502 1214 quatenus
533 1153 632 1214 super
654 1137 707 1197 his
733 1153 800 1199 non
825 1153 904 1214 per·
958 1137 1131 1216 episcopus
1155 1141 1340 1218 inquireret
1371 1145 1412 1206 de
1438 1147 1525 1209 statu
1557 1151 1752 1212 monasterii

104 1235 247 1298 mittatis
261 1233 393 1296 eosdem
413 1249 613 1312 aquoquam
632 1251 691 1314 per
703 1235 902 1314 injustitiam
958 1235 1139 1310 saepedicti,
1155 1241 1298 1316 receptis
1318 1243 1410 1318 prius
1429 1245 1616 1320 patentibus
1632 1247 1752 1310 litteris

3 1323 4 1418 i
104 1333 296 1408 molestari3
313 1329 572 1394 contradictores
585 1347 644 1410 per
656 1348 831 1394 censuram
843 1349 902 1396 ec·
957 1329 1142 1408 abeodem,
1164 1337 1250 1413 quod
1278 1354 1339 1414 per
1357 1339 1605 1416 inquisitionem
1628 1345 1751 1422 110100-

3 1505 4 1520 ¹
105 1429 340 1502 clesiastioam,
360 1428 583 1506 appellatione
602 1431 794 1508 postposita,
812 1447 904 1492 com·
957 1428 1651 1516 0011101010000001011001000110100
1684 1459 1751 1504 non

3 1521 4 1552 i
105 1526 286 1604 pascendo.
311 1525 402 1598 Quod
427 1526 456 1586 si
481 1543 548 1588 non
577 1543 702 1600 omnes,
734 1528 809 1601 ete,
837 1528 902 1590 duo
957 1530 1052 1594 deret
1072 1531 1108 1592 10
1127 1531 1284 1594 futurum.
1304 1535 1409 1595 Porro
1429 1535 1753 1616 1101000100000·10-

104 1624 266 1696 vestrum,
280 1623 342 1686 010.
356 1623 474 1686 Datum
487 1625 655 1698 Laterani,
666 1627 726 1687 VII
741 1625 901 1688 kalendas
957 1631 1108 1709 quirente
1127 1630 1215 1692 circa
1238 1647 1414 1708 personam
1434 1633 1562 1696 abbatis
1584 1653 1683 1714 super
1699 1638 1752 1699 di-

104 1719 278 1790 iebruarii,
291 1721 502 1800 pontificatus
516 1722 622 1784 nostri
635 1738 722 1784 anno
736 1723 853 1800 primo.

423 1925 591 2013 CLXXV

106 2121 159 2182 Ad
168 2119 305 2182 abbates
315 2121 350 2182 S.
363 2122 515 2196 Crispini
525 2123 672 2194 11010110
684 2123 718 2184 01
726 2122 762 2186 S.
773 2124 903 2184 101100-

146 2219 202 2280 nts
232 2221 270 2279 tu
300 2220 413 2302 Vincta
443 2218 478 2280 et
500 2221 668 2284 00000010
690 2222 903 2284 10010000·

147 2317 416 2378 8000110001οτ0.

405 2443 440 2502 26
456 2443 516 2516 jun.
538 2443 606 2504 1217

137 2568 259 2635 11100001,
271 2565 319 2619 tib.
331 2567 352 2628 i,
363 2567 437 2632 epist.
451 2565 504 2618 191.
517 2568 576 2618 blas.
592 2569 629 2619 La
640 2567 715 2618 Porta
727 2567 762 2620 du
775 2567 869 2634 Theill.

955 1729 1062 1792 uersis
1090 1727 1252 1800 articulis,
1281 1729 1461 1807 dequibus
1487 1733 1598 1794 nullus
1627 1734 1752 1796 clamor

956 1826 1153 1903 pervenerat
1167 1824 1208 1886 ad
1230 1827 1391 1900 eumdem,
1407 1829 1440 1890 et
1455 1828 1539 1890 alias
1552 1830 1587 1892 in
1602 1831 1749 1909 inquisi-

956 1924 1046 1986 tione
1075 1923 1149 2000 ipsa
1174 1923 1403 1998 multipliciter
1428 1927 1622 2000 excedente,
1649 1929 1751 1990 iidem

957 2021 1058 2083 abbas
1074 2021 1106 2082 et
1116 2022 1296 2082 conventus
1313 2020 1462 2084 ridentes
1477 2025 1562 2100 quod
1576 2026 1751 2102 episcopus

956 2119 1028 2196 ipse
1043 2133 1251 2197 nequaquam
1261 2118 1332 2181 zelo
1342 2120 1550 2194 rectitudinis
1563 2123 1750 2198 duceretur,

958 2217 1076 2278 Sedem
1097 2215 1320 2292 Apostolicam
1345 2217 1566 2294 appellarunt.
1588 2220 1752 2283 Praedicto

957 2329 1036 2388 ergo
1052 2313 1169 2374 abbate
1191 2312 1226 2374 in
1241 2313 1361 2374 itinere
1375 2315 1530 2377 veniendi
1545 2317 1586 2378 ad
1603 2318 1752 2380 nostram

957 2411 1168 2488 presentiam
1207 2410 1397 2482 constituto,
1423 2413 1459 2474 01
1495 2415 1751 2490 appellationem

957 2507 1213 2586 prosequeretur
1247 2507 1420 2582 emissam;
1452 2509 1540 2570 idem
1575 2512 1751 2588 episcopus

957 2605 1104 2680 legitima
1121 2620 1235 2665 eorum
1257 2605 1479 2681 appellatione
1498 2607 1694 2685 contempta,
1715 2610 1751 2670 in

106 2713 143 2771 Ut
158 2708 348 2783 inquiruutde
360 2708 483 2782 quadam
498 2710 637 2768 electione
656 2711 822 2768 monasterii
837 2713 903 2770 Dea

140 2799 295 2872 sanquis
316 2799 465 2872 illegitime
487 2797 561 2856 iacta
581 2798 727 2856 dicebatur
746 2813 782 2856 ex
803 2798 902 2856 ordine

142 2889 232 2962 episc.
253 2887 435 2946 catalaunen.
455 2885 595 2944 etdeinde
615 2885 901 2946 relerentadsedcm

140 2975 347 3050 Apostolicam.

145 3093 326 3165 Honorius,
349 3091 424 3163 eto,
441 3091 571 3153 dilectis
590 3090 668 3152 tiliis
688 3092 902 3156 0000110110-

104 3191 177 3269 pini
200 3189 349 3268 Majoris,
374 3189 407 3250 et
428 3189 534 3254 sancti
563 3190 701 3252 Joannis
730 3191 766 3252 in
786 3191 902 3252 vineis

104 3287 291 3360 abbatibus,
312 3287 346 3350 et
361 3285 487 3348 decano
503 3287 609 3348 sancti
624 3287 774 3348 Gervasii
797 3289 901 3350 Sues-

104 3385 283 3448 sionensis.

145 3481 265 3544 Dilecti
281 3479 341 3542 1111
361 3482 401 3542 A.
421 3479 523 3541 abbas
538 3481 731 3542 monasterii
746 3483 899 3554 Derven„

103 3581 138 3644 et
153 3582 248 3654 Hugo
262 3577 456 3655 procurator
465 3577 646 3640 conventus
659 3578 806 3655 ejusdem
822 3579 899 3651 loci,

103 3677 266 3740 innostra
277 3677 519 3752 proposuerunt
529 3676 708 3751 praeseutia
717 3677 898 3748 constituti,

104 3774 288 3852 quodcum
299 3771 405 3834 felicis
415 3772 583 3833 memoriae
595 3773 807 3834 Innocentius
815 3789 901 3848 papa

104 3871 334 3950 praedecessor
356 3869 471 3930 ,noster
499 3869 577 3930 olim
613 3869 759 3930 audisset
787 3885 901 3930 eorum

103 3966 347 4030 monasterium
372 3981 446 4027 esse
469 3965 610 4026 liberum
638 3965 671 4026 et
701 3967 898 4043 exemptum,

102 4067 137 4127 et
151 4063 370 4126 catalaunen.
398 4063 569 4139 episcopos
585 4049 735 4139 quaeda'm
759 4064 794 4124 in
815 4064 898 4142 ipso,

103 4178 164 4240 par
178 4164 253 4238 eius
269 4159 423 4222 ahbatum
436 4160 611 4234 incuriam,
621 4176 811 4237 usurpasse,
828 4161 900 4238 ipse

103 4260 222 4322 rolens
253 4259 320 4320 tam
347 4257 453 4334 ipsius
489 4258 683 4319 monasterii
714 4259 901 4322 libertatem

104 4372 206 4434 quam
227 4355 426 4431 apostolicae
458 4355 552 4416 Sedis
573 4355 739 4431 justitiam
766 4373 902 4418 conser-

102 4469 198 4523 uare,
225 4451 410 4514 venerabili
433 4451 529 4513 fratri
551 4452 663 4514 nostro
687 4454 899 4514 suessionen.

957 2703 1065 2779 ipsum
1085 2701 1235 2764 abbatem
1257 2701 1483 2778 depositionis,
1500 2704 1533 2765 et
1550 2705 1586 2764 in
1603 2704 1750 2768 fautores

957 2803 1029 2877 ejus
1057 2799 1410 2860 excommunicationis
1445 2802 1642 2863 sententiam
1670 2820 1752 2881 pro·

958 2895 1128 2972 mulgarit,
1138 2897 1336 2973 praecipiens
1347 2898 1678 2960 conventuiutalium
1687 2900 1751 2962 sibi
1782 2969 1786 2978 ,

957 2994 1096 3070 eligeret
1107 2994 1142 3054 in
1155 2992 1317 3056 abbatem.
1326 2994 1365 3056 Et
1376 2993 1454 3056 lieet
1468 2995 1671 3073 prioripsius
1686 2998 1751 3058 loci

958 3090 1310 3154 excommunicationis
1336 3092 1534 3154 sententiam
1558 3095 1752 3171 protulisset

957 3190 1087 3267 publice
1108 3190 1143 3250 in
1158 3190 1323 3252 conventu
1337 3190 1371 3250 in
1390 3205 1503 3253 omnes
1519 3191 1594 3252 illos
1610 3193 1677 3270 qui,
1691 3193 1752 3254 ab·

956 3287 1031 3349 bate
1046 3287 1204 3365 praedicto
1219 3286 1475 3364 appellationem
1487 3305 1585 3366 quam
1595 3291 1753 3352 emiserat

957 3385 1187 3462 prosequente,
1204 3383 1245 3444 ad
1259 3383 1448 3461 huiusmodi
1462 3386 1656 3448 electionem
1670 3403 1751 3464 pro-

956 3482 1074 3543 cedere
1089 3480 1307 3555 attentarent3
1325 3481 1458 3557 quidam
1473 3483 1583 3543 100100
1596 3485 1751 3545 monachi

956 3579 1036 3640 dicti
1051 3579 1116 3640 loci
1138 3578 1271 3639 circiter
1290 3577 1477 3653 quindecim
1497 3580 1554 3640 aut
1568 3579 1748 3654 sexdecim,

956 3693 1057 3753 quum
1076 3675 1143 3736 sint
1164 3675 1339 3750 plusquam
1366 3675 1749 3756 quadragintaquinque

955 3787 1093 3834 numero
1103 3773 1139 3832 iu
1150 3771 1323 3843 conventu,
1336 3772 1544 3848 R.,ejusdem
1559 3773 1623 3836 loci
1634 3791 1752 3838 mona·

956 3871 1067 3942 chum,
1101 3869 1259 3945 praedicta
1294 3870 1637 3933 excommunicatione
1665 3887 1749 3935 con-

955 3968 1089 4044 tempta,
1112 3967 1236 4042 eligere
1263 3970 1556 4044 praesumpserunt,
1581 3970 1635 4032 cui
1661 3971 1751 4048 epis-

956 4081 1058 4142 copus
1077 4081 1197 4126 munus
1220 4063 1459 4126 benedictionis
1479 4067 1649 4142 impendit.
1667 4069 1750 4139 Quia

955 4179 1034 4225 vero
1049 4162 1144 4224 nobis
1159 4177 1226 4223 non
1241 4160 1390 4222 constitit
1409 4161 1448 4222 de
1468 4163 1660 4237 praemissis,
1681 4163 1752 4224 dis-

956 4260 1096 4322 cretioni
1110 4261 1229 4321 1001110
1244 4273 1304 4334 001
1319 4257 1501 4332 0000101100
1517 4258 1639 4334 scripta
1654 4275 1751 4320 man·

955 4357 1084 4429 damus,
1105 4357 1267 4432 quatenus
1293 4353 1498 4431 1000110001
1523 4354 1647 4416 fuerint
1670 4372 1751 4420 evo-

955 4454 1064 4525 candi,
1093 4451 1270 4529 inquiratis
1291 4465 1391 4527 super
1412 4450 1464 4512 his
1488 4451 1630 4514 sollicite
1655 4454 1749 4516 veri·

102 4551 262 4629 episcopo
274 4551 307 4610 et
328 4549 557 4628 conjudicibus
578 4550 647 4610 suis
662 4566 798 4612 causam
811 4567 902 4612 com-
955 4551 1067 4622 tatem,
1098 4550 1131 4612 et
1158 4549 1187 4610 si
1214 4547 1308 4610 vobis
1334 4549 1521 4611 constiterit
1543 4565 1614 4612 rem
1639 4551 1753 4614 taliter

103 4649 197 4710 misit
217 4647 408 4724 hru'usmodi
427 4647 701 4722 cognoscendam,
721 4649 798 4709 dum
822 4648 902 4709 tunc
957 4664 992 4709 se
1018 4647 1153 4720 habere,
1181 4647 1377 4708 revocantes
1403 4647 1438 4708 in
1459 4647 1580 4710 statum
1606 4649 1752 4712 debitum

101 4745 322 4808 catalaunen.
333 4743 568 4820 episcopus‚ad
582 4745 800 4808 imitationem
814 4763 903 4823 0110-
956 4745 1114 4823 quidquid
1151 4745 1225 4823 post
1265 4744 1521 4821 appellationem
1560 4747 1751 4824 hujusmodi

100 4843 318 4904 decessorum
331 4855 478 4913 suorum,
489 4842 592 4904 multa
608 4842 670 4903 sibi
690 4843 853 4906 niteretur
866 4844 901 4905 in
955 4843 1150 4904 invencritis
1169 4841 1286 4902 illicite
1306 4842 1512 4913 attentatum,
1530 4845 1752 4906 contradicto-

98 4945 172 5018 jam
183 4939 272 5000 dicto
283 4937 485 5000 monasterio
493 4955 668 5016 usurpare,
682 4957 822 5017 quorum
834 4957 901 5003 non
956 4955 1010 5002 res
1025 4941 1055 5000 si
1069 4939 1124 5016 001
1137 4938 1261 4999 1001101
1278 4938 1331 4998 rel
1346 4937 1487 4998 rebelles
1501 4954 1561 5013 per
1574 4955 1750 5000 censuram

100 5039 167 5100 1011
178 5035 377 5098 auctoritate
384 5050 585 5111 processum,
596 5037 668 5112 1000
684 5038 838 5115 00100000
851 5054 902 5100 00·
956 5036 1183 5113 apostolicam,
1203 5034 1426 5110 appellatione
1446 5035 1639 5110 postposita,
1656 5050 1750 5096 com-

100 5135 202 5197 dente
217 5133 350 5194 interim
364 5131 562 5210 pontificalis
571 5133 682 5194 oneris
695 5134 899 5211 dignitatem.
956 5131 1131 5210 pascendo.
1154 5129 1305 5192 Audiatis
1324 5130 1530 5206 postmodum
1552 5146 1625 5208 quae
1649 5131 1750 5192 iidem

103 5234 223 5310 Nuper
234 5229 344 5292 autem
357 5246 457 5307 quum
467 5229 667 5291 venerabilis
678 5229 781 5292 frater
789 5233 903 5294 noster
957 5230 1059 5294 abbas
1078 5229 1111 5290 et
1133 5227 1287 5288 monachi
1308 5243 1367 5303 010
1382 5226 1534 5288 libertate
1557 5227 1750 5291 monasterii

105 5329 324 5392 catalaunen.
338 5326 512 5404 episcopus
525 5343 697 5388 successor
710 5327 827 5404 ipsius,
845 5345 903 5392 ac·
957 5326 1021 5398 sui,
1037 5326 1153 5403 atquae
1171 5321 1328 5401 praeiatus
1342 5322 1515 5398 episcopus
1530 5323 1646 5385 contra
1658 5324 1750 5386 illam

102 5428 227 5491 cedens
247 5425 289 5486 ad
316 5424 553 5486 monasterium
573 5423 785 5497 antedictum,
802 5427 902 5490 vellet
957 5424 1091 5486 duxerit
1116 5420 1339 5499 proponenda,
1361 5420 1393 5481 et
1415 5435 1550 5481 oausam
1568 5437 1669 5498 super
1687 5422 1750 5484 hoc

100 5526 145 5587 de
156 5525 264 5602 ipsius
277 5521 363 5584 statu
379 5522 560 5599 inquirere,
571 5521 612 5584 de
627 5537 691 5599 000
704 5525 902 5600 sequaedam
957 5522 998 5584 ad
1024 5537 1085 5584 nos
1113 5519 1289 5582 remittatis
1315 5517 1519 5580 sufficienter
1541 5519 1748 5594 instructam,

102 5621 333 5697 audisseque
358 5617 472 5684 limam
500 5618 715 5684 correctionis
737 5635 901 5702 exposce·
957 5617 1164 5699 praefigentes
1187 5615 1337 5694 partibus
1361 5615 1538 5680 terminum
1560 5619 1750 5698 competen-
