4234 6408
178 252 237 314 113

178 413 300 476 191119
316 411 623 475 confirmaverimus
638 410 680 472 ad
695 408 842 472 officium
857 409 977 472 summi

181 511 394 589 pontificatus
413 507 585 584 assumpti,
605 523 646 568 ne
658 509 771 568 tamen
785 508 847 569 tibi
861 507 978 568 deesse

180 609 309 686 aliquid
322 609 359 668 in
375 607 438 668 hac
452 605 621 682 potestatis
639 605 843 682 plenitudine
858 605 977 666 videa-

181 707 246 778 tur,
265 705 351 782 quod
376 703 551 766 utilitatem
566 703 655 778 regis
670 703 728 764 aut
746 703 843 778 regni
867 703 978 764 ualeat

182 801 357 874 remorari,
380 817 457 862 ecce
485 797 717 872 interdicendi,
749 800 980 862 excommuni-

181 899 281 964 candi
307 901 340 961 et
364 898 466 960 etiam
492 897 695 974 degradandi
722 897 789 958 tam
809 897 976 975 praelatae,

181 1014 283 1077 quam
309 997 394 1058 alios
415 1010 556 1073 quorum
569 994 785 1058 rebellionem
806 995 839 1058 et
862 995 980 1056 inobe-

182 1095 343 1157 dientiam
364 1093 554 1170 huJusmodi
568 1093 675 1172 poeuis
697 1092 822 1153 rideris
837 1107 910 1155 esse
928 1093 981 1154 di-

183 1208 295 1269 9199,
308 1189 485 1252 ordinandi
497 1204 627 1266 quoque
636 1191 793 1251 vacantes
804 1188 980 1251 cathedra-

183 1291 232 1352 les
248 1288 406 1350 ecclesias
418 1287 451 1349 et
462 1286 612 1347 abbatias
625 1288 796 1363 exemptas
811 1289 910 1364 atque
924 1302 981 1348 ro-

183 1387 276 1462 gales
290 1385 331 1446 de
345 1384 499 1462 personis
514 1385 585 1459 regi
605 1383 757 1444 fidelibus
772 1385 806 1445 et
820 1383 978 1445 Ecclesiae

185 1487 343 1546 Romanae
358 1480 496 1552 devotis,
517 1496 557 1542 ac
575 1480 781 1556 indulgendi,
798 1482 834 1542 ut
854 1481 979 1542 videris

181 1580 351 1658 expedire,
366 1577 566 1655 plenamtibi
576 1579 788 1640 concedimus
799 1594 860 1656 per
874 1580 979 1641 totum

185 1692 325 1754 regnum
345 1676 484 1752 Angliae,
505 1676 624 1738 Scotiae
645 1677 744 1754 atque
759 1676 903 1749 Walliae,
920 1692 981 1754 po-

185 1776 347 1838 testatem.

223 1874 274 1936 Ad
288 1874 371 1945 haec,
388 1888 500 1950 quum,
517 1871 603 1934 sicut
622 1871 718 1933 uobis
731 1872 902 1934 insinuare
922 1889 982 1933 cu-

185 1971 279 2044 rasti,
304 1969 437 2047 quidam
456 1970 570 2032 clerici
584 1970 729 2032 Lodoico
753 1971 982 2032 excommuni-

186 2069 297 2131 nicato
311 2067 513 2146 praesumant
532 2067 568 2129 in
580 2068 779 2144 Apostolicae
796 2069 983 2130 89119001-

185 2167 348 2244 1999119
371 2166 404 2228 91
421 2165 580 2242 11110199
602 2165 795 2240 adhaerere3
812 2181 883 2236 nos,
904 2165 981 2242 quia

187 2265 323 2326 illorum
337 2263 514 2340 91011999
527 2263 560 2324 91
569 2263 703 2324 nomina
715 2264 749 2324 et
762 2261 983 2324 circumstan-

186 2363 251 2424 tias
265 2361 350 2423 alias
373 2361 577 2437 ignoramus,
593 2360 670 2420 illos
687 2362 742 2421 tuo
758 2359 913 2420 duximus
924 2362 983 2436 ju-

186 2459 275 2521 dicio
308 2457 554 2535 relinquendos,
594 2455 700 2518 libera
735 2455 797 2516 tibi
820 2456 982 2532 potestate

186 2571 347 2618 09109999
371 2557 408 2616 11
430 2570 544 2617 09109
559 2569 616 2616 909
641 2553 698 2630 qui
717 2553 824 2614 91199
839 2551 982 2614 Lodoico

188 2653 242 2716 vel
281 2651 495 2730 complicibus
531 2651 600 2712 suis
633 2649 747 2711 divina
781 2650 985 2726 praesumant

146 2738 153 2756 ⁸
187 2750 300 2813 officia
323 2750 503 2822 celebrare,
534 2749 592 2810 aut
624 2747 783 2825 praestare
810 2746 983 2809 manifeste

189 2847 367 2910 consilium
394 2853 447 2908 uel
474 2846 636 2907 auxilium
667 2845 702 2905 in
729 2842 856 2905 malitia
885 2860 983 2920 quam

187 2946 334 3017 exercet,
350 2943 416 3005 nisi
442 2943 529 3004 infra
551 2942 687 3018 triginta
708 2942 790 3014 dies,
810 2943 984 3018 postquam

191 3059 252 3121 per
266 3045 298 3105 19
312 3041 413 3102 119011
430 3041 665 3102 denunciatum
680 3039 817 3110 eisdem,
834 3039 984 3101 ecclesiae

188 3156 230 3202 ac
242 3140 303 3202 tibi
320 3138 541 3200 satisfecerint
555 3138 788 3215 competenter,
806 3139 838 3198 91
851 3137 984 3197 omnino

189 3237 232 3300 ab
246 3238 319 3314 ipso
332 3236 531 3298 recesserint
546 3236 698 3306 hodoieo,
716 3235 843 3296 nullum
855 3234 919 3294 sibi
932 3234 985 3295 rel

191 3333 405 3412 complicibus
432 3334 501 3394 suis
525 3332 701 3394 consilium
731 3331 784 3393 rel
809 3331 983 3402 auxilium,

190 3432 339 3510 quandiu
351 3432 387 3493 in
402 3429 741 3492 excommunicatione
755 3428 984 3503 permanserit,

191 3529 385 3606 impensuri,
406 3528 530 3590 extunc
551 3527 641 3588 omni
660 3524 774 3586 valeas
798 3523 909 3585 officio
930 3539 987 3583 ec-

195 3627 383 3688 clesiastico
406 3624 632 3701 beneficioque
658 3622 801 3700 privare,
828 3621 987 3681 eteorum

194 3722 368 3795 beneficia,
382 3721 579 3797 ubicumque
594 3719 653 3779 illa
669 3715 849 3787 obtineant,
859 3714 987 3774 idoneis

195 3821 349 3883 conferre
370 3817 532 3896 personis,
542 3831 642 3892 quum
654 3829 769 3874 eorum
787 3811 987 3890 peruersitas

193 3919 285 3980 tanto
297 3915 421 3976 diutius
432 3912 550 3973 debeat
561 3911 684 3972 sentire
688 3909 852 3988 judicium
866 3909 987 3987 quanto

192 4018 245 4078 est
257 4011 478 4092 perniciosior
492 4025 551 4086 per
566 4008 753 4085 exemplum
770 4003 827 4088 [0).

233 4109 416 4180 Praeterea,
457 4107 534 4170 licet
570 4106 612 4168 ad
654 4105 837 4166 subsidium
878 4106 988 4166 Terrae

193 4207 325 4272 Sanctae
338 4205 477 4268 feruenti
493 4203 658 4267 desiderio
668 4203 865 4281 aspiremus,
882 4201 991 4264 tribu-

193 4305 374 4370 lationibus
399 4305 511 4366 tamen
539 4303 629 4378 regis
655 4318 695 4363 ao
729 4301 825 4376 regni
851 4287 1004 4376 paterno

195 4403 431 4482 compatientes
444 4402 576 4474 affectu,
593 4398 808 4476 dispensandi
821 4414 895 4458 cum
911 4412 991 4457 cru-

195 4502 375 4578 cesignatis
387 4499 526 4576 Angliae,
544 4497 750 4558 infidelitate
765 4494 858 4569 regia
872 4493 992 4570 persis·

194 4595 341 4662 tentibus
362 4598 416 4660 vel
432 4596 541 4658 redire
563 4593 751 4656 volentibus
766 4591 807 4652 ad
829 4590 990 4662 eamdem,

197 4688 992 4770 utvidelicetsuspendantsuorumexecutionem

198 4795 362 4866 votorum,
378 4793 482 4853 donec
493 4789 588 4866 regni
600 4789 716 4860 status,
731 4785 830 4849 dante
840 4785 990 4857 Domino,

196 4891 234 4952 in
254 4891 375 4952 melius
391 4887 600 4955 reformetur,
625 4885 658 4946 et
672 4885 805 4948 interim
828 4884 893 4960 ipsi
909 4883 991 4958 regi,

199 4987 285 5050 sicut
309 4986 523 5048 laudabiliter
541 4981 760 5059 incoeperunt,
782 4981 940 5057 assistant
954 4979 995 5040 fl-

198 5085 318 5148 deliter
342 5086 375 5146 et
394 5083 555 5161 potenter,
576 5081 718 5158 gloriam
742 5079 829 5155 apud
844 5077 994 5139 homines

199 5185 234 5246 et
254 5183 408 5244 meritum
432 5179 519 5258 apud
540 5181 644 5244 Deum
659 5176 832 5250 habenteS,
855 5174 995 5237 liberam

199 5281 261 5346 tibi
275 5279 485 5343 concedimus
500 5275 701 5339 facultatem.

237 5436 280 5512 (o)
299 5439 360 5508 Qua
372 5449 509 5495 concessa
523 5431 657 5493 facultate
672 5430 815 5505 quomodo
829 5445 900 5488 osus
915 5429 999 5488 fuerit

200 5511 302 5578 Gualo,
314 5509 411 5566 videre
425 5515 469 5565 est
483 5515 561 5566 tomo
576 5509 675 5564 nostro
687 5504 775 5574 xvll,
793 5517 821 5576 p.
836 5503 888 5561 tlt
900 5509 996 5574 etseq.

147 5625 154 5634 -
201 5584 231 5645 in
246 5581 332 5642 uotis.
345 5577 507 5654 (Bouquct).

811 247 1041 314 EPISTOLAE.
1065 248 1142 312 LIB.
1166 247 1191 311 1.

1766 256 1824 316 174

1070 413 1187 480 Porro,
1198 424 1299 488 quum
1320 409 1454 487 quidam
1475 407 1618 472 barones
1640 413 1673 474 et
1700 413 1822 475 milites

1031 507 1158 584 Angliae
1184 510 1298 568 contra
1322 506 1491 569 fidelitatis
1513 509 1824 588 juramentumque

1031 605 1131 666 clarae
1144 605 1311 666 memoriae
1326 607 1357 668 J.
1381 605 1452 682 regi
1471 606 1599 682 Angliae
1614 605 1822 680 tenebantur,

1032 703 1182 778 quaedam
1210 703 1353 764 Lodoico
1381 703 1597 780 praestiterint
1620 705 1822 782 juramenta,

1032 800 1225 863 discretioni
1270 803 1337 862 tuae
1378 817 1438 878 per
1478 801 1660 878 apostolica
1703 803 1825 879 scripta

1032 898 1228 959 mandamus
1252 898 1426 976 quatenus,
1454 899 1568 960 eadem
1594 899 1712 960 illicita
1739 916 1825 960 nun-

1032 996 1136 1069 cians,
1166 999 1200 1058 et
1222 997 1297 1058 ideo
1325 1012 1391 1058 non
1418 997 1592 1065 servanda,
1627 995 1758 1058 obsides
1782 997 1826 1057 il-

1032 1092 1139 1154 lorum
1169 1093 1223 1171 qui
1259 1093 1301 1154 ad
1333 1094 1525 1155 fidelitatem
1552 1093 1680 1170 regiam
1716 1093 1826 1154 redire

1033 1191 1209 1263 voluerint,
1226 1191 1355 1252 utentes
1373 1191 1512 1252 consilio
1528 1190 1665 1262 saniori,
1682 1191 1825 1268 propriae

1033 1288 1163 1350 restitui
1183 1288 1288 1350 facias
1303 1288 1459 1360 libertati,
1481 1289 1516 1349 in
1529 1289 1716 1350 detentores
1735 1289 1827 1364 ipso-

1032 1402 1107 1446 rum
1132 1385 1495 1457 excommunicationis,
1526 1386 1559 1447 et
1586 1385 1620 1446 in
1651 1387 1756 1447 terras
1785 1385 1826 1446 de

1033 1483 1122 1560 regis
1134 1483 1273 1558 Angliae,
1289 1483 1407 1544 scotiae
1420 1483 1472 1543 vel
1483 1481 1661 1555 Hiberniae,
1674 1483 1714 1543 de
1725 1483 1827 1543 11191-
1925 1550 1928 1556 ,

1034 1581 1105 1640 1019
1121 1596 1262 1658 quoque,
1276 1595 1315 1641 90
1330 1580 1364 1640 11
1378 1581 1454 1640 illas
1469 1595 1550 1657 quas
1562 1579 1602 1640 ad
1616 1595 1733 1640 manus
1749 1595 1826 1640 suas

1034 1678 1146 1739 tenere
1161 1678 1310 1738 noscitur
1328 1677 1501 1749 Lodoicus,
1521 1675 1683 1753 inquibus
1697 1677 1826 1738 obsides

1034 1776 1123 1852 ipsos
1147 1775 1289 1837 detineri
1305 1775 1491 1852 contigerit,
1509 1775 1676 1837 interdicti
1693 1775 1828 1845 senten-

1033 1874 1115 1934 tiam
1130 1873 1338 1950 proferendo.

1074 1970 1150 2031 Fuit
1161 1970 1323 2047 siquidem
1339 1969 1432 2030 nobis
1448 1986 1490 2030 ex
1504 1969 1561 2030 tua
1574 1971 1668 2046 parte
1689 1984 1829 2044 sugges-

1035 2069 1104 2128 119
1119 2067 1166 2139 11,
1183 2082 1283 2143 quum
1300 2067 1496 2142 saepedictus
1514 2069 1544 2128 J.
1559 2081 1620 2127 rex
1633 2065 1826 2141 Anglorum,

1035 2165 1162 2240 positus
1182 2164 1217 2224 in
1233 2164 1402 2236 extremis,
1424 2163 1519 2224 nobis
1534 2163 1567 2224 91
1580 2162 1736 2224 Ecclesiae
1761 2165 1830 2224 Ro-

1036 2277 1143 2321 manae
1158 2261 1360 2323 commiserit
1382 2276 1521 2337 reguum
1544 2261 1577 2322 et
1599 2259 1738 2320 liliosae
1759 2275 1832 2320 om-

1035 2359 1092 2420 nia
1114 2358 1200 2420 hona
1216 2375 1287 2431 sua,
1306 2359 1346 2420 de
1368 2357 1580 2420 matrimonio
1602 2355 1829 2418 contrahendo

1036 2458 1124 2518 inter
1147 2457 1356 2518 carissimum
1378 2457 1413 2517 in
1440 2455 1570 2516 Christo
1597 2455 1701 2514 fllium
1724 2457 1763 2514 H.
1782 2451 1829 2531 (1)

1036 2555 1149 2614 natum
1163 2552 1195 2614 et
1209 2553 1374 2613 haeredem
1389 2553 1506 2628 ipsius,
1523 2551 1556 2610 91
1573 2565 1748 2626 99090199
1770 2565 1832 2625 990

1036 2666 1136 2727 quam
1157 2650 1221 2726 ipsi
1238 2650 1270 2710 et
1284 2664 1387 2724 reguo
1402 2651 1473 2725 eJ'us
1488 2647 1594 2724 possit
1608 2647 1735 2707 utilitas
1748 2661 1829 2722 pro-

1036 2747 1162 2818 venire,
1173 2747 1319 2822 cogitare
1334 2746 1476 2808 sollicite
1489 2745 1715 2821 dignaremur.
1723 2744 1830 2814 Quum

1038 2848 1149 2906 autem
1165 2845 1201 2906 tu
1212 2845 1246 2906 91
1259 2843 1372 2904 fideles
1385 2844 1490 2919 ipsius
1502 2843 1564 2903 hoc
1574 2841 1693 2902 melius
1705 2839 1831 2901 delibe-

1037 2959 1113 3004 rare
1137 2941 1282 3019 possitis,
1311 2942 1422 3018 utpote
1451 2941 1490 3002 de
1516 2939 1667 3017 personis
1691 2953 1831 3016 quarum

1038 3039 1183 3101 affinitas
1206 3037 1314 3116 potest
1334 3038 1398 3115 ipsi
1417 3037 1488 3113 regi
1503 3037 1535 3097 et
1560 3051 1664 3112 regno
1686 3034 1832 3096 existere

1040 3137 1152 3200 utilior
1176 3137 1345 3208 certiores,
1362 3135 1397 3197 id
1410 3136 1476 3196 tuae
1492 3151 1531 3196 90
1544 3134 1676 3195 illorum
1693 3132 1833 3209 pruden-

1038 3237 1093 3298 tiae
1118 3235 1272 3296 1111919
1295 3232 1561 3310 relinquendum,
1592 3233 1628 3292 ut
1649 3245 1749 3307 super
1769 3229 1833 3291 hoc

1039 3333 1201 3402 habeatis,
1227 3331 1324 3408 prout
1342 3330 1493 3392 videritis
1520 3328 1687 3405 expedire,
1709 3327 1835 3388 tracta·

1040 3429 1120 3500 tum,
1138 3429 1171 3490 et
1191 3443 1252 3488 uos
1275 3426 1492 3503 postmodum,
1509 3425 1539 3484 si
1560 3439 1698 3484 necesse
1720 3421 1831 3493 fuerit,

1041 3527 1188 3586 favorem
1209 3523 1426 3600 apostolicum
1450 3520 1536 3580 sicut
1549 3519 1614 3580 erit
1632 3518 1833 3580 conveniens

1040 3621 1278 3698 impendemus.
1290 3619 1409 3680 Datum
1425 3615 1592 3688 Laterani,
1608 3616 1683 3677 XVI
1695 3614 1763 3674 kal.
1781 3613 1834 3678 fe-

1040 3717 1179 3790 bruarii,
1193 3715 1404 3794 pontificatus
1417 3713 1524 3777 nostri
1538 3728 1625 3776 anno
1640 3711 1759 3790 primo.

1383 3965 1500 4054 CXLI

1122 4194 1174 4254 Au
1190 4193 1399 4260 ll'tttetauon,
1413 4188 1536 4249 scotica
1545 4185 1751 4262 00901101.

1342 4301 1375 4356 1
1392 4299 1452 4372 jan.
1474 4298 1553 4356 91.

1110 4426 1233 4491 [Regest.‚
1244 4423 1289 4476 lib.
1303 4425 1324 4481 l,
1336 4422 1411 4487 epist.
1424 4422 1478 4472 leo.
1494 4447 1525 4458 -
1534 4421 1658 4484 Bouquat,
1673 4417 1777 4470 ilocueil

1224 4505 1269 4555 des
1278 4503 1423 4561 historiens,
1436 4507 1454 4552 t.
1468 4501 1535 4560 xlx,
1546 4515 1572 4566 p.
1587 4499 1656 4564 [tibh

1045 4657 1089 4717 hd
1104 4655 1301 4716 abducendum
1316 4669 1332 4712 e
1347 4653 1474 4728 partibus
1489 4651 1632 4711 budovici
1651 4665 1750 4722 regem
1771 4651 1838 4708 Sco·

1082 4746 1200 4819 1199111
1215 4761 1281 4804 cum
1296 4743 1397 4802 eodem
1412 4757 1557 4800 armorum
1568 4741 1732 4799 societatem
1743 4740 1843 4813 junxe-

1084 4835 1344 4906 9101919919
1360 4832 1459 4906 juveni
1479 4826 1841 4896 Η910100001011191119,

1083 4925 1196 4982 enixam
1206 4921 1321 4980 adhibet
1335 4922 1364 4978 11
1375 4919 1430 4977 hac
1444 4918 1563 4992 epistola
1575 4915 1841 4986 Pontifexoperam.

1089 5067 1255 5129 Honorius
1271 5065 1444 5141 episcopus
1448 5105 1521 5134 ......
1533 5060 1657 5121 illustri
1676 5057 1747 5134 regi
1764 5058 1846 5118 Sco-

1049 5167 1105 5228 tiae
1129 5165 1162 5228 et
1184 5161 1399 5240 complicibus
1424 5159 1504 5231 suis,
1531 5155 1684 5235 spiritum
1711 5153 1848 5216 consilii

1051 5278 1206 5325 samoris

1088 5419 1129 5495 (lt
1150 5417 1303 5480 ilenrioom
1319 5418 1376 5476 111..
