4200 6404
320 307 377 368 271
787 295 963 360 HONORII
986 297 1030 356 111
1051 295 1200 356 OPERA.
1219 323 1258 337 -
1273 289 1508 354 SERMONES.
1916 287 1982 350 272

324 463 426 527 Stetit
448 480 509 541 per
534 461 655 528 auxilii
686 458 983 540 praeparationem.
1024 456 1156 518 Unde..
1173 468 1261 516 aere.
1279 451 1373 516 llude
1394 449 1522 513 David:
1543 451 1702 512 Volucres
1721 451 1798 514 cccli
1814 449 1848 510 θῖ
1860 451 1982 524 pasees

321 563 516 636 Stephanus
543 576 622 623 cum
642 558 877 634 lapidaretur,
891 557 983 618 dicit
996 572 1007 615 :
1021 559 1119 618 uideo
1173 555 1296 614 murts.
1325 543 1450 612 coelum
1478 548 1645 610 sidereum
1669 547 1720 608 θεῖ
1744 545 1780 608 iu
1809 562 1874 624 quo
1909 545 1982 608 lixa

323 661 424 718 coelos
441 656 581 730 opertos
595 655 629 717 θῖ
642 656 764 715 testem
778 651 928 713 stantem
947 665 970 710 a
983 651 1120 712 destris
1174 649 1251 711 sunt
1271 648 1392 720 sidera,
1418 646 1515 718 idest,
1544 645 1661 706 stellae.
1692 647 1739 707 De
1763 659 1829 722 quo
1855 643 1982 706 heatus

321 761 387 822 Det
399 753 484 834 (Act.
500 769 558 825 vn,
575 751 640 831 55).
1174 747 1353 824 Gregorius
1369 745 1417 806 ait
1433 766 1439 808 ι
1456 761 1476 805 c
1494 747 1561 806 Aer
1575 743 1651 805 coeli
1676 743 1837 820 qualitate
1859 742 1982 818 dispo-

365 853 522 930 Sequitur
538 867 545 906 :
561 851 607 912 ht
620 861 785 911 cacumen
799 849 874 920 pecs
890 847 1034 923 saepem
1052 860 1121 906 σαθ-
1174 844 1275 916 nitur,
1287 846 1376 906 terra
1390 858 1469 906 vero
1480 857 1558 904 aere
1573 839 1935 904 toecundatur.»Unde
1946 839 1983 900 iu

323 951 638 1029 lum(tien.xxv111,
658 945 722 1025 12).
738 945 949 1007 Pensandum
964 943 1025 1015 est,
1046 941 1120 1003 tra·
1175 942 1316 1006 Genesi:
1340 941 1478 1004 Voocoit
1498 945 1592 1002 heus
1616 939 1881 1012 flammantem
1909 953 1985 1000 coe-

323 1051 392 1113 tres
411 1047 630 1118 dilectissimi,
647 1043 732 1122 quod
753 1058 814 1120 per
837 1057 996 1104 cacumen
1020 1040 1120 1102 scalae
1174 1046 1255 1104 leem.
1284 1038 1410 1100 Goelum
1433 1053 1625 1116 empyreum
1649 1037 1752 1100 estin
1775 1049 1840 1113 quo
1862 1035 1984 1112 angeli

324 1145 535 1223 triumphans
550 1142 744 1219 designatur
761 1139 921 1212 Ecclesia,
945 1141 1039 1216 cujus
1053 1138 1120 1199 ho·
1175 1137 1371 1200 consistunt.
1414 1137 1454 1198 m
1492 1135 1615 1197 dicitur
1648 1149 1856 1212 empyreum,
1891 1133 1985 1196 idest

324 1245 442 1306 dierna
457 1243 510 1304 die
530 1257 603 1319 quae
619 1239 766 1301 militans
780 1239 831 1300 θεῖ
852 1236 1003 1298 Ecclesia
1024 1237 1122 1296 nata-
1175 1235 1309 1312 igneum
1337 1251 1358 1298 a
1385 1234 1574 1312 splendore,
1596 1249 1663 1295 non
1694 1248 1713 1296 a
1745 1232 1868 1305 calore,
1900 1231 1984 1310 quia

324 1340 560 1404 liliacolit.1it
573 1338 696 1414 triplex
712 1338 762 1398 est
783 1334 928 1397 hominis
950 1333 1119 1395 nativitas.
1176 1332 1384 1410 splendidum
1415 1333 1466 1398 est
1497 1333 1596 1410 atque
1624 1347 1791 1394 serenum.
1831 1329 1984 1406 Dignum

324 1439 437 1501 Prima
461 1437 513 1499 θεῖ
531 1436 678 1510 naturae;
700 1433 844 1494 secunda
865 1432 1002 1509 gratiee3
1022 1431 1121 1494 tertia
1175 1432 1297 1510 quippe
1317 1430 1390 1504 luit,
1412 1432 1448 1492 ut
1462 1429 1549 1493 sicut
1567 1429 1679 1506 angeli
1701 1428 1779 1492 sunt
1797 1427 1982 1505 splendidi,

324 1536 452 1613 gloriae.
478 1534 592 1595 Prima
607 1531 763 1593 nativitas
779 1531 829 1592 θεῖ
850 1530 885 1590 in
907 1529 1043 1590 miseria
1062 1544 1123 1605 per
1176 1531 1223 1592 ita
1244 1528 1405 1590 haherent
1419 1527 1610 1606 splendidas
1625 1527 1829 1589 mansiones.
1851 1528 1901 1588 De
1917 1525 1984 1587 hoc

325 1633 468 1710 culpam,
485 1631 630 1693 secunda
642 1628 814 1707 injustitia
828 1627 1005 1705 perfidem,
1022 1627 1122 1689 tertia
1176 1627 1271 1700 coelo,
1293 1626 1409 1688 dicunt
1423 1625 1585 1698 doctores,
1610 1625 1695 1702 quod
1718 1624 1830 1686 statim
1851 1627 1891 1686 ut
1906 1621 1984 1684 tac-

325 1731 360 1792 in
371 1729 493 1807 gaudio
505 1743 565 1806 per
574 1727 748 1789 visionem.
764 1726 918 1802 inprime
934 1724 1123 1785 ostenditur
1176 1727 1245 1786 tum
1260 1725 1321 1793 θεῖ,
1337 1722 1466 1799 angelis
1479 1723 1643 1800 repletum
1656 1722 1716 1785 est.
1735 1721 1829 1783 Unde
1844 1720 1956 1783 David
1974 1743 1982 1780 ε

325 1829 386 1890 Dei
403 1827 546 1906 Justiiia,
566 1826 603 1887 iu
624 1824 769 1886 secunda
793 1823 854 1884 Dei
875 1822 1063 1894 clementia,
1087 1821 1122 1881 in
1177 1825 1568 1893 CaelumcorltDomirw,
1585 1821 1681 1894 idest,
1698 1819 1784 1881 Filio
1799 1819 1982 1892 suodedit,

325 1927 424 1988 tertia
439 1923 755 1986 Deihonavolentia.
774 1923 811 1982 In
824 1920 932 1998 prima
947 1920 997 1981 est
1011 1919 1121 1996 culpa,
1178 1922 1214 1982 ut
1233 1918 1281 1981 ihi
1296 1919 1412 1995 regnet
1435 1935 1510 1980 cum
1533 1919 1648 1981 electis
1669 1918 1752 1979 suis.
1769 1917 1851 1978 coeli
1877 1917 1985 1993 spiri-

327 2023 363 2084 in
379 2020 524 2084 secunda
541 2021 706 2093 meritum,
722 2019 755 2080 iu
771 2018 868 2080 tertia
885 2017 1070 2095 praemium.
1085 2017 1125 2078 ht
1177 2018 1284 2080 tuales
1295 2017 1373 2082 suut
1383 2017 1462 2090 tres,
1472 2016 1512 2078 de
1523 2015 1643 2094 quihus
1657 2031 1725 2082 nou
1735 2017 1787 2080 est
1798 2015 1982 2078 dicendum

327 2121 374 2182 ita
389 2118 489 2182 tertia
504 2117 667 2180 amittitur
685 2132 745 2194 per
759 2117 911 2193 primam,
935 2113 991 2176 sed
1016 2113 1123 2174 habe·
1178 2131 1238 2193 per
1251 2115 1447 2192 singularia.

327 2217 383 2280 tur
397 2231 456 2295 per
474 2214 663 2278 secundam.
680 2214 765 2277 Hinc
780 2212 912 2290 quidem
934 2215 1124 2273 sanctorum
1216 2213 1344 2275 Aliter:
1361 2215 1400 2280 m
1415 2229 1573 2278 cacumen
1592 2215 1666 2291 ejus
1687 2215 1828 2290 tangens
1842 2212 1980 2274 coelum.

328 2314 498 2377 carnalem
513 2312 720 2375 nativitatem
734 2309 907 2372 celebrare
919 2324 985 2372 non
1001 2308 1122 2379 docuit,
1179 2310 1240 2372 Hic
1253 2326 1334 2387 ergo
1345 2326 1406 2390 per
1418 2309 1537 2373 coelum
1550 2313 1639 2372 Deus
1650 2311 1749 2373 Pater
1762 2309 1981 2386 intelligitur,

329 2412 407 2490 quia
422 2411 589 2473 hominem
604 2411 639 2471 in
652 2409 741 2470 hunc
754 2407 885 2470 modum
897 2405 1126 2485 coinquinavit
1178 2409 1220 2470 de
1241 2423 1305 2486 quo
1321 2409 1546 2486 scriptumest
1568 2409 1604 2472 in
1623 2410 1774 2487 psalmo:
1796 2411 1824 2472 A
1839 2421 1983 2472 summo

329 2525 389 2586 per
407 2509 548 2586 culpam.
572 2507 683 2569 Prima
700 2507 788 2568 enim
804 2505 964 2568 nativitas
978 2506 1030 2566 est
1053 2519 1118 2565 ma·
1177 2513 1260 2570 coelo
1287 2510 1440 2583 opressio
1467 2512 1552 2582 ejus.
1581 2508 1734 2584 Egressio
1765 2509 1849 2584 eJus,
1878 2507 1981 2579 idest,

328 2607 449 2668 ledicta
464 2606 542 2684 quie
554 2605 658 2668 trahit
676 2602 717 2667 ad
733 2603 936 2675 mortem,de
951 2617 1016 2680 qua
1029 2604 1126 2665 Jere-
1179 2605 1337 2667 nativitas
1357 2603 1418 2666 tilii
1439 2607 1549 2682 ejusa
1570 2621 1700 2668 summo
1721 2605 1815 2677 coelo,
1839 2604 1942 2677 idest,
1961 2619 1982 2665 a

329 2705 415 2766 mias
437 2704 598 2782 propheta
617 2702 881 2768 erumpentem
903 2704 976 2763 dies
997 2704 1034 2762 tn
1057 2715 1125 2775 qao
1179 2705 1278 2765 Patre
1291 2702 1347 2780 qui
1363 2703 1535 2764 cacumine
1555 2704 1653 2766 scalae
1673 2703 1880 2778 intelligitur,
1900 2703 1981 2780 quia

327 2803 432 2863 :ratus
443 2804 505 2876 tut,
522 2801 638 2863 ctdtas
651 2804 688 2862 iu
700 2815 768 2874 qua
780 2799 916 2875 peperit
935 2813 992 2860 me
1009 2798 1125 2860 mater
1179 2817 1222 2866 θι
1236 2800 1410 2864 divinitate
1426 2800 1519 2862 Patri
1540 2801 1646 2863 Filius
1663 2801 1865 2878 coaequatur.
1887 2800 1982 2862 Unde

327 2915 407 2962 :nea
421 2914 490 2961 nore
502 2899 548 2960 stt
558 2898 733 2959 senectam
746 2894 882 2976 (ierem.
898 2911 958 2967 ιι,
974 2893 1038 2974 14).
1178 2897 1356 2976 Apostolus
1369 2901 1448 2970 :Qut
1457 2914 1535 2964 cum
1545 2903 1583 2961 tn
1596 2902 1712 2974 somna
1722 2899 1897 2971 Delasset,
1910 2913 1983 2959 aori

370 2993 524 3058 Secunda
535 2993 743 3056 benedicitur
752 2994 830 3070 quia
845 2991 999 3055 subvenit
1013 2993 1122 3065 morti,
1178 2999 1341 3072 rapinam
1357 2997 1551 3060 arbitratus
1572 2997 1624 3059 θεῖ
1645 3011 1723 3060 θεεθ
1746 3011 1786 3060 sc
1809 3001 1982 3070 ιθθιιαῖθηι
2042 3048 2050 3072 ,
2081 3035 2082 3042 ι

330 3094 371 3156 de
392 3109 458 3170 qua
475 3096 623 3156 loannes
641 3114 649 3153 ε
670 3093 788 3154 Omnis
804 3094 863 3166 qui
883 3092 988 3153 actus
1006 3091 1059 3152 θεῖ
1078 3106 1125 3152 aa
1177 3097 1250 3156 Dec
1269 3092 1407 3173 (Philip.
1423 3109 1462 3166 11,
1478 3090 1524 3173 ti).
1547 3095 1633 3156 Nam
1652 3094 1790 3173 aequalis
1814 3093 1866 3156 est
1883 3092 1981 3156 Patri
2081 3085 2082 3088 ’

329 3195 414 3266 Deo,
427 3205 497 3253 port
513 3191 635 3264 peccat
654 3189 683 3267 (I
694 3191 790 3252 Joan.
807 3204 840 3260 v,
862 3186 926 3268 18).
950 3189 1040 3250 lianc
1055 3188 1126 3266 spi·
1179 3190 1359 3252 secundum
1375 3191 1594 3264 divinitatem,
1608 3191 1718 3254 minor
1736 3191 1835 3258 Patre
1850 3206 1981 3252 secun-

329 3288 484 3350 ritualem
513 3287 719 3350 nativitatem
752 3286 898 3348 carnalis
924 3285 1008 3363 legis
1040 3285 1123 3347 doc·
1178 3287 1255 3349 dum
1271 3288 1521 3352 humanitatem.
1537 3290 1631 3363 Quia,
1649 3306 1723 3354 cum
1738 3289 1783 3351 sit
1796 3292 1895 3361 Deus,
1918 3305 1980 3365 pro

329 3388 382 3449 tor
401 3384 588 3462 ignorabat,
614 3386 712 3447 nocte
730 3384 870 3446 veniens
890 3383 932 3445 ad
953 3386 1067 3446 Jesum
1089 3382 1125 3445 ut
1178 3385 1273 3448 nohis
1286 3385 1396 3454 iactus
1409 3387 1580 3460 esthemo,
1603 3388 1637 3450 θῖ
1657 3403 1732 3449 cum
1747 3387 1791 3450 sit
1804 3385 1978 3458 Dominus,

328 3484 504 3548 doceretur
517 3483 559 3545 ab
574 3499 625 3546 eo.
644 3487 747 3556 Quem
762 3483 886 3546 veritas
903 3482 952 3544 sic
966 3481 1121 3544 instruit:
1178 3501 1237 3562 pro
1251 3483 1346 3546 nohis
1360 3483 1467 3550 iactus
1480 3487 1530 3548 θεῖ
1543 3501 1672 3560 servus,
1685 3487 1718 3548 et
1732 3501 1807 3546 cum
1821 3485 1866 3546 sit
1880 3487 1981 3546 Crea-
2080 3555 2081 3574 χ

232 3593 235 3602 ’
328 3585 421 3650 Quod
431 3583 553 3646 notum
565 3583 617 3644 θεῖ
631 3597 792 3644 excerpe
802 3581 958 3654 corceat,
968 3583 1124 3655 quodna-
1178 3583 1231 3644 tor
1250 3597 1309 3660 pro
1329 3583 1425 3645 nohis
1444 3582 1551 3648 iactus
1575 3584 1625 3648 est
1644 3584 1810 3646 creatura.
1833 3585 1901 3644 Per
1919 3599 1981 3644 ca-
2080 3579 2081 3638 l

329 3682 402 3742 tum
422 3683 474 3742 θεῖ
488 3696 535 3742 am
553 3680 681 3754 spiritu
703 3681 850 3753 spiritus
868 3678 919 3741 θεῖ
939 3676 1049 3758 (toan.
1072 3693 1122 3744 ιιι,
1178 3695 1297 3741 cumen
1332 3681 1433 3744 scalae
1466 3681 1589 3745 Christi
1622 3681 1736 3748 Deitas
1769 3681 1978 3758 designatur,

327 3777 372 3855 6).
396 3777 507 3838 Tertia
529 3777 687 3839 nativitas
708 3778 759 3838 θεῖ
771 3775 879 3848 beata,
904 3776 981 3854 quia
996 3776 1123 3854 justum
1178 3777 1307 3840 dicente
1321 3778 1480 3855 Apostolo
1497 3801 1505 3838 :
1524 3780 1634 3853 caput
1646 3783 1717 3842 utri
1731 3780 1901 3851 Christus,
1923 3794 1980 3842 ca·

326 3875 363 3935 in
377 3873 484 3950 gloria
499 3873 700 3934 remunerat.
719 3872 812 3935 Unde
827 3872 983 3934 dicuntur
997 3873 1123 3936 natalia
1175 3876 1238 3948 put
1252 3876 1368 3938 autem
1390 3877 1519 3938 Christi
1536 3880 1630 3939 Deras
1650 3877 1701 3938 est
1719 3873 1748 3954 (l
1766 3879 1840 3940 Cor.
1864 3893 1912 3947 ιι,
1929 3872 1978 3953 3).

327 3971 516 4034 sanctorum
550 3969 621 4031 dies
656 3968 765 4031 obitus
802 3985 933 4036 eorum.
973 3970 1121 4042 scilicet,
1178 3972 1341 4035 Cacumen
1361 3973 1474 4051 itaque
1495 3974 1594 4036 scalae
1609 3973 1730 4036 coelum
1750 3974 1869 4050 tangit,
1896 3973 1978 4051 quia
2079 4051 2080 4054 Ἴ

328 4067 597 4146 quandointrant
610 4067 645 4128 iu
660 4066 801 4142 gloriam
815 4067 985 4129 eeteruam.
999 4070 1122 4145 Dequa
1178 4070 1269 4131 Patri
1291 4070 1394 4131 Pilius
1415 4087 1475 4148 per
1491 4070 1698 4137 divinitatem
1715 4086 1751 4133 εθ
1766 4086 1838 4134 esse
1861 4086 1978 4148 aequa·
2079 4079 2080 4090 ¹

326 4166 493 4244 Propheta
509 4187 517 4228 r
533 4165 634 4230 Βθθῖῖ
648 4165 921 4240 permulcente:
933 4168 1031 4228 domo
1051 4167 1121 4238 ῖῖιθ,
1177 4167 1242 4228 lem
1263 4167 1407 4230 ostendit
1426 4168 1566 4231 dicens:
1591 4173 1666 4246 Epo
1684 4169 1718 4231 et
1738 4169 1848 4232 Pater
1865 4184 1977 4234 unum

323 4268 481 4338 limatae,
504 4267 541 4326 tn
563 4269 727 4326 soemdum
747 4265 864 4325 soecrdt
881 4263 1067 4326 madebunt
1090 4263 1124 4326 ῖθ
1176 4279 1297 4326 sumus
1312 4263 1424 4344 (ioan.
1435 4281 1470 4338 ι,
1487 4265 1555 4346 30).
1571 4266 1629 4328 Isti
1644 4266 1755 4342 angeli
1777 4281 1836 4343 per
1849 4266 1977 4328 scalam

326 4363 396 4443 (Ps.
412 4366 462 4436 83,
485 4361 674 4441 5).1ithaec
696 4362 748 4424 θεῖ
770 4361 918 4423 omnium
934 4362 1122 4424 sanctorum
1177 4362 1392 4425 ascendentes
1407 4364 1440 4426 et
1457 4363 1716 4437 descendentes;
1737 4363 1977 4426 descendentes

326 4462 495 4524 nativitas.
522 4463 614 4521 Tunc
642 4459 730 4522 enim
758 4475 837 4522 vere
861 4460 1061 4532 nascuntur,
1090 4460 1123 4522 et
1177 4460 1407 4536 compassione
1419 4460 1576 4532 miseriae,
1596 4459 1812 4522 ascendentes
1824 4459 1860 4521 in
1875 4476 1978 4538 supe·

327 4559 422 4634 quasi
438 4559 479 4620 ad
503 4571 578 4619 esse
591 4557 779 4627 trahuntur,
802 4573 877 4618 cum
898 4557 940 4619 ad
954 4557 1051 4619 illum
1065 4558 1122 4636 qui
1177 4557 1303 4618 riorum
1318 4558 1607 4636 contemplatione.
1624 4557 1794 4634 Aliligitur
1804 4557 1973 4630 infirmus,

328 4659 392 4716 line
407 4655 508 4722 caret,
525 4654 733 4732 perveniunt.
752 4654 862 4717 Primo
884 4655 1033 4717 nascitur
1048 4656 1122 4732 quis
1177 4653 1338 4730 affligitur
1362 4655 1503 4718 activus.
1534 4655 1597 4717 Sed
1630 4655 1782 4716 infirmus
1810 4655 1974 4732 affligitur

326 4753 362 4814 ut
379 4752 489 4824 vivat;
506 4750 652 4812 secundo
672 4751 707 4811 ut
722 4753 813 4828 juste
828 4750 928 4824 vivat,
947 4754 1018 4830 jam
1038 4753 1122 4816 alter
1176 4751 1337 4828 languore
1359 4754 1498 4831 peccati,
1515 4755 1549 4817 et
1562 4753 1676 4830 nequit
1699 4753 1890 4820 ascendere.
1909 4756 1977 4815 Ac-

325 4850 431 4914 iactus
444 4865 487 4911 ex
501 4849 618 4919 altero,
633 4849 670 4910 ut
685 4847 796 4909 dicere
811 4848 937 4925 possit:
959 4853 1040 4912 Vico
1059 4867 1121 4928 epo
1175 4849 1266 4912 tivus
1282 4848 1444 4928 affligitur
1456 4851 1686 4929 compassione
1701 4851 1857 4924 miseria,
1873 4853 1907 4913 et
1925 4851 1975 4916 sic

315 4954 396 5024 jam
420 4963 489 5011 poa
514 4961 613 5025 epo...
642 4945 760 5019 (Galat.
791 4961 827 5018 u,
855 4946 927 5025 20);
957 4947 1055 5010 tertio
1088 4949 1122 5012 ut
1176 4948 1619 5025 oporteteumuescencere.

322 5047 418 5112 beate
433 5045 533 5118 vivat,
550 5045 587 5108 ut
601 5044 711 5106 dicere
724 5045 854 5121 possit:
876 5049 1039 5124 Vtuoepo.
1216 5049 1298 5109 Tres
1324 5047 1413 5108 euim
1447 5050 1524 5112 suat
1551 5048 1752 5122 descensus:
1777 5046 1904 5125 primus
1938 5045 1973 5107 in

364 5148 467 5208 Item:
491 5143 531 5206 al
551 5157 711 5205 cacumen
732 5145 804 5221 ejus
827 5143 968 5222 tangens
987 5144 1118 5207 coelum.
1175 5144 1336 5221 languore
1355 5145 1472 5222 culpe.
1496 5145 1661 5210 secundus
1682 5145 1718 5210 iu
1742 5145 1974 5222 compassione

325 5243 405 5306 Coeli
425 5243 483 5304 alii
505 5241 583 5304 sunt
605 5241 808 5319 corporales,
834 5242 893 5304 alii
916 5242 1117 5320 spirituales.
1175 5243 1331 5314 miseriae,
1347 5243 1465 5305 tertius
1488 5242 1522 5304 iu
1538 5242 1737 5307 humilitatis
1753 5242 1971 5306 exhibitione.

323 5341 518 5418 Corporales
547 5341 625 5403 sunt
655 5340 725 5402 tres
759 5360 767 5400 ε
800 5339 943 5417 primum
978 5341 1029 5402 est
1059 5355 1120 5402 ae·
1175 5341 1305 5403 Primus
1326 5341 1506 5403 descensus
1528 5342 1579 5402 est
1597 5339 1706 5417 culpa,
1723 5339 1890 5402 secundus
1908 5341 1974 5402 mi-

325 5455 437 5518 reum,
467 5439 647 5500 secundum
677 5437 858 5509 sidereum,
885 5437 1020 5500 tertium
1049 5453 1121 5499 em·
1173 5438 1366 5512 scricordia,
1389 5439 1509 5502 tertius
1530 5437 1774 5500 benevolentia.
1794 5439 1840 5498 De
1863 5439 1972 5515 primo

325 5551 474 5614 pyreum.
503 5537 645 5596 Acreum
670 5536 721 5598 est
741 5534 893 5612 superior
914 5550 991 5610 pars
1017 5535 1116 5608 aeris,
1174 5537 1416 5614 scriptumest:
1434 5541 1515 5600 Non
1535 5537 1678 5598 avertas
1698 5539 1822 5612 factem
1838 5537 1936 5598 tuam
1949 5553 1972 5598 α

324 5631 412 5696 unde
433 5631 588 5696 dicuntur
608 5645 688 5694 aves
712 5631 799 5706 oceli,
818 5632 895 5711 quia
923 5633 1058 5695 manent
1082 5633 1117 5695 in
1172 5651 1239 5711 me,
1268 5637 1302 5698 θῖ
1321 5651 1381 5698 erc
1401 5638 1524 5698 similis
1548 5634 1828 5698 descendentibus
1854 5636 1889 5696 tu
1912 5639 1970 5698 ta·
