4104 6392
85 317 145 378 809
707 313 935 376 EPlSTOLAE.
958 315 1037 374 LIB.
1061 313 1101 374 11.
1668 317 1729 374 810

87 475 226 554 pacifice
247 435 553 553 possidetis-,uoltis
570 474 607 536 et
623 489 683 550 per
702 489 761 538 vos
773 474 880 535 eidem
934 470 1238 546 nualamnuutium,
1251 469 1729 544 siiorteinfirmitate,velalia

87 572 288 636 monasterio
320 572 430 634 vestro
466 571 671 634 auctoritate
690 570 880 648 apostolica
929 571 1020 648 justa
1044 585 1146 632 causa
1170 569 1391 646 personaliter
1414 569 1456 630 ad
1482 585 1545 631 nos
1570 569 1729 632 accedere
1830 579 1870 632 ,·

86 674 331 744 confirmamus,
347 673 380 733 et
398 671 574 748 praesentis
600 670 715 748 scripti
735 669 882 747 patroci—
933 683 1000 729 non
1022 667 1160 740 valeret,
1186 668 1357 728 nostretsa
1379 667 1514 729 curaret
1538 669 1728 744 conspectui

17 807 20 816 ·
87 772 142 832 nio
170 769 421 840 communimus,
450 767 640 830 habitantes
660 767 880 829 nihilominus
934 765 1148 841 praesentare,
1169 764 1366 841 apostolica
1388 763 1603 842 benignitatis
1625 765 1729 826 mise-

85 868 118 930 et
152 865 358 929 habitaturos
383 866 420 927 in
446 866 496 927 eis
522 865 583 927 sub
617 865 705 926 beati
728 864 819 926 Petri
848 866 881 926 et
933 861 1112 924 ricordiam
1127 862 1376 942 petiturus,.qui
1397 861 1569 924 humiliter
1589 862 1731 924 manda-

84 967 200 1026 uostra
214 963 422 1040 protectione
445 963 636 1040 specialiter
657 962 879 1024 admittentes.
933 958 979 1021 tis
1005 959 1073 1021 tuis
1107 957 1354 1036 obtemperans,
1382 959 1529 1021 laborem
1564 959 1666 1021 subiit
1689 961 1730 1022 ad

83 1061 133 1124 Ad
157 1061 317 1124 indicium
347 1062 468 1126 autem.
486 1060 586 1138 httjus
618 1059 879 1122 confirmationis
935 1048 1052 1118 sedem
1067 1057 1473 1134 Apostolicamveniendi3
1486 1057 1542 1118 sed
1558 1059 1734 1135 tamprop-

84 1161 118 1221 et
141 1158 357 1236 protectionis
375 1174 395 1219 a
413 1157 509 1222 nobis
538 1159 714 1236 perceptae,
740 1157 879 1234 singulae
933 1155 985 1216 ter
998 1155 1139 1218 viarum.
1152 1153 1313 1231 pericula,
1328 1170 1427 1232 quam
1443 1156 1578 1232 propter
1596 1155 1731 1218 invale-

85 1256 309 1318 habitationes
341 1256 490 1318 locorum
522 1256 671 1332 ipsorum
705 1255 880 1316 denarium
933 1251 1080 1312 tudinem
1091 1253 1240 1329 corporis
1251 1252 1464 1330 praepeditus,
1474 1252 1653 1330 procedere
1664 1269 1731 1314 non

85 1369 187 1414 unum
207 1369 326 1416 census
342 1352 881 1430 nomine‚..proutvosaliberaliter
935 1348 1041 1424 potuit
1068 1349 1156 1412 ultra
1185 1349 1303 1424 Pisas;
1334 1350 1468 1426 propter
1498 1350 1584 1428 quod
1611 1351 1732 1412 exindo

84 1450 447 1520 obtulistismnuuattm
462 1450 620 1516 Ecclesiae
635 1452 794 1512 Romanae
809 1464 882 1526 per·
935 1445 1071 1508 dilectos
1087 1447 1173 1508 illios
1189 1450 1225 1508 P.
1239 1447 1280 1509 de
1302 1446 1512 1510 Montelauro
1526 1451 1653 1527 aquen.
1671 1465 1731 1510 ar-

82 1548 227 1614 solvenl.
243 1547 336 1611 Nulli
357 1562 448 1624 erge,
465 1549 540 1620 eto,
565 1549 688 1608 nostrae
703 1546 882 1608 conflrma—
934 1542 1166 1606 chidiaconum
1177 1545 1210 1606 et
1224 1547 1261 1605 G.
1278 1543 1516 1605 cancellarium
1538 1545 1732 1607 monasterii

82 1643 546 1722 tioniss.etc..Si..quisaulem,
558 1645 621 1707 etc.
633 1645 751 1706 Datum
767 1647 880 1706 Romae
935 1641 1042 1702 sancti
1063 1641 1207 1703 Victoris
1221 1643 1255 1703 et
1268 1643 1321 1702 W.
1335 1643 1532 1704 canonicum
1544 1642 1728 1704 Massilien.

83 1742 172 1818 apud
195 1744 395 1816 aureamin,
413 1745 487 1804 XIV
503 1741 664 1805 kalendas
680 1741 770 1819 julii,
791 1757 881 1804 anno
934 1741 1167 1816 procuratores
1185 1755 1263 1801 suos
1283 1739 1324 1800 ad
1350 1741 1498 1803 nostram
1519 1743 1731 1819 presentiam

84 1839 243 1902 sectutdo.
934 1835 1731 1916 destinavit‚perquossuitnohishumilitersup-

438 1973 527 2061 GGG
933 1933 1728 2010 plicatummtetabsolutionisbeneficiumdicto

935 2033 973 2093 R.
988 2031 1174 2093 faceremus
1190 2032 1347 2109 impendi,
1360 2035 1393 2096 et
1402 2033 1595 2110 patrimonii
1605 2034 1658 2095 sui
1669 2050 1731 2095 cu-

121 2106 174 2166 Au
185 2105 340 2166 uuuuu‘m
357 2105 391 2166 0²
406 2105 613 2167 cummium
634 2107 669 2166 S·
695 2104 848 2164 Vivum
933 2127 1136 2189 ramhabere
1145 2129 1410 2204 permitteremus
1421 2129 1572 2192 eumdem
1582 2131 1650 2192 tam
1663 2130 1730 2193 tuis

360 2203 599 2264 Muuuuoeuuu·
934 2223 1038 2286 irater
1058 2225 1186 2288 Uticeu.
1209 2226 1242 2288 et
1269 2227 1514 2304 Metropolitan.
1537 2243 1577 2290 ac
1600 2227 1731 2290 abbatis

375 2323 408 2380 itt
427 2323 489 2395 jun.
511 2322 589 2380 lilii.
933 2323 997 2394 sui,
1014 2339 1114 2400 quam
1125 2322 1328 2385 venerahilis
1342 2323 1456 2386 fratris
1475 2324 1619 2387 nostri...
1635 2326 1730 2404 epis-

103 2437 226 2502 magua..
248 2435 293 2487 lib.
304 2435 336 2496 u,
346 2435 421 2502 aput.
433 2435 503 2486 ttae.
515 2435 751 2486 mascaronem
764 2433 860 2500 rasit]
933 2419 1008 2495 copi
1022 2419 1171 2495 capituli,
1186 2435 1225 2481 ac
1238 2420 1391 2490 militum,
1408 2438 1448 2483 ac
1459 2423 1607 2484 universi
1617 2423 1730 2500 populi

81 2544 205 2602 Litteras
224 2543 383 2602 innocentii
397 2543 448 2612 lll,
474 2543 610 2602 liocelino
624 2540 809 2600 absolutionis
827 2540 877 2599 be·
934 2515 1119 2578 Musuniflu·
1132 2531 1267 2578 uuuuuu
1280 2519 1313 2578 ut
1324 2517 1467 2580 aliorum
1485 2519 1730 2596 quamplurium

118 2631 255 2690 nepotum
272 2630 466 2700 momentis,
481 2631 593 2704 „pepp
608 2629 840 2703 &quamnam
850 2636 881 2686 ut
933 2612 1147 2690 praelatorum
1155 2613 1251 2675 nobis
1263 2630 1365 2692 super
1375 2615 1437 2676 hoc
1448 2614 1568 2678 litteris
1580 2633 1730 2694 praesen-

118 2735 154 2778 ea
174 2735 238 2794 que
261 2719 298 2778 de
317 2720 489 2792 patrimonia
510 2719 648 2778 Rooeliui:
659 2720 833 2776 monasterio
849 2718 879 2776 S.
933 2710 1022 2782 tatis,
1037 2711 1093 2787 qui
1109 2726 1169 2772 uos
1182 2711 1224 2772 ad
1236 2711 1270 2773 id
1285 2711 1410 2789 triplici
1418 2713 1548 2776 ratione
1563 2715 1730 2794 praecipue

117 2808 242 2868 Victoris
252 2807 439 2866 Massiliensis
453 2806 510 2864 sint
520 2805 803 2880 assignatapuctllce
811 2821 878 2879 pos·
934 2806 1091 2870 inducere
1102 2809 1307 2886 satagebant.
1321 2812 1400 2871 Cum
1411 2811 1500 2872 enim
1515 2811 1627 2874 nullus
1643 2829 1732 2890 prte-

118 2897 240 2956 uideant.
932 2904 984 2966 ter
995 2905 1104 2982 ipsum
1115 2905 1156 2966 d'e
1171 2905 1267 2968 domo
1279 2922 1340 2968 sua
1350 2908 1518 2970 masculus
1531 2911 1576 2972 sit
1592 2927 1731 2988 supers-

122 3008 398 3080 Honorius,.etc.,
420 3006 550 3068 dilectis
573 3004 690 3066 filiis...
713 3002 824 3065 abbati
846 3004 879 3065 et
932 3002 994 3072 tes,
1012 3001 1052 3062 de
1067 3003 1166 3062 terras
1186 3019 1256 3064 suae
1278 3003 1479 3078 hominibus,
1497 3007 1553 3083 qui
1578 3008 1730 3070 eumdem

79 3103 263 3166 couventui
281 3102 484 3164 monasterii.
497 3102 617 3164 Sancti
630 3101 773 3164 Victoris
789 3101 879 3162 Mas-
932 3097 1569 3178 sincerissimeuiltguntnonpraeesset,
1579 3106 1730 3167 ecclesiis

79 3201 250 3273 siliensis,
268 3200 408 3262 salutem
432 3199 464 3260 et
486 3197 702 3274 apostolicam
721 3196 879 3260 henedic-
932 3195 965 3256 et
985 3195 1062 3257 aliis
1077 3197 1141 3272 piis
1164 3195 1381 3274 loeisgravia
1397 3203 1532 3276 possent
1555 3201 1729 3279 dispendia

76 3299 218 3361 tionem.
932 3292 1118 3368 provenire.
1148 3294 1228 3354 Cum
1257 3295 1357 3357 etiam
1394 3298 1516 3359 multas
1551 3298 1729 3363 violentias

118 3395 216 3458 Sicut
236 3394 272 3455 in
297 3393 428 3469 regesto
454 3391 563 3452 felicis
585 3391 754 3453 memorie
777 3393 879 3453 Inno-
932 3390 1144 3452 commisarat
1165 3391 1199 3452 et
1220 3391 1367 3467 rapinas,
1392 3395 1425 3454 et
1444 3411 1564 3472 magna
1588 3395 1729 3460 subierit

75 3493 182 3556 centii
199 3506 292 3569 papae
309 3487 562 3567 praedecessoris
577 3487 684 3549 nostri
699 3487 877 3566 perspexi·
932 3487 1092 3548 hactenus
1106 3502 1209 3550 onera
1231 3486 1427 3564 debitorum,
1447 3491 1476 3552 si
1496 3492 1729 3568 prohiberetur

76 3607 153 3652 mus
169 3586 346 3659 contineri,
361 3586 440 3646 olim
460 3584 668 3646 Ebredunen.
691 3585 879 3662 archiepis·
932 3583 1040 3645 eidem
1050 3584 1196 3660 provisio
1206 3586 1306 3648 terrae
1321 3603 1402 3660 suae,
1415 3588 1473 3650 vix
1488 3589 1663 3667 quisquam
1678 3593 1728 3653 in-

76 3701 174 3765 copo,
183 3687 253 3747 et...
265 3680 598 3761 utican.Apostotlcae
614 3681 709 3744 Sedis
724 3682 835 3758 legato
845 3684 879 3745 et
931 3682 1113 3754 veniretur,
1130 3682 1186 3759 qui
1211 3683 1420 3748 satisfaceret
1437 3685 1478 3748 de
1500 3688 1679 3764 praedictis,
1696 3694 1729 3753 et

75 3787 206 3862 Ragau.
224 3781 389 3860 episcopis
404 3796 465 3841 sua
491 3779 614 3858 scripta
634 3779 670 3841 in
689 3778 762 3842 uaec
775 3779 894 3842 verba·
930 3779 1026 3841 multi
1041 3779 1269 3858 multipliciter
1287 3797 1355 3844 non
1376 3783 1500 3863 absque
1516 3787 1612 3862 gravi
1628 3803 1729 3850 scan-

74 3881 205 3944 direxIt
223 3900 230 3939 :
931 3874 1084 3938 dalosuls
1095 3877 1495 3955 iustitiislraudare'ntur.

115 3981 236 4039 «Cum
251 3974 442 4048 Rocalinus,
464 3974 521 4053 qui
547 3972 664 4037 habitu
687 3974 876 4036 monachali
970 3975 1133 4047 Quoniam
1148 3975 1251 4052 igitur
1265 3981 1479 4042 sacrosancta
1496 3983 1647 4045 Romana
1666 3986 1730 4046 lic-

72 4077 202 4154 rejecto
229 4072 412 4136 Massiliam
437 4071 581 4135 civitatis
601 4071 783 4135 dominium
812 4072 876 4135 sibi
930 4071 1032 4133 clasia
1066 4073 1149 4134 nulli
1179 4074 1350 4137 humiliter
1381 4077 1533 4140 redeunti
1565 4081 1727 4155 gremium

70 4177 202 4239 temere
218 4171 405 4249 usurparet,
421 4172 555 4248 propter
573 4170 786 4248 apostasiam,
798 4185 877 4247 per-
929 4186 1026 4230 suum
1042 4170 1177 4244 claudit,
1202 4188 1262 4234 nos
1286 4173 1378 4234 illius
1391 4175 1554 4253 exemplo,
1578 4177 1635 4254 qui
1660 4193 1727 4240 non

63 4274 212 4352 jurium,
242 4269 275 4344 et
300 4268 475 4340 incestum,
502 4282 565 4329 uec
590 4283 656 4329 non
678 4268 827 4346 rapinas,
843 4268 876 4330 at
929 4268 1000 4330 vult
1014 4270 1153 4331 mortem
1168 4269 1364 4346 peccatoris,
1388 4271 1445 4332 sed
1462 4275 1570 4349 potius
1590 4276 1627 4336 ut
1647 4291 1730 4337 con-

65 4369 229 4450 quaedam
244 4365 311 4428 alia
333 4365 457 4439 dudum
472 4380 492 4427 a
506 4364 603 4428 nohis
619 4366 652 4427 et
667 4365 874 4443 postmodum
929 4366 1078 4428 vertatur
1092 4368 1126 4429 et
1138 4366 1241 4438 vitat,
1262 4384 1362 4446 quum
1382 4372 1490 4447 majus
1505 4372 1664 4447 gaudium
1685 4373 1729 4436 sit
1758 4433 1763 4440 .

68 4473 147 4543 ate,
164 4467 423 4541 iraterliegeu„
441 4464 475 4525 et
496 4463 592 4524 bonae
613 4462 782 4524 memoriae
803 4479 876 4525 ma·
929 4463 1140 4540 angelisDei.
1159 4481 1259 4542 super
1283 4481 1349 4527 uno
1373 4469 1546 4543 peccatore
1569 4471 1730 4548 poeniteu·

68 4567 178 4644 gistro
201 4561 326 4625 Milone
350 4561 482 4622 notario
497 4561 623 4629 nostro,
638 4561 717 4622 tuno
733 4564 876 4637 Aposto-
928 4561 1015 4622 tiam
1032 4562 1161 4638 ageurta,
1177 4578 1276 4640 quam
1297 4579 1398 4641 supra
1412 4567 1594 4644 nonaginta
1608 4585 1728 4632 novem

68 4665 146 4726 licae
164 4658 263 4724 Sedis
278 4659 406 4734 legatis,
427 4657 733 4720 excommunicatus
748 4659 873 4720 extite-
924 4660 1047 4734 justos,
1057 4659 1158 4737 quise
1169 4659 1309 4724 credunt
1321 4662 1516 4738 punitentia
1531 4681 1598 4727 non
1612 4682 1723 4743 egere,

67 4763 124 4834 rit,
145 4759 217 4822 tam
243 4756 379 4817 civitate
400 4754 584 4816 Massiliam
603 4771 703 4832 quam
716 4755 872 4818 uniuersa
928 4755 1051 4833 dejam
1073 4757 1152 4820 dicti
1172 4761 1212 4820 li.
1229 4759 1423 4836 poenitentia
1445 4760 1645 4836 exultantes,
1670 4766 1727 4844 qui

66 4861 163 4922 terra
191 4853 299 4934 ipsius
322 4851 549 4914 ecclesiastico
573 4853 744 4929 supposita
764 4853 873 4915 inter·
928 4853 986 4914 diu
1016 4853 1126 4916 luerat
1153 4855 1189 4915 in
1224 4857 1428 4918 vanitatibus
1456 4859 1573 4920 saeculi
1599 4876 1726 4937 evaga-

67 4957 174 5025 dicto‚
191 4967 276 5014 sano
298 4948 574 5012 tandemductus
589 4949 741 5024 consilio,
756 4954 795 5012 A.
811 4966 875 5012 no-
927 4951 999 5022 tus‚
1024 4949 1211 5012 venerabili
1239 4951 1335 5015 fratri
1361 4955 1512 5016 u'ostro...
1541 4955 1729 5034 archiepis-

66 5054 130 5116 bili
159 5048 304 5114 muliere
339 5046 499 5118 dimissa,
536 5047 695 5123 rejectum
724 5047 873 5111 habitum
928 5063 1011 5125 copo
1033 5048 1146 5109 Pisan.
1168 5048 1318 5111 dedimus
1341 5050 1374 5112 in
1399 5051 1575 5128 mandatis,
1601 5054 1638 5115 ut
1662 5054 1728 5132 ipsi

66 5144 334 5222 reassumpserit
347 5143 521 5206 humiliter
535 5145 568 5204 et
582 5142 714 5216 devote,
731 5159 771 5205 ac
794 5147 871 5218 ate,
924 5147 1022 5222 juxta
1037 5145 1177 5206 sormam
1199 5146 1356 5208 Ecclesia
1375 5147 1573 5212 betredcium
1592 5151 1729 5214 absolu-

67 5248 179 5310 irater
195 5243 328 5306 Uticen.
342 5239 706 5312 excommunicationis,
721 5240 753 5302 et
768 5241 874 5304 inter-
928 5243 1030 5304 tionis
1043 5243 1214 5321 impendat
1228 5245 1261 5306 et
1274 5245 1427 5322 injungat
1442 5248 1560 5321 eidem,
1578 5251 1615 5311 ut
1628 5266 1727 5313 man-

66 5345 150 5408 dicti
165 5337 354 5404 sententias
369 5337 504 5415 petierit
518 5337 877 5430 relaxarisulllciente
928 5340 1014 5403 datis
1043 5341 1166 5403 uostris
1190 5341 1361 5406 humiliter
1374 5347 1501 5421 pareat,
1528 5362 1601 5424 quae
1628 5365 1728 5426 super

65 5444 109 5506 ab
126 5435 528 5520 ipsocautionerecepta,
544 5435 728 5498 incivitate
747 5437 873 5498 Massi·
927 5438 1096 5515 praedictis
1119 5438 1189 5518 ¹ipsi
1225 5439 1388 5503 duxeritis
1423 5443 1586 5506 iacienda.
1622 5449 1727 5510 Porro

66 5543 150 5603 lien.
178 5533 343 5598 relaxasti
365 5533 564 5594 sententiam
578 5533 747 5606 antedicti,
762 5533 869 5596 eidem
928 5551 1029 5614 super
1056 5536 1248 5614 patrimonii
1282 5538 1334 5600 sui
1363 5555 1459 5613 cura,
1491 5541 1540 5603 ita
1570 5541 1728 5608 duximus

67 5643 107 5701 R.
124 5634 272 5698 tirmiter
289 5631 505 5709 injungendo,
522 5631 558 5694 ut
572 5646 610 5694 se
621 5631 728 5709 ipsum
743 5632 796 5695 tel
811 5647 872 5725 par
928 5649 972 5698 ex
985 5632 1189 5712 benignitate
1209 5636 1397 5714 Apostolica
1420 5638 1675 5718 providendum,
1694 5644 1729 5706 ut
