<?xml version="1.0" encoding="UTF-8"?>
<!DOCTYPE html PUBLIC "-//W3C//DTD XHTML 1.0 Transitional//EN"
    "http://www.w3.org/TR/xhtml1/DTD/xhtml1-transitional.dtd">
<html xmlns="http://www.w3.org/1999/xhtml" xml:lang="en" lang="en">
 <head>
  <title>
</title>
<meta http-equiv="Content-Type" content="text/html;charset=utf-8" />
  <meta name='ocr-system' content='tesseract 3.04.00' />
  <meta name='ocr-capabilities' content='ocr_page ocr_carea ocr_par ocr_line ocrx_word'/>
</head>
<body>
  <div class='ocr_page' id='page_1' title='image "./mediiaevibiblio02unkngoog_0153.png"; bbox 0 0 4200 6404; ppageno 0'>
   <div class='ocr_carea' id='block_1_1' title="bbox 293 327 1954 430">
    <p class='ocr_par' dir='ltr' id='par_1_1' title="bbox 293 327 1954 430">
     <span class='ocr_line' id='line_1_1' title="bbox 293 327 1954 430; baseline -0.019 -21"><span class='ocrx_word' id='word_1_1' title='bbox 293 347 354 430; x_wconf 72' lang='lat'><strong>267</strong></span> <span class='ocrx_word' id='word_1_2' title='bbox 757 332 934 404; x_wconf 73' lang='lat' dir='ltr'><strong>solventi</strong></span> <span class='ocrx_word' id='word_1_3' title='bbox 956 331 1001 391; x_wconf 87' lang='grc' dir='ltr'><strong>ΙΙΙ</strong></span> <span class='ocrx_word' id='word_1_4' title='bbox 1023 331 1171 390; x_wconf 84' lang='lat' dir='ltr'><strong>OPERA.</strong></span> <span class='ocrx_word' id='word_1_5' title='bbox 1187 359 1228 378; x_wconf 84' lang='lat'><strong>-</strong></span> <span class='ocrx_word' id='word_1_6' title='bbox 1250 327 1484 389; x_wconf 81' lang='lat' dir='ltr'><strong>SERMONES.</strong></span> <span class='ocrx_word' id='word_1_7' title='bbox 1884 333 1954 391; x_wconf 61' lang='grc' dir='ltr'><strong>ξω</strong></span> 
     </span>
    </p>
   </div>
   <div class='ocr_carea' id='block_1_2' title="bbox 213 482 2004 5453">
    <p class='ocr_par' dir='ltr' id='par_1_2' title="bbox 213 482 2004 5453">
     <span class='ocr_line' id='line_1_2' title="bbox 294 482 1961 582; baseline -0.011 -14"><span class='ocrx_word' id='word_1_8' title='bbox 294 508 436 576; x_wconf 81' lang='lat' dir='ltr'><strong>mamm,</strong></span> <span class='ocrx_word' id='word_1_9' title='bbox 450 515 523 582; x_wconf 76' lang='lat' dir='ltr'><strong>qum</strong></span> <span class='ocrx_word' id='word_1_10' title='bbox 538 497 615 565; x_wconf 87' lang='lat' dir='ltr'><strong>dum</strong></span> <span class='ocrx_word' id='word_1_11' title='bbox 626 502 730 560; x_wconf 84' lang='lat' dir='ltr'><strong>venas</strong></span> <span class='ocrx_word' id='word_1_12' title='bbox 751 492 947 558; x_wconf 87' lang='lat' dir='ltr'><strong>intentionis</strong></span> <span class='ocrx_word' id='word_1_13' title='bbox 966 501 1089 568; x_wconf 79' lang='lat' dir='ltr'><strong>aquam</strong></span> <span class='ocrx_word' id='word_1_14' title='bbox 1144 487 1304 566; x_wconf 81' lang='lat' dir='ltr'><strong>effugere,</strong></span> <span class='ocrx_word' id='word_1_15' title='bbox 1320 486 1469 565; x_wconf 90' lang='lat' dir='ltr'><strong>leprosos</strong></span> <span class='ocrx_word' id='word_1_16' title='bbox 1481 482 1655 560; x_wconf 81' lang='lat' dir='ltr'><strong>mundare,</strong></span> <span class='ocrx_word' id='word_1_17' title='bbox 1675 486 1824 550; x_wconf 88' lang='lat' dir='ltr'><strong>mortuos</strong></span> <span class='ocrx_word' id='word_1_18' title='bbox 1838 491 1961 550; x_wconf 87' lang='lat' dir='ltr'><strong>susci-</strong></span> 
     </span>
     <span class='ocr_line' id='line_1_3' title="bbox 291 583 1958 681; baseline -0.009 -18"><span class='ocrx_word' id='word_1_19' title='bbox 291 597 457 681; x_wconf 83' lang='lat' dir='ltr'><strong>proposlti</strong></span> <span class='ocrx_word' id='word_1_20' title='bbox 470 611 531 658; x_wconf 88' lang='lat' dir='ltr'><strong>suo</strong></span> <span class='ocrx_word' id='word_1_21' title='bbox 543 601 620 657; x_wconf 86' lang='lat' dir='ltr'><strong>rore</strong></span> <span class='ocrx_word' id='word_1_22' title='bbox 631 592 786 669; x_wconf 86' lang='lat' dir='ltr'><strong>irrigent,</strong></span> <span class='ocrx_word' id='word_1_23' title='bbox 797 591 832 652; x_wconf 89' lang='lat' dir='ltr'><strong>ot</strong></span> <span class='ocrx_word' id='word_1_24' title='bbox 842 588 1030 660; x_wconf 82' lang='lat' dir='ltr'><strong>infundunt,</strong></span> <span class='ocrx_word' id='word_1_25' title='bbox 1047 601 1090 649; x_wconf 88' lang='lat' dir='ltr'><strong>ne</strong></span> <span class='ocrx_word' id='word_1_26' title='bbox 1142 587 1226 658; x_wconf 85' lang='lat' dir='ltr'><strong>tare,</strong></span> <span class='ocrx_word' id='word_1_27' title='bbox 1254 601 1275 647; x_wconf 82' lang='lat' dir='ltr'><strong>a</strong></span> <span class='ocrx_word' id='word_1_28' title='bbox 1300 584 1441 647; x_wconf 78' lang='lat' dir='ltr'><strong>mortuis</strong></span> <span class='ocrx_word' id='word_1_29' title='bbox 1466 593 1644 659; x_wconf 79' lang='lat' dir='ltr'>resurgere</span> <span class='ocrx_word' id='word_1_30' title='bbox 1670 583 1856 648; x_wconf 80' lang='lat' dir='ltr'><strong>divinitatis</strong></span> <span class='ocrx_word' id='word_1_31' title='bbox 1883 589 1958 648; x_wconf 85' lang='lat' dir='ltr'><strong>est.</strong></span> 
     </span>
     <span class='ocr_line' id='line_1_4' title="bbox 293 677 1962 767; baseline -0.008 -7"><span class='ocrx_word' id='word_1_32' title='bbox 293 696 497 760; x_wconf 72' lang='lat' dir='ltr'><strong>mendicans</strong></span> <span class='ocrx_word' id='word_1_33' title='bbox 509 686 972 767; x_wconf 71' lang='lat' dir='ltr'><strong>moriatunperseverantiam</strong></span> <span class='ocrx_word' id='word_1_34' title='bbox 985 687 1090 764; x_wconf 72' lang='lat' dir='ltr'><strong>laery-</strong></span> <span class='ocrx_word' id='word_1_35' title='bbox 1144 683 1349 760; x_wconf 88' lang='lat' dir='ltr'><strong>Quicumque</strong></span> <span class='ocrx_word' id='word_1_36' title='bbox 1372 679 1484 744; x_wconf 90' lang='lat' dir='ltr'><strong>omnia</strong></span> <span class='ocrx_word' id='word_1_37' title='bbox 1499 680 1564 742; x_wconf 84' lang='lat' dir='ltr'><strong>ista</strong></span> <span class='ocrx_word' id='word_1_38' title='bbox 1578 677 1685 743; x_wconf 90' lang='lat' dir='ltr'><strong>credit</strong></span> <span class='ocrx_word' id='word_1_39' title='bbox 1705 695 1780 743; x_wconf 88' lang='lat' dir='ltr'><strong>cum</strong></span> <span class='ocrx_word' id='word_1_40' title='bbox 1796 683 1871 745; x_wconf 84' lang='lat' dir='ltr'><strong>aliis</strong></span> <span class='ocrx_word' id='word_1_41' title='bbox 1887 683 1962 746; x_wconf 89' lang='lat' dir='ltr'><strong>ho-</strong></span> 
     </span>
     <span class='ocr_line' id='line_1_5' title="bbox 294 778 1961 867; baseline -0.009 -10"><span class='ocrx_word' id='word_1_42' title='bbox 294 810 434 858; x_wconf 85' lang='lat' dir='ltr'><strong>merum.</strong></span> <span class='ocrx_word' id='word_1_43' title='bbox 458 793 599 867; x_wconf 73' lang='lat' dir='ltr'><strong>Lignum</strong></span> <span class='ocrx_word' id='word_1_44' title='bbox 618 789 704 867; x_wconf 82' lang='lat' dir='ltr'><strong>quod</strong></span> <span class='ocrx_word' id='word_1_45' title='bbox 722 789 819 865; x_wconf 73' lang='lat' dir='ltr'><strong>Juxta</strong></span> <span class='ocrx_word' id='word_1_46' title='bbox 837 785 961 848; x_wconf 81' lang='lat' dir='ltr'><strong>fluenta</strong></span> <span class='ocrx_word' id='word_1_47' title='bbox 985 799 1091 862; x_wconf 85' lang='lat' dir='ltr'><strong>aque·</strong></span> <span class='ocrx_word' id='word_1_48' title='bbox 1143 781 1196 842; x_wconf 89' lang='lat' dir='ltr'><strong>nis</strong></span> <span class='ocrx_word' id='word_1_49' title='bbox 1212 779 1471 858; x_wconf 87' lang='lat' dir='ltr'><strong>operationibus,</strong></span> <span class='ocrx_word' id='word_1_50' title='bbox 1495 793 1555 855; x_wconf 88' lang='lat' dir='ltr'><strong>per</strong></span> <span class='ocrx_word' id='word_1_51' title='bbox 1578 779 1704 840; x_wconf 87' lang='lat' dir='ltr'><strong>scalam</strong></span> <span class='ocrx_word' id='word_1_52' title='bbox 1720 778 1817 842; x_wconf 84' lang='lat' dir='ltr'><strong>istam</strong></span> <span class='ocrx_word' id='word_1_53' title='bbox 1832 797 1961 844; x_wconf 87' lang='lat' dir='ltr'><strong>ascen-</strong></span> 
     </span>
     <span class='ocr_line' id='line_1_6' title="bbox 293 876 1962 970; baseline -0.008 -15"><span class='ocrx_word' id='word_1_54' title='bbox 293 909 368 955; x_wconf 89' lang='lat' dir='ltr'><strong>rum</strong></span> <span class='ocrx_word' id='word_1_55' title='bbox 389 891 573 970; x_wconf 79' lang='lat' dir='ltr'><strong>plantatum</strong></span> <span class='ocrx_word' id='word_1_56' title='bbox 601 889 669 960; x_wconf 90' lang='lat' dir='ltr'><strong>est,</strong></span> <span class='ocrx_word' id='word_1_57' title='bbox 693 883 836 948; x_wconf 78' lang='lat' dir='ltr'><strong>viridius</strong></span> <span class='ocrx_word' id='word_1_58' title='bbox 858 884 891 946; x_wconf 91' lang='lat' dir='ltr'><strong>et</strong></span> <span class='ocrx_word' id='word_1_59' title='bbox 917 881 1089 962; x_wconf 75' lang='lat' dir='ltr'><strong>pulchrius</strong></span> <span class='ocrx_word' id='word_1_60' title='bbox 1144 879 1192 940; x_wconf 93' lang='lat' dir='ltr'><strong>dit</strong></span> <span class='ocrx_word' id='word_1_61' title='bbox 1206 879 1238 940; x_wconf 90' lang='lat' dir='ltr'><strong>et</strong></span> <span class='ocrx_word' id='word_1_62' title='bbox 1253 879 1310 956; x_wconf 87' lang='lat' dir='ltr'><strong>qui</strong></span> <span class='ocrx_word' id='word_1_63' title='bbox 1330 893 1397 940; x_wconf 90' lang='lat' dir='ltr'><strong>non</strong></span> <span class='ocrx_word' id='word_1_64' title='bbox 1415 876 1530 950; x_wconf 88' lang='lat' dir='ltr'><strong>eredit,</strong></span> <span class='ocrx_word' id='word_1_65' title='bbox 1547 876 1729 939; x_wconf 89' lang='lat' dir='ltr'><strong>descendit.</strong></span> <span class='ocrx_word' id='word_1_66' title='bbox 1747 878 1827 940; x_wconf 90' lang='lat' dir='ltr'><strong>Item</strong></span> <span class='ocrx_word' id='word_1_67' title='bbox 1844 901 1851 940; x_wconf 92' lang='lat'><strong>:</strong></span> <span class='ocrx_word' id='word_1_68' title='bbox 1866 896 1962 957; x_wconf 87' lang='lat' dir='ltr'><strong>gra-</strong></span> 
     </span>
     <span class='ocr_line' id='line_1_7' title="bbox 222 974 1960 1060; baseline -0.009 -6"><span class='ocrx_word' id='word_1_69' title='bbox 222 988 228 1001; x_wconf 88' lang='lat'>&#39;</span> <span class='ocrx_word' id='word_1_70' title='bbox 294 991 371 1053; x_wconf 84' lang='lat' dir='ltr'><strong>aliis</strong></span> <span class='ocrx_word' id='word_1_71' title='bbox 395 1005 469 1052; x_wconf 88' lang='lat' dir='ltr'><strong>esse</strong></span> <span class='ocrx_word' id='word_1_72' title='bbox 492 988 587 1060; x_wconf 87' lang='lat' dir='ltr'><strong>solet,</strong></span> <span class='ocrx_word' id='word_1_73' title='bbox 611 981 1090 1060; x_wconf 80' lang='lat' dir='ltr'><strong>etmagisoresoit.dl1ristus</strong></span> <span class='ocrx_word' id='word_1_74' title='bbox 1144 976 1206 1037; x_wconf 92' lang='lat' dir='ltr'><strong>dus</strong></span> <span class='ocrx_word' id='word_1_75' title='bbox 1230 976 1329 1054; x_wconf 76' lang='lat' dir='ltr'><strong>liujm</strong></span> <span class='ocrx_word' id='word_1_76' title='bbox 1352 975 1451 1038; x_wconf 84' lang='lat' dir='ltr'><strong>scalae</strong></span> <span class='ocrx_word' id='word_1_77' title='bbox 1472 974 1551 1036; x_wconf 87' lang='lat' dir='ltr'><strong>sunt</strong></span> <span class='ocrx_word' id='word_1_78' title='bbox 1578 975 1771 1050; x_wconf 82' lang='lat' dir='ltr'><strong>Evangelia,</strong></span> <span class='ocrx_word' id='word_1_79' title='bbox 1792 991 1849 1053; x_wconf 90' lang='lat' dir='ltr'><strong>per</strong></span> <span class='ocrx_word' id='word_1_80' title='bbox 1871 990 1960 1056; x_wconf 83' lang='lat' dir='ltr'><strong>quae</strong></span> 
     </span>
     <span class='ocr_line' id='line_1_8' title="bbox 294 1071 1541 1164; baseline -0.014 -14"><span class='ocrx_word' id='word_1_81' title='bbox 294 1103 375 1164; x_wconf 87' lang='lat' dir='ltr'><strong>ergo</strong></span> <span class='ocrx_word' id='word_1_82' title='bbox 391 1087 498 1149; x_wconf 87' lang='lat' dir='ltr'><strong>dictes</strong></span> <span class='ocrx_word' id='word_1_83' title='bbox 517 1087 568 1147; x_wconf 87' lang='lat' dir='ltr'><strong>est</strong></span> <span class='ocrx_word' id='word_1_84' title='bbox 581 1084 706 1160; x_wconf 91' lang='lat' dir='ltr'><strong>lignum</strong></span> <span class='ocrx_word' id='word_1_85' title='bbox 721 1079 807 1158; x_wconf 84' lang='lat' dir='ltr'><strong>quod</strong></span> <span class='ocrx_word' id='word_1_86' title='bbox 833 1080 1019 1157; x_wconf 87' lang='lat' dir='ltr'><strong>plantatum</strong></span> <span class='ocrx_word' id='word_1_87' title='bbox 1040 1077 1091 1139; x_wconf 87' lang='lat' dir='ltr'><strong>est</strong></span> <span class='ocrx_word' id='word_1_88' title='bbox 1143 1075 1231 1136; x_wconf 90' lang='lat' dir='ltr'><strong>totus</strong></span> <span class='ocrx_word' id='word_1_89' title='bbox 1247 1071 1389 1134; x_wconf 88' lang='lat' dir='ltr'><strong>mundus</strong></span> <span class='ocrx_word' id='word_1_90' title='bbox 1404 1073 1541 1149; x_wconf 84' lang='lat' dir='ltr'><strong>regitur.</strong></span> 
     </span>
     <span class='ocr_line' id='line_1_9' title="bbox 294 1169 1957 1258; baseline -0.008 -9"><span class='ocrx_word' id='word_1_91' title='bbox 294 1201 392 1248; x_wconf 89' lang='lat' dir='ltr'><strong>secus</strong></span> <span class='ocrx_word' id='word_1_92' title='bbox 421 1184 579 1246; x_wconf 84' lang='lat' dir='ltr'><strong>decursus</strong></span> <span class='ocrx_word' id='word_1_93' title='bbox 604 1192 779 1258; x_wconf 86' lang='lat' dir='ltr'><strong>equarum,</strong></span> <span class='ocrx_word' id='word_1_94' title='bbox 795 1177 874 1256; x_wconf 86' lang='lat' dir='ltr'><strong>qula</strong></span> <span class='ocrx_word' id='word_1_95' title='bbox 898 1177 1038 1238; x_wconf 90' lang='lat' dir='ltr'><strong>viridior</strong></span> <span class='ocrx_word' id='word_1_96' title='bbox 1057 1177 1090 1236; x_wconf 90' lang='lat' dir='ltr'><strong>et</strong></span> <span class='ocrx_word' id='word_1_97' title='bbox 1185 1173 1333 1244; x_wconf 86' lang='lat' dir='ltr'><strong>Quatuor</strong></span> <span class='ocrx_word' id='word_1_98' title='bbox 1347 1172 1424 1233; x_wconf 87' lang='lat' dir='ltr'><strong>sunt</strong></span> <span class='ocrx_word' id='word_1_99' title='bbox 1438 1169 1614 1248; x_wconf 78' lang='lat' dir='ltr'><strong>qvmlitates</strong></span> <span class='ocrx_word' id='word_1_100' title='bbox 1629 1169 1670 1232; x_wconf 89' lang='lat' dir='ltr'><strong>de</strong></span> <span class='ocrx_word' id='word_1_101' title='bbox 1689 1169 1808 1248; x_wconf 87' lang='lat' dir='ltr'><strong>quibus</strong></span> <span class='ocrx_word' id='word_1_102' title='bbox 1827 1172 1957 1235; x_wconf 86' lang='lat' dir='ltr'><strong>sancta</strong></span> 
     </span>
     <span class='ocr_line' id='line_1_10' title="bbox 226 1269 1962 1366; baseline -0.008 -20"><span class='ocrx_word' id='word_1_103' title='bbox 226 1358 231 1366; x_wconf 24' lang='lat'><strong>¹</strong></span> <span class='ocrx_word' id='word_1_104' title='bbox 295 1282 430 1345; x_wconf 75' lang='lat' dir='ltr'><strong>uberior</strong></span> <span class='ocrx_word' id='word_1_105' title='bbox 443 1280 506 1342; x_wconf 80' lang='lat' dir='ltr'><strong>luit</strong></span> <span class='ocrx_word' id='word_1_106' title='bbox 524 1281 559 1340; x_wconf 93' lang='lat' dir='ltr'><strong>in</strong></span> <span class='ocrx_word' id='word_1_107' title='bbox 573 1279 682 1356; x_wconf 88' lang='lat' dir='ltr'><strong>gratia</strong></span> <span class='ocrx_word' id='word_1_108' title='bbox 698 1275 828 1343; x_wconf 82' lang='lat' dir='ltr'><strong>caeteris</strong></span> <span class='ocrx_word' id='word_1_109' title='bbox 845 1275 982 1336; x_wconf 82' lang='lat' dir='ltr'><strong>senatis.</strong></span> <span class='ocrx_word' id='word_1_110' title='bbox 997 1272 1090 1336; x_wconf 87' lang='lat' dir='ltr'><strong>Unde</strong></span> <span class='ocrx_word' id='word_1_111' title='bbox 1146 1269 1326 1346; x_wconf 75' lang='lat' dir='ltr'><strong>Evangelia</strong></span> <span class='ocrx_word' id='word_1_112' title='bbox 1361 1269 1614 1330; x_wconf 83' lang='lat' dir='ltr'><strong>contexuntur:</strong></span> <span class='ocrx_word' id='word_1_113' title='bbox 1638 1270 1823 1346; x_wconf 71' lang='lat' dir='ltr'><strong>precepta,</strong></span> <span class='ocrx_word' id='word_1_114' title='bbox 1850 1285 1962 1332; x_wconf 85' lang='lat' dir='ltr'><strong>man-</strong></span> 
     </span>
     <span class='ocr_line' id='line_1_11' title="bbox 294 1365 1960 1456; baseline -0.008 -14"><span class='ocrx_word' id='word_1_115' title='bbox 294 1381 330 1443; x_wconf 88' lang='lat' dir='ltr'><strong>in</strong></span> <span class='ocrx_word' id='word_1_116' title='bbox 346 1379 549 1456; x_wconf 77' lang='lat' dir='ltr'><strong>Evangelio:</strong></span> <span class='ocrx_word' id='word_1_117' title='bbox 571 1379 622 1441; x_wconf 85' lang='lat' dir='ltr'><strong>De</strong></span> <span class='ocrx_word' id='word_1_118' title='bbox 642 1375 853 1449; x_wconf 61' lang='lat' dir='ltr'><strong>cercitudine</strong></span> <span class='ocrx_word' id='word_1_119' title='bbox 877 1376 951 1447; x_wconf 81' lang='lat' dir='ltr'><strong>ejus</strong></span> <span class='ocrx_word' id='word_1_120' title='bbox 972 1385 1091 1434; x_wconf 78' lang='lat' dir='ltr'><strong>menas</strong></span> <span class='ocrx_word' id='word_1_121' title='bbox 1145 1365 1243 1438; x_wconf 88' lang='lat' dir='ltr'><strong>data,</strong></span> <span class='ocrx_word' id='word_1_122' title='bbox 1264 1366 1475 1439; x_wconf 86' lang='lat' dir='ltr'><strong>testimonia,</strong></span> <span class='ocrx_word' id='word_1_123' title='bbox 1506 1365 1670 1443; x_wconf 79' lang='lat' dir='ltr'><strong>exempla.</strong></span> <span class='ocrx_word' id='word_1_124' title='bbox 1701 1368 1739 1427; x_wconf 93' lang='lat' dir='ltr'><strong>ln</strong></span> <span class='ocrx_word' id='word_1_125' title='bbox 1770 1369 1960 1446; x_wconf 71' lang='lat' dir='ltr'><strong>preceptis</strong></span> 
     </span>
     <span class='ocr_line' id='line_1_12' title="bbox 293 1463 1960 1554; baseline -0.008 -15"><span class='ocrx_word' id='word_1_126' title='bbox 293 1481 499 1554; x_wconf 66' lang='lat' dir='ltr'><strong>mmmm,</strong></span> <span class='ocrx_word' id='word_1_127' title='bbox 512 1477 547 1538; x_wconf 84' lang='lat' dir='ltr'><strong>et</strong></span> <span class='ocrx_word' id='word_1_128' title='bbox 565 1475 801 1552; x_wconf 71' lang='lat' dir='ltr'><strong>praetenero</strong></span> <span class='ocrx_word' id='word_1_129' title='bbox 819 1474 936 1550; x_wconf 69' lang='lat' dir='ltr'><strong>goutte</strong></span> <span class='ocrx_word' id='word_1_130' title='bbox 948 1466 1089 1550; x_wconf 68' lang='lat' dir='ltr'><strong>(dodun,</strong></span> <span class='ocrx_word' id='word_1_131' title='bbox 1142 1464 1284 1541; x_wconf 86' lang='lat' dir='ltr'><strong>justitia,</strong></span> <span class='ocrx_word' id='word_1_132' title='bbox 1300 1463 1336 1526; x_wconf 91' lang='lat' dir='ltr'><strong>in</strong></span> <span class='ocrx_word' id='word_1_133' title='bbox 1349 1463 1734 1537; x_wconf 81' lang='lat' dir='ltr'><strong>mandatischarites,in</strong></span> <span class='ocrx_word' id='word_1_134' title='bbox 1748 1465 1960 1528; x_wconf 80' lang='lat' dir='ltr'><strong>testimoniis</strong></span> 
     </span>
     <span class='ocr_line' id='line_1_13' title="bbox 295 1560 1960 1655; baseline -0.008 -17"><span class='ocrx_word' id='word_1_135' title='bbox 295 1575 413 1655; x_wconf 78' lang='lat' dir='ltr'><strong>lo).lit</strong></span> <span class='ocrx_word' id='word_1_136' title='bbox 421 1573 593 1652; x_wconf 88' lang='lat' dir='ltr'><strong>pulchrior</strong></span> <span class='ocrx_word' id='word_1_137' title='bbox 604 1569 756 1634; x_wconf 90' lang='lat' dir='ltr'><strong>omnibus</strong></span> <span class='ocrx_word' id='word_1_138' title='bbox 768 1569 841 1632; x_wconf 83' lang='lat' dir='ltr'><strong>fult</strong></span> <span class='ocrx_word' id='word_1_139' title='bbox 859 1568 952 1632; x_wconf 88' lang='lat' dir='ltr'><strong>Unde</strong></span> <span class='ocrx_word' id='word_1_140' title='bbox 963 1567 1089 1630; x_wconf 71' lang='lat' dir='ltr'><strong>David:</strong></span> <span class='ocrx_word' id='word_1_141' title='bbox 1147 1561 1238 1634; x_wconf 85' lang='lat' dir='ltr'><strong>tides,</strong></span> <span class='ocrx_word' id='word_1_142' title='bbox 1262 1562 1297 1623; x_wconf 94' lang='lat' dir='ltr'><strong>in</strong></span> <span class='ocrx_word' id='word_1_143' title='bbox 1316 1562 1478 1639; x_wconf 82' lang='lat' dir='ltr'><strong>exemplis</strong></span> <span class='ocrx_word' id='word_1_144' title='bbox 1502 1560 1672 1639; x_wconf 78' lang='lat' dir='ltr'><strong>perfectio.</strong></span> <span class='ocrx_word' id='word_1_145' title='bbox 1695 1563 1864 1641; x_wconf 74' lang='lat' dir='ltr'><strong>Praecepta</strong></span> <span class='ocrx_word' id='word_1_146' title='bbox 1887 1564 1960 1624; x_wconf 79' lang='lat' dir='ltr'><strong>luu-</strong></span> 
     </span>
     <span class='ocr_line' id='line_1_14' title="bbox 293 1659 1960 1747; baseline -0.008 -11"><span class='ocrx_word' id='word_1_147' title='bbox 293 1675 474 1747; x_wconf 75' lang='lat' dir='ltr'><strong>Spectosus</strong></span> <span class='ocrx_word' id='word_1_148' title='bbox 483 1665 948 1746; x_wconf 64' lang='lat' dir='ltr'><strong>immmwaefitttsltmntoum</strong></span> <span class='ocrx_word' id='word_1_149' title='bbox 957 1667 1030 1745; x_wconf 78' lang='lat' dir='ltr'><strong>(Pe.</strong></span> <span class='ocrx_word' id='word_1_150' title='bbox 1039 1668 1089 1739; x_wconf 80' lang='lat' dir='ltr'><strong>ll,</strong></span> <span class='ocrx_word' id='word_1_151' title='bbox 1141 1659 1287 1736; x_wconf 84' lang='lat' dir='ltr'><strong>jusmodi</strong></span> <span class='ocrx_word' id='word_1_152' title='bbox 1299 1660 1396 1722; x_wconf 87' lang='lat' dir='ltr'><strong>sunt:</strong></span> <span class='ocrx_word' id='word_1_153' title='bbox 1411 1664 1454 1721; x_wconf 79' lang='lat' dir='ltr'><strong>In</strong></span> <span class='ocrx_word' id='word_1_154' title='bbox 1464 1663 1560 1722; x_wconf 82' lang='lat' dir='ltr'><strong>otum</strong></span> <span class='ocrx_word' id='word_1_155' title='bbox 1573 1661 1782 1737; x_wconf 75' lang='lat' dir='ltr'><strong>gentiumne</strong></span> <span class='ocrx_word' id='word_1_156' title='bbox 1791 1663 1960 1724; x_wconf 67' lang='lat' dir='ltr'><strong>adimitis</strong></span> 
     </span>
     <span class='ocr_line' id='line_1_15' title="bbox 293 1755 1958 1849; baseline -0.008 -16"><span class='ocrx_word' id='word_1_157' title='bbox 293 1767 360 1849; x_wconf 71' lang='grc'><strong>23).</strong></span> <span class='ocrx_word' id='word_1_158' title='bbox 388 1769 428 1831; x_wconf 81' lang='lat' dir='ltr'><strong>st</strong></span> <span class='ocrx_word' id='word_1_159' title='bbox 462 1767 567 1830; x_wconf 86' lang='lat' dir='ltr'><strong>isaias</strong></span> <span class='ocrx_word' id='word_1_160' title='bbox 588 1784 596 1827; x_wconf 73' lang='grc' dir='ltr'><em>ε</em></span> <span class='ocrx_word' id='word_1_161' title='bbox 621 1766 692 1828; x_wconf 76' lang='lat' dir='ltr'><strong>lete</strong></span> <span class='ocrx_word' id='word_1_162' title='bbox 723 1768 898 1839; x_wconf 78' lang='lat' dir='ltr'><strong>formosus</strong></span> <span class='ocrx_word' id='word_1_163' title='bbox 933 1767 972 1825; x_wconf 80' lang='lat' dir='ltr'><strong>tn</strong></span> <span class='ocrx_word' id='word_1_164' title='bbox 1004 1764 1092 1826; x_wconf 84' lang='lat' dir='ltr'><strong>stota</strong></span> <span class='ocrx_word' id='word_1_165' title='bbox 1147 1755 1277 1837; x_wconf 80' lang='lat' dir='ltr'><strong>(maen.</strong></span> <span class='ocrx_word' id='word_1_166' title='bbox 1293 1773 1327 1829; x_wconf 83' lang='lat' dir='ltr'><strong>x,</strong></span> <span class='ocrx_word' id='word_1_167' title='bbox 1343 1757 1390 1836; x_wconf 81' lang='grc'><strong>5).</strong></span> <span class='ocrx_word' id='word_1_168' title='bbox 1407 1758 1477 1819; x_wconf 88' lang='lat' dir='ltr'><strong>Hoc</strong></span> <span class='ocrx_word' id='word_1_169' title='bbox 1487 1757 1548 1830; x_wconf 90' lang='lat' dir='ltr'><strong>est,</strong></span> <span class='ocrx_word' id='word_1_170' title='bbox 1565 1757 1728 1820; x_wconf 87' lang='lat' dir='ltr'><strong>declinaa</strong></span> <span class='ocrx_word' id='word_1_171' title='bbox 1744 1758 1841 1820; x_wconf 87' lang='lat' dir='ltr'><strong>malo.</strong></span> <span class='ocrx_word' id='word_1_172' title='bbox 1853 1761 1958 1820; x_wconf 79' lang='lat' dir='ltr'><strong>Man-</strong></span> 
     </span>
     <span class='ocr_line' id='line_1_16' title="bbox 293 1851 1952 1944; baseline -0.002 -13"><span class='ocrx_word' id='word_1_173' title='bbox 293 1882 370 1939; x_wconf 72' lang='lat' dir='ltr'><strong>suo,</strong></span> <span class='ocrx_word' id='word_1_174' title='bbox 390 1869 554 1944; x_wconf 67' lang='lat' dir='ltr'><strong>praemiis</strong></span> <span class='ocrx_word' id='word_1_175' title='bbox 571 1868 610 1926; x_wconf 79' lang='lat' dir='ltr'><strong>tc</strong></span> <span class='ocrx_word' id='word_1_176' title='bbox 622 1860 841 1925; x_wconf 78' lang='lat' dir='ltr'><strong>multitudine</strong></span> <span class='ocrx_word' id='word_1_177' title='bbox 862 1861 1005 1923; x_wconf 73' lang='lat' dir='ltr'><strong>virtutis</strong></span> <span class='ocrx_word' id='word_1_178' title='bbox 1018 1871 1092 1922; x_wconf 77' lang='lat' dir='ltr'><strong>soce</strong></span> <span class='ocrx_word' id='word_1_179' title='bbox 1146 1855 1234 1928; x_wconf 81' lang='lat' dir='ltr'><strong>data,</strong></span> <span class='ocrx_word' id='word_1_180' title='bbox 1250 1856 1287 1918; x_wconf 86' lang='lat' dir='ltr'><strong>ut</strong></span> <span class='ocrx_word' id='word_1_181' title='bbox 1310 1851 1374 1917; x_wconf 84' lang='lat' dir='ltr'><strong>hoc</strong></span> <span class='ocrx_word' id='word_1_182' title='bbox 1388 1875 1396 1916; x_wconf 74' lang='grc' dir='ltr'><strong>ε</strong></span> <span class='ocrx_word' id='word_1_183' title='bbox 1412 1853 1618 1918; x_wconf 76' lang='lat' dir='ltr'><strong>Moitdotnm</strong></span> <span class='ocrx_word' id='word_1_184' title='bbox 1641 1851 1824 1919; x_wconf 76' lang='lat' dir='ltr'><strong>noeumdo</strong></span> <span class='ocrx_word' id='word_1_185' title='bbox 1838 1860 1952 1930; x_wconf 71' lang='lat' dir='ltr'><strong>eoois,</strong></span> 
     </span>
     <span class='ocr_line' id='line_1_17' title="bbox 297 1951 1955 2044; baseline -0.005 -20"><span class='ocrx_word' id='word_1_186' title='bbox 297 1961 532 2044; x_wconf 73' lang='lat' dir='ltr'><strong>(IS.1.1111,1).</strong></span> <span class='ocrx_word' id='word_1_187' title='bbox 555 1962 626 2023; x_wconf 76' lang='lat' dir='ltr'><strong>lete</strong></span> <span class='ocrx_word' id='word_1_188' title='bbox 646 1962 821 2034; x_wconf 69' lang='lat' dir='ltr'><strong>scrumosus</strong></span> <span class='ocrx_word' id='word_1_189' title='bbox 842 1961 880 2020; x_wconf 83' lang='lat' dir='ltr'><strong>tn</strong></span> <span class='ocrx_word' id='word_1_190' title='bbox 903 1959 989 2021; x_wconf 85' lang='lat' dir='ltr'><strong>stota</strong></span> <span class='ocrx_word' id='word_1_191' title='bbox 1013 1971 1090 2031; x_wconf 79' lang='lat' dir='ltr'><strong>rua,</strong></span> <span class='ocrx_word' id='word_1_192' title='bbox 1145 1952 1184 2014; x_wconf 78' lang='lat' dir='ltr'><strong>ec</strong></span> <span class='ocrx_word' id='word_1_193' title='bbox 1211 1954 1362 2030; x_wconf 71' lang='lat' dir='ltr'><strong>stirpam</strong></span> <span class='ocrx_word' id='word_1_194' title='bbox 1385 1957 1534 2015; x_wconf 74' lang='lat' dir='ltr'><strong>invicem</strong></span> <span class='ocrx_word' id='word_1_195' title='bbox 1560 1951 1669 2032; x_wconf 77' lang='lat' dir='ltr'><strong>(ioan.</strong></span> <span class='ocrx_word' id='word_1_196' title='bbox 1694 1965 1769 2024; x_wconf 84' lang='lat' dir='ltr'><strong>xiii,</strong></span> <span class='ocrx_word' id='word_1_197' title='bbox 1792 1953 1856 2033; x_wconf 77' lang='grc'><strong>34),</strong></span> <span class='ocrx_word' id='word_1_198' title='bbox 1880 1954 1955 2016; x_wconf 89' lang='lat' dir='ltr'><strong>hoo</strong></span> 
     </span>
     <span class='ocr_line' id='line_1_18' title="bbox 272 2049 1958 2134; baseline -0.006 -12"><span class='ocrx_word' id='word_1_199' title='bbox 272 2062 392 2134; x_wconf 78' lang='lat' dir='ltr'><strong>idest,</strong></span> <span class='ocrx_word' id='word_1_200' title='bbox 412 2059 448 2121; x_wconf 89' lang='lat' dir='ltr'><strong>iu</strong></span> <span class='ocrx_word' id='word_1_201' title='bbox 471 2057 589 2120; x_wconf 77' lang='lat' dir='ltr'><strong>habitu</strong></span> <span class='ocrx_word' id='word_1_202' title='bbox 614 2056 831 2119; x_wconf 79' lang='lat' dir='ltr'><strong>humanitatis</strong></span> <span class='ocrx_word' id='word_1_203' title='bbox 844 2079 851 2131; x_wconf 89' lang='lat'><strong>;</strong></span> <span class='ocrx_word' id='word_1_204' title='bbox 864 2054 1030 2132; x_wconf 68' lang='lat' dir='ltr'><strong>procons</strong></span> <span class='ocrx_word' id='word_1_205' title='bbox 1054 2059 1092 2117; x_wconf 79' lang='lat' dir='ltr'><strong>ive</strong></span> <span class='ocrx_word' id='word_1_206' title='bbox 1146 2053 1208 2122; x_wconf 88' lang='lat' dir='ltr'><strong>est,</strong></span> <span class='ocrx_word' id='word_1_207' title='bbox 1225 2049 1278 2112; x_wconf 84' lang='lat' dir='ltr'><strong>lac</strong></span> <span class='ocrx_word' id='word_1_208' title='bbox 1292 2050 1415 2112; x_wconf 84' lang='lat' dir='ltr'><strong>honum</strong></span> <span class='ocrx_word' id='word_1_209' title='bbox 1440 2051 1472 2112; x_wconf 90' lang='lat' dir='ltr'><strong>et</strong></span> <span class='ocrx_word' id='word_1_210' title='bbox 1493 2051 1690 2112; x_wconf 81' lang='lat' dir='ltr'><strong>charitatem</strong></span> <span class='ocrx_word' id='word_1_211' title='bbox 1705 2050 1817 2128; x_wconf 90' lang='lat' dir='ltr'><strong>imple.</strong></span> <span class='ocrx_word' id='word_1_212' title='bbox 1839 2053 1958 2114; x_wconf 82' lang='lat' dir='ltr'><strong>Testi-</strong></span> 
     </span>
     <span class='ocr_line' id='line_1_19' title="bbox 293 2147 1959 2230; baseline -0.006 -8"><span class='ocrx_word' id='word_1_213' title='bbox 293 2159 511 2222; x_wconf 75' lang='lat' dir='ltr'><strong>mmtoumne</strong></span> <span class='ocrx_word' id='word_1_214' title='bbox 525 2155 668 2218; x_wconf 76' lang='lat' dir='ltr'><strong>vtrtme</strong></span> <span class='ocrx_word' id='word_1_215' title='bbox 680 2169 764 2227; x_wconf 83' lang='lat' dir='ltr'><strong>suoe,</strong></span> <span class='ocrx_word' id='word_1_216' title='bbox 782 2154 878 2225; x_wconf 88' lang='lat' dir='ltr'><strong>idest,</strong></span> <span class='ocrx_word' id='word_1_217' title='bbox 891 2154 926 2215; x_wconf 93' lang='lat' dir='ltr'><strong>ln</strong></span> <span class='ocrx_word' id='word_1_218' title='bbox 944 2153 1091 2230; x_wconf 83' lang='lat' dir='ltr'><strong>potentia</strong></span> <span class='ocrx_word' id='word_1_219' title='bbox 1146 2148 1259 2210; x_wconf 89' lang='lat' dir='ltr'><strong>monia</strong></span> <span class='ocrx_word' id='word_1_220' title='bbox 1276 2167 1283 2209; x_wconf 77' lang='lat' dir='ltr'><strong>i</strong></span> <span class='ocrx_word' id='word_1_221' title='bbox 1301 2151 1379 2220; x_wconf 82' lang='lat' dir='ltr'><strong>Ques</strong></span> <span class='ocrx_word' id='word_1_222' title='bbox 1408 2147 1443 2209; x_wconf 90' lang='lat' dir='ltr'><strong>ln</strong></span> <span class='ocrx_word' id='word_1_223' title='bbox 1466 2163 1524 2210; x_wconf 88' lang='lat' dir='ltr'><strong>ore</strong></span> <span class='ocrx_word' id='word_1_224' title='bbox 1547 2149 1689 2210; x_wconf 90' lang='lat' dir='ltr'><strong>duorum</strong></span> <span class='ocrx_word' id='word_1_225' title='bbox 1703 2149 1756 2211; x_wconf 88' lang='lat' dir='ltr'><strong>vel</strong></span> <span class='ocrx_word' id='word_1_226' title='bbox 1776 2149 1887 2222; x_wconf 86' lang='lat' dir='ltr'><strong>trium,</strong></span> <span class='ocrx_word' id='word_1_227' title='bbox 1910 2152 1959 2212; x_wconf 88' lang='lat' dir='ltr'><strong>ut</strong></span> 
     </span>
     <span class='ocr_line' id='line_1_20' title="bbox 295 2243 1954 2328; baseline -0.005 -10"><span class='ocrx_word' id='word_1_228' title='bbox 295 2271 365 2318; x_wconf 87' lang='lat' dir='ltr'><strong>suae</strong></span> <span class='ocrx_word' id='word_1_229' title='bbox 380 2253 575 2316; x_wconf 85' lang='lat' dir='ltr'><strong>divinitatis.</strong></span> <span class='ocrx_word' id='word_1_230' title='bbox 589 2253 630 2314; x_wconf 81' lang='lat' dir='ltr'><strong>et</strong></span> <span class='ocrx_word' id='word_1_231' title='bbox 644 2253 751 2328; x_wconf 88' lang='lat' dir='ltr'><strong>magis</strong></span> <span class='ocrx_word' id='word_1_232' title='bbox 766 2252 856 2325; x_wconf 88' lang='lat' dir='ltr'><strong>eliis,</strong></span> <span class='ocrx_word' id='word_1_233' title='bbox 868 2250 1029 2328; x_wconf 82' lang='lat' dir='ltr'><strong>quantum</strong></span> <span class='ocrx_word' id='word_1_234' title='bbox 1049 2243 1091 2312; x_wconf 88' lang='lat' dir='ltr'><strong>ed</strong></span> <span class='ocrx_word' id='word_1_235' title='bbox 1147 2245 1209 2308; x_wconf 89' lang='lat' dir='ltr'><strong>hoc</strong></span> <span class='ocrx_word' id='word_1_236' title='bbox 1224 2267 1231 2306; x_wconf 89' lang='lat'>:</span> <span class='ocrx_word' id='word_1_237' title='bbox 1248 2249 1426 2309; x_wconf 76' lang='lat' dir='ltr'><strong>«loannes</strong></span> <span class='ocrx_word' id='word_1_238' title='bbox 1454 2243 1623 2322; x_wconf 86' lang='lat' dir='ltr'><strong>perhibuit</strong></span> <span class='ocrx_word' id='word_1_239' title='bbox 1649 2246 1875 2308; x_wconf 88' lang='lat' dir='ltr'><strong>testimonium</strong></span> <span class='ocrx_word' id='word_1_240' title='bbox 1902 2247 1954 2310; x_wconf 89' lang='lat' dir='ltr'><strong>de</strong></span> 
     </span>
     <span class='ocr_line' id='line_1_21' title="bbox 295 2343 1952 2432; baseline -0.006 -16"><span class='ocrx_word' id='word_1_241' title='bbox 295 2353 525 2432; x_wconf 77' lang='lat' dir='ltr'><strong>apparentiam</strong></span> <span class='ocrx_word' id='word_1_242' title='bbox 544 2351 755 2423; x_wconf 84' lang='lat' dir='ltr'><strong>exteriorem,</strong></span> <span class='ocrx_word' id='word_1_243' title='bbox 778 2349 814 2410; x_wconf 92' lang='lat' dir='ltr'><strong>in</strong></span> <span class='ocrx_word' id='word_1_244' title='bbox 835 2349 998 2426; x_wconf 81' lang='lat' dir='ltr'><strong>sapientia</strong></span> <span class='ocrx_word' id='word_1_245' title='bbox 1018 2359 1093 2410; x_wconf 82' lang='lat' dir='ltr'><strong>ore-</strong></span> <span class='ocrx_word' id='word_1_246' title='bbox 1146 2359 1198 2409; x_wconf 87' lang='lat' dir='ltr'><strong>me</strong></span> <span class='ocrx_word' id='word_1_247' title='bbox 1211 2361 1247 2417; x_wconf 71' lang='lat' dir='ltr'><strong>o,</strong></span> <span class='ocrx_word' id='word_1_248' title='bbox 1263 2344 1322 2405; x_wconf 87' lang='lat' dir='ltr'><strong>sed</strong></span> <span class='ocrx_word' id='word_1_249' title='bbox 1341 2343 1448 2405; x_wconf 84' lang='lat' dir='ltr'><strong>liabeo</strong></span> <span class='ocrx_word' id='word_1_250' title='bbox 1462 2344 1688 2406; x_wconf 90' lang='lat' dir='ltr'><strong>testimonium</strong></span> <span class='ocrx_word' id='word_1_251' title='bbox 1703 2347 1822 2422; x_wconf 79' lang='lat' dir='ltr'><strong>majus,</strong></span> <span class='ocrx_word' id='word_1_252' title='bbox 1836 2345 1952 2408; x_wconf 83' lang='lat' dir='ltr'><strong>idest:</strong></span> 
     </span>
     <span class='ocr_line' id='line_1_22' title="bbox 294 2441 1952 2524; baseline -0.005 -10"><span class='ocrx_word' id='word_1_253' title='bbox 294 2451 354 2514; x_wconf 90' lang='lat' dir='ltr'><strong>vit.</strong></span> <span class='ocrx_word' id='word_1_254' title='bbox 368 2449 461 2514; x_wconf 86' lang='lat' dir='ltr'><strong>Unde</strong></span> <span class='ocrx_word' id='word_1_255' title='bbox 472 2450 506 2513; x_wconf 89' lang='lat' dir='ltr'><strong>in</strong></span> <span class='ocrx_word' id='word_1_256' title='bbox 517 2449 696 2524; x_wconf 78' lang='lat' dir='ltr'><strong>Evangelio</strong></span> <span class='ocrx_word' id='word_1_257' title='bbox 711 2467 721 2507; x_wconf 74' lang='lat' dir='ltr'><strong>e</strong></span> <span class='ocrx_word' id='word_1_258' title='bbox 737 2448 945 2509; x_wconf 70' lang='lat' dir='ltr'><strong>Puerdestm</strong></span> <span class='ocrx_word' id='word_1_259' title='bbox 957 2461 1092 2509; x_wconf 81' lang='lat' dir='ltr'><strong>cresce-</strong></span> <span class='ocrx_word' id='word_1_260' title='bbox 1146 2443 1256 2505; x_wconf 81' lang='lat' dir='ltr'><strong>Pater</strong></span> <span class='ocrx_word' id='word_1_261' title='bbox 1270 2446 1343 2518; x_wconf 82' lang='lat' dir='ltr'><strong>ipse</strong></span> <span class='ocrx_word' id='word_1_262' title='bbox 1363 2445 1422 2517; x_wconf 78' lang='lat' dir='ltr'><strong>qut</strong></span> <span class='ocrx_word' id='word_1_263' title='bbox 1436 2441 1473 2502; x_wconf 80' lang='lat' dir='ltr'><strong>ie</strong></span> <span class='ocrx_word' id='word_1_264' title='bbox 1493 2457 1549 2504; x_wconf 85' lang='lat' dir='ltr'><strong>me</strong></span> <span class='ocrx_word' id='word_1_265' title='bbox 1562 2443 1691 2515; x_wconf 75' lang='lat' dir='ltr'><strong>marcet,</strong></span> <span class='ocrx_word' id='word_1_266' title='bbox 1709 2443 1952 2506; x_wconf 77' lang='lat' dir='ltr'><strong>testimonium</strong></span> 
     </span>
     <span class='ocr_line' id='line_1_23' title="bbox 294 2537 1955 2620; baseline -0.004 -10"><span class='ocrx_word' id='word_1_267' title='bbox 294 2549 351 2610; x_wconf 79' lang='lat' dir='ltr'><strong>tot</strong></span> <span class='ocrx_word' id='word_1_268' title='bbox 376 2549 411 2610; x_wconf 86' lang='lat' dir='ltr'><strong>et</strong></span> <span class='ocrx_word' id='word_1_269' title='bbox 430 2545 690 2620; x_wconf 68' lang='lat' dir='ltr'><strong>confortabatur</strong></span> <span class='ocrx_word' id='word_1_270' title='bbox 709 2549 832 2619; x_wconf 72' lang='lat' dir='ltr'><strong>pleuto</strong></span> <span class='ocrx_word' id='word_1_271' title='bbox 852 2545 1034 2618; x_wconf 74' lang='lat' dir='ltr'><strong>sapientie,</strong></span> <span class='ocrx_word' id='word_1_272' title='bbox 1057 2545 1091 2605; x_wconf 86' lang='lat' dir='ltr'><strong>ct</strong></span> <span class='ocrx_word' id='word_1_273' title='bbox 1141 2540 1299 2613; x_wconf 71' lang='lat' dir='ltr'><strong>pererret</strong></span> <span class='ocrx_word' id='word_1_274' title='bbox 1317 2543 1359 2602; x_wconf 81' lang='lat' dir='ltr'><strong>de</strong></span> <span class='ocrx_word' id='word_1_275' title='bbox 1372 2543 1429 2601; x_wconf 83' lang='lat' dir='ltr'><strong>me</strong></span> <span class='ocrx_word' id='word_1_276' title='bbox 1441 2537 1551 2618; x_wconf 76' lang='lat' dir='ltr'><strong>(toan.</strong></span> <span class='ocrx_word' id='word_1_277' title='bbox 1569 2554 1630 2613; x_wconf 87' lang='lat' dir='ltr'><strong>vn,</strong></span> <span class='ocrx_word' id='word_1_278' title='bbox 1644 2540 1708 2619; x_wconf 90' lang='grc'><strong>18).</strong></span> <span class='ocrx_word' id='word_1_279' title='bbox 1723 2542 1892 2618; x_wconf 78' lang='lat' dir='ltr'><strong>Exempla,</strong></span> <span class='ocrx_word' id='word_1_280' title='bbox 1909 2543 1955 2604; x_wconf 88' lang='lat' dir='ltr'><strong>ut</strong></span> 
     </span>
     <span class='ocr_line' id='line_1_24' title="bbox 293 2637 1955 2723; baseline -0.003 -16"><span class='ocrx_word' id='word_1_281' title='bbox 293 2647 410 2723; x_wconf 75' lang='lat' dir='ltr'><strong>praem</strong></span> <span class='ocrx_word' id='word_1_282' title='bbox 435 2647 500 2707; x_wconf 80' lang='lat' dir='ltr'><strong>Det</strong></span> <span class='ocrx_word' id='word_1_283' title='bbox 523 2643 693 2708; x_wconf 76' lang='lat' dir='ltr'><strong>arctoum</strong></span> <span class='ocrx_word' id='word_1_284' title='bbox 716 2645 771 2704; x_wconf 74' lang='lat' dir='ltr'><strong>illo</strong></span> <span class='ocrx_word' id='word_1_285' title='bbox 792 2639 885 2721; x_wconf 81' lang='lat' dir='ltr'><strong>(Luc.</strong></span> <span class='ocrx_word' id='word_1_286' title='bbox 911 2653 949 2710; x_wconf 88' lang='lat'><strong>11,</strong></span> <span class='ocrx_word' id='word_1_287' title='bbox 965 2639 1031 2721; x_wconf 80' lang='lat' dir='ltr'><strong>lo).</strong></span> <span class='ocrx_word' id='word_1_288' title='bbox 1053 2641 1091 2708; x_wconf 89' lang='lat' dir='ltr'><strong>In</strong></span> <span class='ocrx_word' id='word_1_289' title='bbox 1145 2637 1209 2704; x_wconf 84' lang='lat' dir='ltr'><strong>hoc</strong></span> <span class='ocrx_word' id='word_1_290' title='bbox 1233 2659 1240 2698; x_wconf 78' lang='grc' dir='ltr'><strong>ι</strong></span> <span class='ocrx_word' id='word_1_291' title='bbox 1265 2653 1284 2698; x_wconf 73' lang='lat' dir='ltr'><strong>e</strong></span> <span class='ocrx_word' id='word_1_292' title='bbox 1307 2637 1431 2698; x_wconf 80' lang='lat' dir='ltr'><strong>Discite</strong></span> <span class='ocrx_word' id='word_1_293' title='bbox 1456 2652 1476 2697; x_wconf 90' lang='lat' dir='ltr'><strong>a</strong></span> <span class='ocrx_word' id='word_1_294' title='bbox 1503 2653 1556 2698; x_wconf 89' lang='lat' dir='ltr'><strong>me</strong></span> <span class='ocrx_word' id='word_1_295' title='bbox 1584 2637 1662 2715; x_wconf 85' lang='lat' dir='ltr'><strong>quia</strong></span> <span class='ocrx_word' id='word_1_296' title='bbox 1693 2638 1783 2700; x_wconf 87' lang='lat' dir='ltr'><strong>mitis</strong></span> <span class='ocrx_word' id='word_1_297' title='bbox 1813 2653 1886 2700; x_wconf 91' lang='lat' dir='ltr'><strong>sum</strong></span> <span class='ocrx_word' id='word_1_298' title='bbox 1914 2641 1955 2702; x_wconf 84' lang='lat' dir='ltr'><strong>ct</strong></span> 
     </span>
     <span class='ocr_line' id='line_1_25' title="bbox 294 2733 1952 2820; baseline -0.005 -15"><span class='ocrx_word' id='word_1_299' title='bbox 294 2745 367 2820; x_wconf 85' lang='lat' dir='ltr'><strong>ipso</strong></span> <span class='ocrx_word' id='word_1_300' title='bbox 388 2741 476 2804; x_wconf 88' lang='lat' dir='ltr'><strong>enim</strong></span> <span class='ocrx_word' id='word_1_301' title='bbox 497 2741 534 2802; x_wconf 83' lang='lat' dir='ltr'><strong>&#39;ut</strong></span> <span class='ocrx_word' id='word_1_302' title='bbox 553 2739 732 2817; x_wconf 75' lang='lat' dir='ltr'><strong>Apostolus</strong></span> <span class='ocrx_word' id='word_1_303' title='bbox 749 2739 807 2811; x_wconf 85' lang='lat' dir='ltr'><strong>eit,</strong></span> <span class='ocrx_word' id='word_1_304' title='bbox 823 2739 954 2802; x_wconf 72' lang='lat' dir='ltr'><strong>caedat</strong></span> <span class='ocrx_word' id='word_1_305' title='bbox 978 2743 1091 2802; x_wconf 70' lang='lat' dir='ltr'><strong>omnis</strong></span> <span class='ocrx_word' id='word_1_306' title='bbox 1146 2733 1281 2794; x_wconf 85' lang='lat' dir='ltr'><strong>humilis</strong></span> <span class='ocrx_word' id='word_1_307' title='bbox 1294 2733 1432 2795; x_wconf 83' lang='lat' dir='ltr'><strong>eorde».</strong></span> <span class='ocrx_word' id='word_1_308' title='bbox 1445 2737 1484 2796; x_wconf 81' lang='lat' dir='ltr'><strong>Et</strong></span> <span class='ocrx_word' id='word_1_309' title='bbox 1501 2735 1731 2813; x_wconf 75' lang='lat' dir='ltr'><strong>:nstotaerpo</strong></span> <span class='ocrx_word' id='word_1_310' title='bbox 1743 2736 1777 2796; x_wconf 83' lang='lat' dir='ltr'><strong>et</strong></span> <span class='ocrx_word' id='word_1_311' title='bbox 1791 2748 1852 2798; x_wconf 82' lang='lat' dir='ltr'><strong>eos</strong></span> <span class='ocrx_word' id='word_1_312' title='bbox 1867 2753 1952 2812; x_wconf 77' lang='lat' dir='ltr'><strong>pcr-</strong></span> 
     </span>
     <span class='ocr_line' id='line_1_26' title="bbox 291 2831 1955 2916; baseline -0.004 -14"><span class='ocrx_word' id='word_1_313' title='bbox 291 2838 467 2916; x_wconf 70' lang='lat' dir='ltr'><strong>premendo</strong></span> <span class='ocrx_word' id='word_1_314' title='bbox 504 2835 699 2899; x_wconf 78' lang='lat' dir='ltr'><strong>dtvtnitotts</strong></span> <span class='ocrx_word' id='word_1_315' title='bbox 743 2837 971 2911; x_wconf 74' lang='lat' dir='ltr'><strong>corpor&#39;olttor</strong></span> <span class='ocrx_word' id='word_1_316' title='bbox 1008 2833 1090 2914; x_wconf 83' lang='lat' dir='ltr'><strong>(Co-</strong></span> <span class='ocrx_word' id='word_1_317' title='bbox 1145 2832 1236 2906; x_wconf 81' lang='lat' dir='ltr'><strong>secti,</strong></span> <span class='ocrx_word' id='word_1_318' title='bbox 1251 2831 1341 2894; x_wconf 77' lang='lat' dir='ltr'><strong>sicut</strong></span> <span class='ocrx_word' id='word_1_319' title='bbox 1355 2832 1391 2892; x_wconf 86' lang='lat' dir='ltr'><strong>et</strong></span> <span class='ocrx_word' id='word_1_320' title='bbox 1403 2831 1514 2894; x_wconf 85' lang='lat' dir='ltr'><strong>Pater</strong></span> <span class='ocrx_word' id='word_1_321' title='bbox 1525 2832 1643 2894; x_wconf 73' lang='lat' dir='ltr'><strong>vester</strong></span> <span class='ocrx_word' id='word_1_322' title='bbox 1653 2833 1799 2896; x_wconf 76' lang='lat' dir='ltr'><strong>coetestes</strong></span> <span class='ocrx_word' id='word_1_323' title='bbox 1811 2837 1955 2908; x_wconf 77' lang='lat' dir='ltr'><strong>perseo-</strong></span> 
     </span>
     <span class='ocr_line' id='line_1_27' title="bbox 297 2926 1952 3010; baseline -0.002 -14"><span class='ocrx_word' id='word_1_324' title='bbox 297 2937 377 2999; x_wconf 88' lang='lat' dir='ltr'><strong>loss.</strong></span> <span class='ocrx_word' id='word_1_325' title='bbox 393 2951 430 3004; x_wconf 85' lang='lat'><strong>11,</strong></span> <span class='ocrx_word' id='word_1_326' title='bbox 450 2932 494 3006; x_wconf 85' lang='lat'><strong>9).</strong></span> <span class='ocrx_word' id='word_1_327' title='bbox 511 2934 551 2996; x_wconf 83' lang='lat' dir='ltr'><strong>st</strong></span> <span class='ocrx_word' id='word_1_328' title='bbox 571 2932 646 2995; x_wconf 90' lang='lat' dir='ltr'><strong>ideo</strong></span> <span class='ocrx_word' id='word_1_329' title='bbox 661 2932 747 2994; x_wconf 88' lang='lat' dir='ltr'><strong>bene</strong></span> <span class='ocrx_word' id='word_1_330' title='bbox 767 2933 852 3005; x_wconf 90' lang='lat' dir='ltr'><strong>dico,</strong></span> <span class='ocrx_word' id='word_1_331' title='bbox 866 2933 1025 3010; x_wconf 82' lang='lat' dir='ltr'><strong>quantum</strong></span> <span class='ocrx_word' id='word_1_332' title='bbox 1048 2933 1091 2994; x_wconf 83' lang='lat' dir='ltr'><strong>ad</strong></span> <span class='ocrx_word' id='word_1_333' title='bbox 1147 2930 1203 2990; x_wconf 80' lang='lat' dir='ltr'><strong>tus</strong></span> <span class='ocrx_word' id='word_1_334' title='bbox 1214 2930 1266 2990; x_wconf 85' lang='lat' dir='ltr'><strong>est</strong></span> <span class='ocrx_word' id='word_1_335' title='bbox 1280 2926 1410 3007; x_wconf 85' lang='lat' dir='ltr'><strong>(Matth.</strong></span> <span class='ocrx_word' id='word_1_336' title='bbox 1428 2945 1461 3002; x_wconf 90' lang='lat' dir='ltr'><strong>v,</strong></span> <span class='ocrx_word' id='word_1_337' title='bbox 1475 2927 1541 3007; x_wconf 84' lang='lat'>48).</span> <span class='ocrx_word' id='word_1_338' title='bbox 1559 2930 1598 2992; x_wconf 84' lang='lat' dir='ltr'><strong>ut</strong></span> <span class='ocrx_word' id='word_1_339' title='bbox 1612 2933 1952 3006; x_wconf 75' lang='lat' dir='ltr'><strong>:limamplumentm</strong></span> 
     </span>
     <span class='ocr_line' id='line_1_28' title="bbox 295 3025 1948 3110; baseline -0.002 -16"><span class='ocrx_word' id='word_1_340' title='bbox 295 3032 537 3110; x_wconf 79' lang='lat' dir='ltr'><strong>apparentiam,</strong></span> <span class='ocrx_word' id='word_1_341' title='bbox 544 3030 622 3108; x_wconf 87' lang='lat' dir='ltr'><strong>quia</strong></span> <span class='ocrx_word' id='word_1_342' title='bbox 632 3042 731 3106; x_wconf 82' lang='lat' dir='ltr'><strong>quem</strong></span> <span class='ocrx_word' id='word_1_343' title='bbox 741 3030 807 3092; x_wconf 88' lang='lat' dir='ltr'><strong>cito</strong></span> <span class='ocrx_word' id='word_1_344' title='bbox 823 3029 885 3092; x_wconf 85' lang='lat' dir='ltr'><strong>luit</strong></span> <span class='ocrx_word' id='word_1_345' title='bbox 898 3031 1088 3108; x_wconf 86' lang='lat' dir='ltr'><strong>conceptus,</strong></span> <span class='ocrx_word' id='word_1_346' title='bbox 1146 3029 1222 3088; x_wconf 80' lang='lat' dir='ltr'><strong>dadi</strong></span> <span class='ocrx_word' id='word_1_347' title='bbox 1232 3029 1336 3099; x_wconf 81' lang='lat' dir='ltr'><strong>eoois,</strong></span> <span class='ocrx_word' id='word_1_348' title='bbox 1351 3027 1399 3088; x_wconf 77' lang='lat' dir='ltr'><strong>ut·</strong></span> <span class='ocrx_word' id='word_1_349' title='bbox 1410 3027 1445 3089; x_wconf 86' lang='lat' dir='ltr'><strong>et</strong></span> <span class='ocrx_word' id='word_1_350' title='bbox 1458 3039 1519 3088; x_wconf 85' lang='lat' dir='ltr'><strong>vos</strong></span> <span class='ocrx_word' id='word_1_351' title='bbox 1533 3027 1584 3088; x_wconf 80' lang='lat' dir='ltr'><strong>tta</strong></span> <span class='ocrx_word' id='word_1_352' title='bbox 1595 3029 1733 3102; x_wconf 62' lang='lat' dir='ltr'><strong>sectans</strong></span> <span class='ocrx_word' id='word_1_353' title='bbox 1746 3025 1856 3106; x_wconf 86' lang='lat' dir='ltr'><strong>(Joen.</strong></span> <span class='ocrx_word' id='word_1_354' title='bbox 1869 3043 1948 3102; x_wconf 82' lang='lat'><strong>1111,</strong></span> 
     </span>
     <span class='ocr_line' id='line_1_29' title="bbox 295 3123 1950 3204; baseline -0.002 -13"><span class='ocrx_word' id='word_1_355' title='bbox 295 3129 413 3192; x_wconf 82' lang='lat' dir='ltr'><strong>hebuit</strong></span> <span class='ocrx_word' id='word_1_356' title='bbox 439 3128 537 3204; x_wconf 87' lang='lat' dir='ltr'><strong>plene</strong></span> <span class='ocrx_word' id='word_1_357' title='bbox 562 3142 693 3188; x_wconf 88' lang='lat' dir='ltr'><strong>omnem</strong></span> <span class='ocrx_word' id='word_1_358' title='bbox 717 3126 926 3204; x_wconf 81' lang='lat' dir='ltr'><strong>sapientiam.</strong></span> <span class='ocrx_word' id='word_1_359' title='bbox 957 3127 1028 3190; x_wconf 84' lang='lat' dir='ltr'><strong>Hoc</strong></span> <span class='ocrx_word' id='word_1_360' title='bbox 1049 3128 1093 3188; x_wconf 74' lang='lat' dir='ltr'><strong>li-</strong></span> <span class='ocrx_word' id='word_1_361' title='bbox 1147 3123 1210 3200; x_wconf 80' lang='grc'><strong>15).</strong></span> <span class='ocrx_word' id='word_1_362' title='bbox 1234 3125 1281 3185; x_wconf 89' lang='lat' dir='ltr'><strong>De</strong></span> <span class='ocrx_word' id='word_1_363' title='bbox 1295 3125 1461 3201; x_wconf 84' lang='lat' dir='ltr'><strong>praecepto</strong></span> <span class='ocrx_word' id='word_1_364' title='bbox 1481 3124 1563 3185; x_wconf 91' lang='lat' dir='ltr'><strong>dicit</strong></span> <span class='ocrx_word' id='word_1_365' title='bbox 1572 3123 1950 3203; x_wconf 75' lang='lat' dir='ltr'><strong>Devid2sPrecceptum</strong></span> 
     </span>
     <span class='ocr_line' id='line_1_30' title="bbox 293 3221 1950 3304; baseline -0.001 -16"><span class='ocrx_word' id='word_1_366' title='bbox 293 3241 395 3304; x_wconf 91' lang='lat' dir='ltr'><strong>gnum</strong></span> <span class='ocrx_word' id='word_1_367' title='bbox 409 3227 488 3288; x_wconf 90' lang='lat' dir='ltr'><strong>tunc</strong></span> <span class='ocrx_word' id='word_1_368' title='bbox 504 3223 689 3302; x_wconf 76' lang='lat' dir='ltr'><strong>plantatum</strong></span> <span class='ocrx_word' id='word_1_369' title='bbox 712 3225 773 3297; x_wconf 89' lang='lat' dir='ltr'><strong>est,</strong></span> <span class='ocrx_word' id='word_1_370' title='bbox 791 3224 923 3301; x_wconf 89' lang='lat' dir='ltr'><strong>quando</strong></span> <span class='ocrx_word' id='word_1_371' title='bbox 942 3223 978 3286; x_wconf 88' lang='lat' dir='ltr'><strong>in</strong></span> <span class='ocrx_word' id='word_1_372' title='bbox 997 3227 1091 3287; x_wconf 89' lang='lat' dir='ltr'><strong>utere</strong></span> <span class='ocrx_word' id='word_1_373' title='bbox 1146 3221 1278 3282; x_wconf 87' lang='lat' dir='ltr'><strong>Domini</strong></span> <span class='ocrx_word' id='word_1_374' title='bbox 1303 3221 1461 3294; x_wconf 88' lang='lat' dir='ltr'><strong>lucidum,</strong></span> <span class='ocrx_word' id='word_1_375' title='bbox 1491 3221 1685 3283; x_wconf 86' lang='lat' dir='ltr'><strong>illuminans</strong></span> <span class='ocrx_word' id='word_1_376' title='bbox 1713 3223 1828 3284; x_wconf 88' lang='lat' dir='ltr'><strong>oeulos</strong></span> <span class='ocrx_word' id='word_1_377' title='bbox 1841 3241 1869 3286; x_wconf 74' lang='lat' dir='ltr'><strong>s.</strong></span> <span class='ocrx_word' id='word_1_378' title='bbox 1898 3227 1950 3286; x_wconf 85' lang='lat' dir='ltr'><strong>De</strong></span> 
     </span>
     <span class='ocr_line' id='line_1_31' title="bbox 294 3317 1950 3400; baseline -0.001 -14"><span class='ocrx_word' id='word_1_379' title='bbox 294 3323 444 3400; x_wconf 81' lang='lat' dir='ltr'><strong>Virginis</strong></span> <span class='ocrx_word' id='word_1_380' title='bbox 458 3323 509 3385; x_wconf 85' lang='lat' dir='ltr'><strong>est</strong></span> <span class='ocrx_word' id='word_1_381' title='bbox 521 3322 733 3384; x_wconf 86' lang='lat' dir='ltr'><strong>incarnatum</strong></span> <span class='ocrx_word' id='word_1_382' title='bbox 749 3321 835 3383; x_wconf 90' lang='lat' dir='ltr'><strong>sicut</strong></span> <span class='ocrx_word' id='word_1_383' title='bbox 856 3321 892 3382; x_wconf 90' lang='lat' dir='ltr'><strong>in</strong></span> <span class='ocrx_word' id='word_1_384' title='bbox 911 3323 1091 3399; x_wconf 83' lang='lat' dir='ltr'><strong>Evangelio</strong></span> <span class='ocrx_word' id='word_1_385' title='bbox 1147 3318 1301 3381; x_wconf 86' lang='lat' dir='ltr'><strong>mandato</strong></span> <span class='ocrx_word' id='word_1_386' title='bbox 1318 3339 1325 3380; x_wconf 75' lang='grc' dir='ltr'><strong><em>ε</em></strong></span> <span class='ocrx_word' id='word_1_387' title='bbox 1341 3319 1488 3384; x_wconf 77' lang='lat' dir='ltr'><strong>«natum</strong></span> <span class='ocrx_word' id='word_1_388' title='bbox 1510 3321 1703 3385; x_wconf 82' lang='lat' dir='ltr'><strong>mandatum</strong></span> <span class='ocrx_word' id='word_1_389' title='bbox 1721 3323 1815 3382; x_wconf 86' lang='lat' dir='ltr'><strong>tuum</strong></span> <span class='ocrx_word' id='word_1_390' title='bbox 1832 3317 1950 3384; x_wconf 88' lang='lat' dir='ltr'><strong>nimis.</strong></span> 
     </span>
     <span class='ocr_line' id='line_1_32' title="bbox 295 3416 1954 3498; baseline 0 -16"><span class='ocrx_word' id='word_1_391' title='bbox 295 3421 364 3484; x_wconf 90' lang='lat' dir='ltr'><strong>ait:</strong></span> <span class='ocrx_word' id='word_1_392' title='bbox 384 3423 530 3484; x_wconf 75' lang='lat' dir='ltr'><strong>Variam</strong></span> <span class='ocrx_word' id='word_1_393' title='bbox 546 3434 629 3488; x_wconf 81' lang='lat' dir='ltr'><strong>coro</strong></span> <span class='ocrx_word' id='word_1_394' title='bbox 650 3420 781 3494; x_wconf 73' lang='lat' dir='ltr'><strong>sactum</strong></span> <span class='ocrx_word' id='word_1_395' title='bbox 806 3419 859 3482; x_wconf 80' lang='lat' dir='ltr'><strong>est</strong></span> <span class='ocrx_word' id='word_1_396' title='bbox 879 3419 913 3482; x_wconf 83' lang='lat' dir='ltr'><strong>et</strong></span> <span class='ocrx_word' id='word_1_397' title='bbox 926 3420 1092 3485; x_wconf 70' lang='lat' dir='ltr'><strong>lectitavit</strong></span> <span class='ocrx_word' id='word_1_398' title='bbox 1146 3417 1209 3488; x_wconf 87' lang='lat' dir='ltr'><strong>Qui</strong></span> <span class='ocrx_word' id='word_1_399' title='bbox 1236 3417 1325 3478; x_wconf 88' lang='lat' dir='ltr'><strong>enim</strong></span> <span class='ocrx_word' id='word_1_400' title='bbox 1347 3416 1455 3494; x_wconf 76' lang='lat' dir='ltr'><strong>diligit</strong></span> <span class='ocrx_word' id='word_1_401' title='bbox 1469 3417 1667 3494; x_wconf 73' lang='lat' dir='ltr'><strong>proximum,</strong></span> <span class='ocrx_word' id='word_1_402' title='bbox 1692 3418 1801 3496; x_wconf 85' lang='lat' dir='ltr'><strong>legem</strong></span> <span class='ocrx_word' id='word_1_403' title='bbox 1829 3420 1954 3498; x_wconf 89' lang='lat' dir='ltr'><strong>imple-</strong></span> 
     </span>
     <span class='ocr_line' id='line_1_33' title="bbox 293 3513 1953 3595; baseline -0.001 -14"><span class='ocrx_word' id='word_1_404' title='bbox 293 3523 332 3582; x_wconf 77' lang='lat' dir='ltr'><strong>to</strong></span> <span class='ocrx_word' id='word_1_405' title='bbox 343 3520 439 3581; x_wconf 75' lang='lat' dir='ltr'><strong>noos</strong></span> <span class='ocrx_word' id='word_1_406' title='bbox 454 3513 563 3594; x_wconf 80' lang='lat' dir='ltr'><strong>(Joau.</strong></span> <span class='ocrx_word' id='word_1_407' title='bbox 577 3531 601 3588; x_wconf 93' lang='lat'><strong>1,</strong></span> <span class='ocrx_word' id='word_1_408' title='bbox 619 3513 683 3595; x_wconf 85' lang='grc'><strong>14).</strong></span> <span class='ocrx_word' id='word_1_409' title='bbox 1145 3515 1193 3576; x_wconf 90' lang='lat' dir='ltr'><strong>vlt</strong></span> <span class='ocrx_word' id='word_1_410' title='bbox 1207 3531 1237 3575; x_wconf 71' lang='lat' dir='ltr'><strong>o.</strong></span> <span class='ocrx_word' id='word_1_411' title='bbox 1254 3517 1300 3576; x_wconf 91' lang='lat' dir='ltr'><strong>De</strong></span> <span class='ocrx_word' id='word_1_412' title='bbox 1314 3514 1515 3581; x_wconf 83' lang='lat' dir='ltr'><strong>testimoniis</strong></span> <span class='ocrx_word' id='word_1_413' title='bbox 1531 3533 1539 3576; x_wconf 77' lang='lat' dir='ltr'><strong>t</strong></span> <span class='ocrx_word' id='word_1_414' title='bbox 1555 3532 1574 3576; x_wconf 72' lang='lat' dir='ltr'><strong>v</strong></span> <span class='ocrx_word' id='word_1_415' title='bbox 1588 3516 1792 3578; x_wconf 82' lang='lat' dir='ltr'><strong>Testimonia</strong></span> <span class='ocrx_word' id='word_1_416' title='bbox 1815 3517 1869 3580; x_wconf 89' lang='lat' dir='ltr'><strong>tua</strong></span> <span class='ocrx_word' id='word_1_417' title='bbox 1895 3519 1953 3580; x_wconf 85' lang='lat' dir='ltr'><strong>in·-</strong></span> 
     </span>
     <span class='ocr_line' id='line_1_34' title="bbox 332 3612 1946 3696; baseline 0.001 -19"><span class='ocrx_word' id='word_1_418' title='bbox 332 3613 477 3682; x_wconf 84' lang='lat' dir='ltr'><strong>l⁷erbum</strong></span> <span class='ocrx_word' id='word_1_419' title='bbox 495 3614 565 3687; x_wconf 89' lang='lat' dir='ltr'><strong>Dei,</strong></span> <span class='ocrx_word' id='word_1_420' title='bbox 588 3613 675 3676; x_wconf 89' lang='lat' dir='ltr'><strong>idest</strong></span> <span class='ocrx_word' id='word_1_421' title='bbox 689 3613 795 3678; x_wconf 77' lang='lat' dir='ltr'><strong>Filius</strong></span> <span class='ocrx_word' id='word_1_422' title='bbox 814 3613 886 3686; x_wconf 86' lang='lat' dir='ltr'><strong>Dei,</strong></span> <span class='ocrx_word' id='word_1_423' title='bbox 903 3613 990 3676; x_wconf 88' lang='lat' dir='ltr'><strong>idest</strong></span> <span class='ocrx_word' id='word_1_424' title='bbox 1003 3617 1091 3696; x_wconf 86' lang='lat' dir='ltr'><strong>Deus</strong></span> <span class='ocrx_word' id='word_1_425' title='bbox 1146 3612 1260 3674; x_wconf 83' lang='lat' dir='ltr'><strong>tellexi</strong></span> <span class='ocrx_word' id='word_1_426' title='bbox 1275 3629 1304 3673; x_wconf 72' lang='lat' dir='ltr'><strong>s.</strong></span> <span class='ocrx_word' id='word_1_427' title='bbox 1318 3613 1374 3674; x_wconf 79' lang='lat' dir='ltr'><strong>nt:</strong></span> <span class='ocrx_word' id='word_1_428' title='bbox 1389 3612 1654 3680; x_wconf 76' lang='lat' dir='ltr'><strong>«Testimonium</strong></span> <span class='ocrx_word' id='word_1_429' title='bbox 1665 3615 1796 3676; x_wconf 91' lang='lat' dir='ltr'><strong>Domini</strong></span> <span class='ocrx_word' id='word_1_430' title='bbox 1805 3615 1902 3679; x_wconf 84' lang='lat' dir='ltr'><strong>fidele</strong></span> <span class='ocrx_word' id='word_1_431' title='bbox 1912 3631 1946 3679; x_wconf 71' lang='lat' dir='ltr'><strong>s.</strong></span> 
     </span>
     <span class='ocr_line' id='line_1_35' title="bbox 213 3707 1951 3788; baseline 0.001 -13"><span class='ocrx_word' id='word_1_432' title='bbox 213 3753 233 3786; x_wconf 82' lang='grc'><strong>.</strong></span> <span class='ocrx_word' id='word_1_433' title='bbox 293 3713 498 3783; x_wconf 77' lang='lat' dir='ltr'><strong>incarnatus,</strong></span> <span class='ocrx_word' id='word_1_434' title='bbox 513 3711 571 3788; x_wconf 86' lang='lat' dir='ltr'><strong>qui</strong></span> <span class='ocrx_word' id='word_1_435' title='bbox 591 3711 698 3773; x_wconf 81' lang='lat' dir='ltr'><strong>laetus</strong></span> <span class='ocrx_word' id='word_1_436' title='bbox 713 3711 1089 3785; x_wconf 81' lang='lat' dir='ltr'><strong>estenseminestid,</strong></span> <span class='ocrx_word' id='word_1_437' title='bbox 1147 3710 1227 3771; x_wconf 86' lang='lat' dir='ltr'><strong>Plus</strong></span> <span class='ocrx_word' id='word_1_438' title='bbox 1237 3709 1327 3771; x_wconf 88' lang='lat' dir='ltr'><strong>enim</strong></span> <span class='ocrx_word' id='word_1_439' title='bbox 1337 3708 1402 3772; x_wconf 85' lang='lat' dir='ltr'><strong>ilde</strong></span> <span class='ocrx_word' id='word_1_440' title='bbox 1413 3707 1517 3771; x_wconf 81' lang='lat' dir='ltr'><strong>enimi</strong></span> <span class='ocrx_word' id='word_1_441' title='bbox 1530 3725 1628 3788; x_wconf 81' lang='lat' dir='ltr'><strong>quam</strong></span> <span class='ocrx_word' id='word_1_442' title='bbox 1639 3711 1745 3774; x_wconf 85' lang='lat' dir='ltr'><strong>oeulis</strong></span> <span class='ocrx_word' id='word_1_443' title='bbox 1758 3715 1870 3775; x_wconf 87' lang='lat' dir='ltr'><strong>carnis</strong></span> <span class='ocrx_word' id='word_1_444' title='bbox 1883 3715 1951 3777; x_wconf 85' lang='lat' dir='ltr'><strong>tes·</strong></span> 
     </span>
     <span class='ocr_line' id='line_1_36' title="bbox 293 3807 1950 3886; baseline 0.002 -14"><span class='ocrx_word' id='word_1_445' title='bbox 293 3809 473 3872; x_wconf 88' lang='lat' dir='ltr'><strong>secundum</strong></span> <span class='ocrx_word' id='word_1_446' title='bbox 484 3823 617 3870; x_wconf 86' lang='lat' dir='ltr'><strong>carnem</strong></span> <span class='ocrx_word' id='word_1_447' title='bbox 632 3809 802 3873; x_wconf 86' lang='lat' dir='ltr'><strong>descendit</strong></span> <span class='ocrx_word' id='word_1_448' title='bbox 816 3809 851 3870; x_wconf 92' lang='lat' dir='ltr'><strong>in</strong></span> <span class='ocrx_word' id='word_1_449' title='bbox 865 3810 1016 3882; x_wconf 88' lang='lat' dir='ltr'><strong>matrem,</strong></span> <span class='ocrx_word' id='word_1_450' title='bbox 1034 3809 1090 3872; x_wconf 90' lang='lat' dir='ltr'><strong>sed</strong></span> <span class='ocrx_word' id='word_1_451' title='bbox 1145 3807 1285 3869; x_wconf 89' lang='lat' dir='ltr'><strong>timonia</strong></span> <span class='ocrx_word' id='word_1_452' title='bbox 1299 3807 1461 3884; x_wconf 86' lang='lat' dir='ltr'><strong>indigent.</strong></span> <span class='ocrx_word' id='word_1_453' title='bbox 1477 3809 1636 3886; x_wconf 79' lang='lat' dir='ltr'><strong>Exempla</strong></span> <span class='ocrx_word' id='word_1_454' title='bbox 1649 3811 1794 3872; x_wconf 82' lang='lat' dir='ltr'><strong>maxime</strong></span> <span class='ocrx_word' id='word_1_455' title='bbox 1807 3809 1950 3875; x_wconf 84' lang='lat' dir='ltr'><strong>historia</strong></span> 
     </span>
     <span class='ocr_line' id='line_1_37' title="bbox 294 3905 1953 3984; baseline 0.001 -14"><span class='ocrx_word' id='word_1_456' title='bbox 294 3907 454 3970; x_wconf 89' lang='lat' dir='ltr'><strong>remansit</strong></span> <span class='ocrx_word' id='word_1_457' title='bbox 465 3921 542 3968; x_wconf 89' lang='lat' dir='ltr'><strong>cum</strong></span> <span class='ocrx_word' id='word_1_458' title='bbox 553 3907 662 3970; x_wconf 73' lang='lat' dir='ltr'><strong>Patre,</strong></span> <span class='ocrx_word' id='word_1_459' title='bbox 675 3907 827 3983; x_wconf 85' lang='lat' dir='ltr'><strong>suscepit</strong></span> <span class='ocrx_word' id='word_1_460' title='bbox 838 3907 1089 3980; x_wconf 87' lang='lat' dir='ltr'><strong>humanitatem,</strong></span> <span class='ocrx_word' id='word_1_461' title='bbox 1146 3905 1303 3970; x_wconf 79' lang='lat' dir='ltr'><strong>continet,</strong></span> <span class='ocrx_word' id='word_1_462' title='bbox 1331 3908 1369 3966; x_wconf 92' lang='lat' dir='ltr'><strong>ln</strong></span> <span class='ocrx_word' id='word_1_463' title='bbox 1397 3905 1450 3966; x_wconf 89' lang='lat' dir='ltr'><strong>lu&#39;s</strong></span> <span class='ocrx_word' id='word_1_464' title='bbox 1473 3906 1615 3982; x_wconf 83' lang='lat' dir='ltr'><strong>quatuor</strong></span> <span class='ocrx_word' id='word_1_465' title='bbox 1634 3907 1851 3984; x_wconf 86' lang='lat' dir='ltr'><strong>qualitatihus</strong></span> <span class='ocrx_word' id='word_1_466' title='bbox 1870 3911 1953 3974; x_wconf 88' lang='lat' dir='ltr'><strong>sunt</strong></span> 
     </span>
     <span class='ocr_line' id='line_1_38' title="bbox 295 4001 1951 4086; baseline 0.003 -21"><span class='ocrx_word' id='word_1_467' title='bbox 295 4006 352 4066; x_wconf 89' lang='lat' dir='ltr'><strong>sed</strong></span> <span class='ocrx_word' id='word_1_468' title='bbox 374 4003 512 4066; x_wconf 88' lang='lat' dir='ltr'><strong>retinuit</strong></span> <span class='ocrx_word' id='word_1_469' title='bbox 523 4003 696 4067; x_wconf 86' lang='lat' dir='ltr'><strong>Deitatem.</strong></span> <span class='ocrx_word' id='word_1_470' title='bbox 712 4007 805 4066; x_wconf 87' lang='lat' dir='ltr'><strong>Nam</strong></span> <span class='ocrx_word' id='word_1_471' title='bbox 823 4018 903 4064; x_wconf 83' lang='lat' dir='ltr'><strong>oum</strong></span> <span class='ocrx_word' id='word_1_472' title='bbox 921 4007 958 4065; x_wconf 83' lang='lat' dir='ltr'><strong>tn</strong></span> <span class='ocrx_word' id='word_1_473' title='bbox 977 4007 1092 4078; x_wconf 71' lang='lat' dir='ltr'><strong>rernm</strong></span> <span class='ocrx_word' id='word_1_474' title='bbox 1145 4003 1255 4072; x_wconf 88' lang='lat' dir='ltr'><strong>timor,</strong></span> <span class='ocrx_word' id='word_1_475' title='bbox 1273 4001 1365 4074; x_wconf 85' lang='lat' dir='ltr'><strong>tides,</strong></span> <span class='ocrx_word' id='word_1_476' title='bbox 1382 4017 1468 4079; x_wconf 85' lang='lat' dir='ltr'><strong>spes,</strong></span> <span class='ocrx_word' id='word_1_477' title='bbox 1484 4003 1641 4065; x_wconf 87' lang='lat' dir='ltr'><strong>charitas.</strong></span> <span class='ocrx_word' id='word_1_478' title='bbox 1657 4005 1789 4067; x_wconf 87' lang='lat' dir='ltr'><strong>Timore</strong></span> <span class='ocrx_word' id='word_1_479' title='bbox 1805 4023 1951 4086; x_wconf 86' lang='lat' dir='ltr'><strong>namque</strong></span> 
     </span>
     <span class='ocr_line' id='line_1_39' title="bbox 291 4099 1947 4182; baseline 0.001 -17"><span class='ocrx_word' id='word_1_480' title='bbox 291 4106 356 4165; x_wconf 82' lang='lat' dir='ltr'><strong>Det</strong></span> <span class='ocrx_word' id='word_1_481' title='bbox 367 4102 466 4174; x_wconf 80' lang='lat' dir='ltr'><strong>esset,</strong></span> <span class='ocrx_word' id='word_1_482' title='bbox 483 4103 554 4164; x_wconf 77' lang='lat' dir='ltr'><strong>eois</strong></span> <span class='ocrx_word' id='word_1_483' title='bbox 565 4104 729 4180; x_wconf 77' lang='lat' dir='ltr'><strong>rapinem</strong></span> <span class='ocrx_word' id='word_1_484' title='bbox 744 4100 937 4162; x_wconf 71' lang='lat' dir='ltr'><strong>arbitretur</strong></span> <span class='ocrx_word' id='word_1_485' title='bbox 951 4103 1002 4162; x_wconf 87' lang='lat' dir='ltr'><strong>est</strong></span> <span class='ocrx_word' id='word_1_486' title='bbox 1017 4115 1092 4163; x_wconf 82' lang='lat' dir='ltr'><strong>esse</strong></span> <span class='ocrx_word' id='word_1_487' title='bbox 1147 4099 1335 4176; x_wconf 88' lang='lat' dir='ltr'><strong>incipimus,</strong></span> <span class='ocrx_word' id='word_1_488' title='bbox 1363 4100 1427 4160; x_wconf 86' lang='lat' dir='ltr'><strong>lide</strong></span> <span class='ocrx_word' id='word_1_489' title='bbox 1455 4115 1627 4166; x_wconf 86' lang='lat' dir='ltr'><strong>servamus</strong></span> <span class='ocrx_word' id='word_1_490' title='bbox 1650 4103 1737 4180; x_wconf 83' lang='lat' dir='ltr'><strong>quod</strong></span> <span class='ocrx_word' id='word_1_491' title='bbox 1755 4103 1947 4182; x_wconf 84' lang='lat' dir='ltr'><strong>incipimus,</strong></span> 
     </span>
     <span class='ocr_line' id='line_1_40' title="bbox 291 4191 2004 4275; baseline 0.001 -12"><span class='ocrx_word' id='word_1_492' title='bbox 291 4215 329 4263; x_wconf 84' lang='lat' dir='ltr'><strong>se</strong></span> <span class='ocrx_word' id='word_1_493' title='bbox 354 4203 519 4275; x_wconf 70' lang='lat' dir='ltr'><strong>somiein</strong></span> <span class='ocrx_word' id='word_1_494' title='bbox 545 4202 628 4268; x_wconf 76' lang='lat' dir='ltr'><strong>Deo,</strong></span> <span class='ocrx_word' id='word_1_495' title='bbox 657 4198 854 4260; x_wconf 77' lang='lat' dir='ltr'><strong>eminunivtt</strong></span> <span class='ocrx_word' id='word_1_496' title='bbox 879 4212 917 4259; x_wconf 84' lang='lat' dir='ltr'><strong>se</strong></span> <span class='ocrx_word' id='word_1_497' title='bbox 939 4200 1093 4272; x_wconf 74' lang='lat' dir='ltr'><strong>formem</strong></span> <span class='ocrx_word' id='word_1_498' title='bbox 1146 4213 1203 4274; x_wconf 88' lang='lat' dir='ltr'><strong>spe</strong></span> <span class='ocrx_word' id='word_1_499' title='bbox 1224 4197 1395 4272; x_wconf 79' lang='lat' dir='ltr'><strong>erigimur,</strong></span> <span class='ocrx_word' id='word_1_500' title='bbox 1411 4197 1575 4260; x_wconf 84' lang='lat' dir='ltr'><strong>charitate</strong></span> <span class='ocrx_word' id='word_1_501' title='bbox 1589 4214 1870 4264; x_wconf 87' lang='lat' dir='ltr'><strong>consummamur.</strong></span> <span class='ocrx_word' id='word_1_502' title='bbox 1888 4204 1950 4265; x_wconf 79' lang='lat' dir='ltr'><strong>Fi·-</strong></span> <span class='ocrx_word' id='word_1_503' title='bbox 2000 4191 2004 4196; x_wconf 67' lang='grc'><em>“</em></span> 
     </span>
     <span class='ocr_line' id='line_1_41' title="bbox 290 4294 1715 4372; baseline -0.002 -11"><span class='ocrx_word' id='word_1_504' title='bbox 290 4301 386 4361; x_wconf 79' lang='lat' dir='ltr'><strong>seret</strong></span> <span class='ocrx_word' id='word_1_505' title='bbox 399 4300 569 4372; x_wconf 81' lang='lat' dir='ltr'><strong>accipiens</strong></span> <span class='ocrx_word' id='word_1_506' title='bbox 582 4299 621 4357; x_wconf 83' lang='lat' dir='ltr'><strong>m</strong></span> <span class='ocrx_word' id='word_1_507' title='bbox 636 4296 898 4362; x_wconf 79' lang='lat' dir='ltr'><strong>simititudtnem</strong></span> <span class='ocrx_word' id='word_1_508' title='bbox 913 4299 1091 4358; x_wconf 78' lang='lat' dir='ltr'><strong>hominum</strong></span> <span class='ocrx_word' id='word_1_509' title='bbox 1146 4294 1199 4361; x_wconf 84' lang='lat' dir='ltr'><strong>nis</strong></span> <span class='ocrx_word' id='word_1_510' title='bbox 1213 4294 1303 4355; x_wconf 87' lang='lat' dir='ltr'><strong>enim</strong></span> <span class='ocrx_word' id='word_1_511' title='bbox 1318 4296 1478 4371; x_wconf 76' lang='lat' dir='ltr'><strong>praecepti</strong></span> <span class='ocrx_word' id='word_1_512' title='bbox 1493 4297 1543 4358; x_wconf 89' lang='lat' dir='ltr'><strong>est</strong></span> <span class='ocrx_word' id='word_1_513' title='bbox 1557 4297 1715 4358; x_wconf 80' lang='lat' dir='ltr'><strong>edentes.</strong></span> 
     </span>
     <span class='ocr_line' id='line_1_42' title="bbox 291 4391 1945 4473; baseline 0.002 -16"><span class='ocrx_word' id='word_1_514' title='bbox 291 4398 402 4471; x_wconf 74' lang='lat' dir='ltr'><strong>foetus</strong></span> <span class='ocrx_word' id='word_1_515' title='bbox 411 4395 570 4457; x_wconf 74' lang='lat' dir='ltr'><strong>eremite</strong></span> <span class='ocrx_word' id='word_1_516' title='bbox 579 4393 785 4456; x_wconf 77' lang='lat' dir='ltr'><strong>teoerttueut</strong></span> <span class='ocrx_word' id='word_1_517' title='bbox 794 4398 893 4456; x_wconf 69' lang='lat' dir='ltr'><strong>nostro</strong></span> <span class='ocrx_word' id='word_1_518' title='bbox 904 4391 1041 4472; x_wconf 83' lang='lat' dir='ltr'><strong>(Philip.</strong></span> <span class='ocrx_word' id='word_1_519' title='bbox 1052 4409 1089 4466; x_wconf 91' lang='lat'><strong>11,</strong></span> <span class='ocrx_word' id='word_1_520' title='bbox 1185 4392 1226 4453; x_wconf 87' lang='lat' dir='ltr'><strong>Hi</strong></span> <span class='ocrx_word' id='word_1_521' title='bbox 1254 4395 1331 4454; x_wconf 87' lang='lat' dir='ltr'><strong>sunt</strong></span> <span class='ocrx_word' id='word_1_522' title='bbox 1351 4395 1494 4469; x_wconf 84' lang='lat' dir='ltr'><strong>quatuor</strong></span> <span class='ocrx_word' id='word_1_523' title='bbox 1517 4409 1649 4456; x_wconf 88' lang='lat' dir='ltr'><strong>menses</strong></span> <span class='ocrx_word' id='word_1_524' title='bbox 1672 4397 1750 4458; x_wconf 86' lang='lat' dir='ltr'><strong>ente</strong></span> <span class='ocrx_word' id='word_1_525' title='bbox 1778 4411 1945 4473; x_wconf 83' lang='lat' dir='ltr'><strong>messem,</strong></span> 
     </span>
     <span class='ocr_line' id='line_1_43' title="bbox 290 4483 1946 4571; baseline 0.002 -17"><span class='ocrx_word' id='word_1_526' title='bbox 290 4492 337 4570; x_wconf 88' lang='grc'><strong>6).</strong></span> <span class='ocrx_word' id='word_1_527' title='bbox 351 4495 420 4554; x_wconf 86' lang='lat' dir='ltr'><strong>Hoc</strong></span> <span class='ocrx_word' id='word_1_528' title='bbox 432 4493 544 4553; x_wconf 85' lang='lat' dir='ltr'><strong>eutem</strong></span> <span class='ocrx_word' id='word_1_529' title='bbox 553 4483 680 4565; x_wconf 88' lang='lat' dir='ltr'><strong>lignum</strong></span> <span class='ocrx_word' id='word_1_530' title='bbox 695 4505 762 4551; x_wconf 92' lang='lat' dir='ltr'><strong>non</strong></span> <span class='ocrx_word' id='word_1_531' title='bbox 775 4491 811 4551; x_wconf 91' lang='lat' dir='ltr'><strong>in</strong></span> <span class='ocrx_word' id='word_1_532' title='bbox 824 4491 907 4552; x_wconf 92' lang='lat' dir='ltr'><strong>rivis</strong></span> <span class='ocrx_word' id='word_1_533' title='bbox 920 4491 978 4552; x_wconf 90' lang='lat' dir='ltr'><strong>sod</strong></span> <span class='ocrx_word' id='word_1_534' title='bbox 994 4506 1090 4552; x_wconf 87' lang='lat' dir='ltr'><strong>secus</strong></span> <span class='ocrx_word' id='word_1_535' title='bbox 1146 4506 1229 4566; x_wconf 88' lang='lat' dir='ltr'><strong>quos</strong></span> <span class='ocrx_word' id='word_1_536' title='bbox 1267 4490 1419 4553; x_wconf 84' lang='lat' dir='ltr'><strong>Christus</strong></span> <span class='ocrx_word' id='word_1_537' title='bbox 1455 4492 1613 4567; x_wconf 88' lang='lat' dir='ltr'><strong>preedixit</strong></span> <span class='ocrx_word' id='word_1_538' title='bbox 1632 4513 1641 4553; x_wconf 75' lang='grc' dir='ltr'><strong><em>ε</em></strong></span> <span class='ocrx_word' id='word_1_539' title='bbox 1658 4496 1792 4567; x_wconf 79' lang='lat' dir='ltr'><strong>Nonne,</strong></span> <span class='ocrx_word' id='word_1_540' title='bbox 1821 4499 1946 4571; x_wconf 60' lang='lat' dir='ltr'><strong>tepuit</strong></span> 
     </span>
     <span class='ocr_line' id='line_1_44' title="bbox 291 4587 1945 4672; baseline 0.004 -22"><span class='ocrx_word' id='word_1_541' title='bbox 291 4589 450 4650; x_wconf 85' lang='lat' dir='ltr'><strong>decursus</strong></span> <span class='ocrx_word' id='word_1_542' title='bbox 475 4598 636 4668; x_wconf 80' lang='lat' dir='ltr'><strong>aquarum</strong></span> <span class='ocrx_word' id='word_1_543' title='bbox 652 4587 837 4663; x_wconf 75' lang='lat' dir='ltr'><strong>plantatim</strong></span> <span class='ocrx_word' id='word_1_544' title='bbox 859 4603 934 4649; x_wconf 87' lang='lat' dir='ltr'><strong>esse</strong></span> <span class='ocrx_word' id='word_1_545' title='bbox 956 4587 1089 4660; x_wconf 88' lang='lat' dir='ltr'><strong>dicitur,</strong></span> <span class='ocrx_word' id='word_1_546' title='bbox 1145 4589 1945 4672; x_wconf 68' lang='lat' dir='ltr'><strong>emotummensessuntaetemessem(ioanni,</strong></span> 
     </span>
     <span class='ocr_line' id='line_1_45' title="bbox 291 4683 1945 4765; baseline 0.005 -19"><span class='ocrx_word' id='word_1_547' title='bbox 291 4686 369 4764; x_wconf 81' lang='lat' dir='ltr'><strong>quie</strong></span> <span class='ocrx_word' id='word_1_548' title='bbox 382 4685 454 4762; x_wconf 89' lang='lat' dir='ltr'><strong>ipss</strong></span> <span class='ocrx_word' id='word_1_549' title='bbox 468 4685 619 4746; x_wconf 81' lang='lat' dir='ltr'><strong>christus</strong></span> <span class='ocrx_word' id='word_1_550' title='bbox 632 4684 710 4746; x_wconf 88' lang='lat' dir='ltr'><strong>licet</strong></span> <span class='ocrx_word' id='word_1_551' title='bbox 720 4683 821 4745; x_wconf 81' lang='lat' dir='ltr'><strong>tuerit</strong></span> <span class='ocrx_word' id='word_1_552' title='bbox 832 4685 979 4746; x_wconf 78' lang='lat' dir='ltr'><strong>humana</strong></span> <span class='ocrx_word' id='word_1_553' title='bbox 990 4701 1091 4748; x_wconf 90' lang='lat' dir='ltr'><strong>carne</strong></span> <span class='ocrx_word' id='word_1_554' title='bbox 1145 4685 1219 4763; x_wconf 83' lang='lat' dir='ltr'><strong>35)t</strong></span> <span class='ocrx_word' id='word_1_555' title='bbox 1232 4686 1313 4748; x_wconf 90' lang='lat' dir='ltr'><strong>utet</strong></span> <span class='ocrx_word' id='word_1_556' title='bbox 1324 4701 1384 4747; x_wconf 88' lang='lat' dir='ltr'><strong>nos</strong></span> <span class='ocrx_word' id='word_1_557' title='bbox 1399 4701 1459 4764; x_wconf 86' lang='lat' dir='ltr'><strong>per</strong></span> <span class='ocrx_word' id='word_1_558' title='bbox 1472 4689 1637 4764; x_wconf 83' lang='lat' dir='ltr'><strong>praecepta</strong></span> <span class='ocrx_word' id='word_1_559' title='bbox 1653 4689 1712 4749; x_wconf 88' lang='lat' dir='ltr'><strong>Dei</strong></span> <span class='ocrx_word' id='word_1_560' title='bbox 1727 4690 1945 4765; x_wconf 75' lang='lat' dir='ltr'><strong>emendate,</strong></span> 
     </span>
     <span class='ocr_line' id='line_1_46' title="bbox 290 4780 1949 4868; baseline 0.002 -20"><span class='ocrx_word' id='word_1_561' title='bbox 290 4782 441 4856; x_wconf 87' lang='lat' dir='ltr'><strong>vestitus,</strong></span> <span class='ocrx_word' id='word_1_562' title='bbox 457 4782 645 4848; x_wconf 86' lang='lat' dir='ltr'><strong>nontamen</strong></span> <span class='ocrx_word' id='word_1_563' title='bbox 663 4781 727 4847; x_wconf 82' lang='lat' dir='ltr'><strong>fuit</strong></span> <span class='ocrx_word' id='word_1_564' title='bbox 745 4780 892 4844; x_wconf 84' lang='lat' dir='ltr'><strong>humana</strong></span> <span class='ocrx_word' id='word_1_565' title='bbox 908 4781 1092 4858; x_wconf 86' lang='lat' dir='ltr'><strong>tragilitate</strong></span> <span class='ocrx_word' id='word_1_566' title='bbox 1144 4784 1335 4845; x_wconf 86' lang='lat' dir='ltr'><strong>testimonia</strong></span> <span class='ocrx_word' id='word_1_567' title='bbox 1366 4785 1466 4868; x_wconf 85' lang='lat' dir='ltr'><strong>atque</strong></span> <span class='ocrx_word' id='word_1_568' title='bbox 1494 4786 1667 4862; x_wconf 84' lang='lat' dir='ltr'><strong>exempla,</strong></span> <span class='ocrx_word' id='word_1_569' title='bbox 1697 4789 1845 4850; x_wconf 82' lang='lat' dir='ltr'><strong>maturos</strong></span> <span class='ocrx_word' id='word_1_570' title='bbox 1870 4793 1949 4867; x_wconf 93' lang='lat' dir='ltr'><strong>post</strong></span> 
     </span>
     <span class='ocr_line' id='line_1_47' title="bbox 290 4881 1947 4964; baseline 0.005 -22"><span class='ocrx_word' id='word_1_571' title='bbox 290 4881 447 4964; x_wconf 86' lang='lat' dir='ltr'><strong>pollutus.</strong></span> <span class='ocrx_word' id='word_1_572' title='bbox 1140 4881 1304 4957; x_wconf 89' lang='lat' dir='ltr'><strong>judicium</strong></span> <span class='ocrx_word' id='word_1_573' title='bbox 1324 4883 1486 4944; x_wconf 84' lang='lat' dir='ltr'><strong>metamus</strong></span> <span class='ocrx_word' id='word_1_574' title='bbox 1508 4897 1583 4944; x_wconf 88' lang='lat' dir='ltr'><strong>cum</strong></span> <span class='ocrx_word' id='word_1_575' title='bbox 1604 4884 1726 4959; x_wconf 88' lang='lat' dir='ltr'><strong>gaudio</strong></span> <span class='ocrx_word' id='word_1_576' title='bbox 1745 4885 1894 4962; x_wconf 80' lang='lat' dir='ltr'><strong>fructus3</strong></span> <span class='ocrx_word' id='word_1_577' title='bbox 1913 4889 1947 4950; x_wconf 89' lang='lat' dir='ltr'><strong>et</strong></span> 
     </span>
     <span class='ocr_line' id='line_1_48' title="bbox 330 4976 1947 5060; baseline 0.003 -18"><span class='ocrx_word' id='word_1_578' title='bbox 330 4979 487 5056; x_wconf 84' lang='lat' dir='ltr'><strong>Sequitur</strong></span> <span class='ocrx_word' id='word_1_579' title='bbox 501 4999 509 5038; x_wconf 77' lang='grc' dir='ltr'><strong><em>ε</em></strong></span> <span class='ocrx_word' id='word_1_580' title='bbox 521 4977 613 5040; x_wconf 82' lang='lat' dir='ltr'><strong>Vidit</strong></span> <span class='ocrx_word' id='word_1_581' title='bbox 624 4976 728 5041; x_wconf 84' lang='lat' dir='ltr'><strong>Jacob</strong></span> <span class='ocrx_word' id='word_1_582' title='bbox 743 4978 881 5040; x_wconf 81' lang='lat' dir='ltr'><strong>scalam.</strong></span> <span class='ocrx_word' id='word_1_583' title='bbox 895 4980 932 5044; x_wconf 90' lang='lat' dir='ltr'><strong>ln</strong></span> <span class='ocrx_word' id='word_1_584' title='bbox 948 4979 1001 5044; x_wconf 88' lang='lat' dir='ltr'><strong>his</strong></span> <span class='ocrx_word' id='word_1_585' title='bbox 1011 4980 1091 5043; x_wconf 92' lang='lat' dir='ltr'><strong>duo·</strong></span> <span class='ocrx_word' id='word_1_586' title='bbox 1145 4979 1201 5060; x_wconf 84' lang='lat' dir='ltr'><strong>qui</strong></span> <span class='ocrx_word' id='word_1_587' title='bbox 1216 4979 1252 5040; x_wconf 89' lang='lat' dir='ltr'><strong>iu</strong></span> <span class='ocrx_word' id='word_1_588' title='bbox 1267 4979 1424 5057; x_wconf 80' lang='lat' dir='ltr'><strong>lacrymis</strong></span> <span class='ocrx_word' id='word_1_589' title='bbox 1443 4979 1573 5042; x_wconf 83' lang='lat' dir='ltr'><strong>timoris</strong></span> <span class='ocrx_word' id='word_1_590' title='bbox 1595 4982 1723 5043; x_wconf 85' lang='lat' dir='ltr'><strong>semine</strong></span> <span class='ocrx_word' id='word_1_591' title='bbox 1738 4984 1947 5060; x_wconf 83' lang='lat' dir='ltr'><strong>poenitentiae</strong></span> 
     </span>
     <span class='ocr_line' id='line_1_49' title="bbox 287 5076 1946 5159; baseline 0.002 -19"><span class='ocrx_word' id='word_1_592' title='bbox 287 5077 349 5140; x_wconf 86' lang='lat' dir='ltr'><strong>hus</strong></span> <span class='ocrx_word' id='word_1_593' title='bbox 375 5076 474 5155; x_wconf 89' lang='lat' dir='ltr'><strong>lignis</strong></span> <span class='ocrx_word' id='word_1_594' title='bbox 498 5077 621 5138; x_wconf 87' lang='lat' dir='ltr'><strong>diversi</strong></span> <span class='ocrx_word' id='word_1_595' title='bbox 645 5079 722 5140; x_wconf 88' lang='lat' dir='ltr'><strong>suut</strong></span> <span class='ocrx_word' id='word_1_596' title='bbox 742 5077 868 5153; x_wconf 77' lang='lat' dir='ltr'><strong>gredm</strong></span> <span class='ocrx_word' id='word_1_597' title='bbox 880 5078 993 5156; x_wconf 86' lang='lat' dir='ltr'><strong>positi,</strong></span> <span class='ocrx_word' id='word_1_598' title='bbox 1010 5080 1089 5156; x_wconf 85' lang='lat' dir='ltr'><strong>qula</strong></span> <span class='ocrx_word' id='word_1_599' title='bbox 1139 5076 1354 5153; x_wconf 78' lang='lat' dir='ltr'><strong>jactavimus,</strong></span> <span class='ocrx_word' id='word_1_600' title='bbox 1382 5078 1553 5152; x_wconf 83' lang='lat' dir='ltr'><strong>portantes</strong></span> <span class='ocrx_word' id='word_1_601' title='bbox 1581 5077 1756 5140; x_wconf 83' lang='lat' dir='ltr'><strong>eharitatis</strong></span> <span class='ocrx_word' id='word_1_602' title='bbox 1785 5082 1946 5159; x_wconf 85' lang='lat' dir='ltr'><strong>manipu-</strong></span> 
     </span>
     <span class='ocr_line' id='line_1_50' title="bbox 287 5173 1941 5253; baseline 0.003 -15"><span class='ocrx_word' id='word_1_603' title='bbox 287 5176 322 5238; x_wconf 91' lang='lat' dir='ltr'><strong>ln</strong></span> <span class='ocrx_word' id='word_1_604' title='bbox 335 5176 465 5238; x_wconf 83' lang='lat' dir='ltr'><strong>Christo</strong></span> <span class='ocrx_word' id='word_1_605' title='bbox 481 5174 622 5253; x_wconf 75' lang='lat' dir='ltr'><strong>diverses</strong></span> <span class='ocrx_word' id='word_1_606' title='bbox 647 5178 727 5238; x_wconf 85' lang='lat' dir='ltr'><strong>sunt</strong></span> <span class='ocrx_word' id='word_1_607' title='bbox 746 5176 969 5253; x_wconf 81' lang='lat' dir='ltr'><strong>operationes.</strong></span> <span class='ocrx_word' id='word_1_608' title='bbox 990 5179 1089 5248; x_wconf 83' lang='lat' dir='ltr'><strong>Ques-</strong></span> <span class='ocrx_word' id='word_1_609' title='bbox 1143 5174 1192 5235; x_wconf 94' lang='lat' dir='ltr'><strong>los</strong></span> <span class='ocrx_word' id='word_1_610' title='bbox 1216 5179 1291 5237; x_wconf 88' lang='lat' dir='ltr'><strong>cum</strong></span> <span class='ocrx_word' id='word_1_611' title='bbox 1317 5173 1438 5249; x_wconf 85' lang='lat' dir='ltr'><strong>gaudio</strong></span> <span class='ocrx_word' id='word_1_612' title='bbox 1465 5175 1627 5239; x_wconf 85' lang='lat' dir='ltr'><strong>metemus</strong></span> <span class='ocrx_word' id='word_1_613' title='bbox 1652 5176 1689 5236; x_wconf 93' lang='lat' dir='ltr'><strong>in</strong></span> <span class='ocrx_word' id='word_1_614' title='bbox 1715 5178 1811 5239; x_wconf 88' lang='lat' dir='ltr'><strong>coelo.</strong></span> <span class='ocrx_word' id='word_1_615' title='bbox 1838 5182 1941 5243; x_wconf 87' lang='lat' dir='ltr'><strong>Item:</strong></span> 
     </span>
     <span class='ocr_line' id='line_1_51' title="bbox 286 5270 1943 5351; baseline 0.002 -16"><span class='ocrx_word' id='word_1_616' title='bbox 286 5273 465 5336; x_wconf 83' lang='lat' dir='ltr'><strong>demerim</strong></span> <span class='ocrx_word' id='word_1_617' title='bbox 482 5271 723 5347; x_wconf 84' lang='lat' dir='ltr'><strong>fecitutDeus,</strong></span> <span class='ocrx_word' id='word_1_618' title='bbox 741 5275 892 5351; x_wconf 81' lang='lat' dir='ltr'><strong>quasdem</strong></span> <span class='ocrx_word' id='word_1_619' title='bbox 908 5289 988 5336; x_wconf 86' lang='lat' dir='ltr'><strong>vero</strong></span> <span class='ocrx_word' id='word_1_620' title='bbox 1004 5290 1085 5350; x_wconf 83' lang='lat' dir='ltr'><strong>pes·</strong></span> <span class='ocrx_word' id='word_1_621' title='bbox 1141 5270 1264 5346; x_wconf 86' lang='lat' dir='ltr'><strong>gradus</strong></span> <span class='ocrx_word' id='word_1_622' title='bbox 1291 5271 1391 5348; x_wconf 86' lang='lat' dir='ltr'><strong>hujus</strong></span> <span class='ocrx_word' id='word_1_623' title='bbox 1419 5273 1519 5334; x_wconf 83' lang='lat' dir='ltr'><strong>scalea</strong></span> <span class='ocrx_word' id='word_1_624' title='bbox 1546 5274 1625 5334; x_wconf 89' lang='lat' dir='ltr'><strong>sunt</strong></span> <span class='ocrx_word' id='word_1_625' title='bbox 1649 5274 1763 5336; x_wconf 85' lang='lat' dir='ltr'><strong>decem</strong></span> <span class='ocrx_word' id='word_1_626' title='bbox 1786 5278 1943 5340; x_wconf 89' lang='lat' dir='ltr'><strong>mandata</strong></span> 
     </span>
     <span class='ocr_line' id='line_1_52' title="bbox 286 5368 1946 5453; baseline 0.002 -19"><span class='ocrx_word' id='word_1_627' title='bbox 286 5389 343 5434; x_wconf 91' lang='lat' dir='ltr'><strong>sus</strong></span> <span class='ocrx_word' id='word_1_628' title='bbox 356 5373 451 5434; x_wconf 89' lang='lat' dir='ltr'><strong>estut</strong></span> <span class='ocrx_word' id='word_1_629' title='bbox 465 5371 574 5432; x_wconf 88' lang='lat' dir='ltr'><strong>homo.</strong></span> <span class='ocrx_word' id='word_1_630' title='bbox 589 5372 739 5436; x_wconf 82' lang='lat' dir='ltr'><strong>comedit</strong></span> <span class='ocrx_word' id='word_1_631' title='bbox 753 5373 786 5433; x_wconf 92' lang='lat' dir='ltr'><strong>et</strong></span> <span class='ocrx_word' id='word_1_632' title='bbox 795 5371 889 5443; x_wconf 86' lang='lat' dir='ltr'><strong>bibit,</strong></span> <span class='ocrx_word' id='word_1_633' title='bbox 901 5370 1043 5432; x_wconf 85' lang='lat' dir='ltr'><strong>esurivit</strong></span> <span class='ocrx_word' id='word_1_634' title='bbox 1054 5374 1087 5435; x_wconf 91' lang='lat' dir='ltr'><strong>et</strong></span> <span class='ocrx_word' id='word_1_635' title='bbox 1141 5368 1237 5445; x_wconf 91' lang='lat' dir='ltr'><strong>legis,</strong></span> <span class='ocrx_word' id='word_1_636' title='bbox 1252 5385 1325 5446; x_wconf 85' lang='lat' dir='ltr'><strong>quae</strong></span> <span class='ocrx_word' id='word_1_637' title='bbox 1340 5370 1453 5434; x_wconf 84' lang='lat' dir='ltr'><strong>omnia</strong></span> <span class='ocrx_word' id='word_1_638' title='bbox 1475 5371 1552 5433; x_wconf 87' lang='lat' dir='ltr'><strong>sunt</strong></span> <span class='ocrx_word' id='word_1_639' title='bbox 1565 5372 1787 5448; x_wconf 80' lang='lat' dir='ltr'><strong>operationes,</strong></span> <span class='ocrx_word' id='word_1_640' title='bbox 1804 5375 1837 5436; x_wconf 90' lang='lat' dir='ltr'><strong>et</strong></span> <span class='ocrx_word' id='word_1_641' title='bbox 1855 5391 1946 5453; x_wconf 75' lang='lat' dir='ltr'><strong>prae-</strong></span> 
     </span>
    </p>
   </div>
   <div class='ocr_carea' id='block_1_3' title="bbox 286 5467 2092 5549">
    <p class='ocr_par' dir='ltr' id='par_1_3' title="bbox 286 5467 2092 5549">
     <span class='ocr_line' id='line_1_53' title="bbox 286 5467 2092 5549; baseline 0.002 -19"><span class='ocrx_word' id='word_1_642' title='bbox 286 5469 400 5538; x_wconf 89' lang='lat' dir='ltr'><strong>sitivit,</strong></span> <span class='ocrx_word' id='word_1_643' title='bbox 417 5469 583 5540; x_wconf 87' lang='lat' dir='ltr'><strong>dormivit,</strong></span> <span class='ocrx_word' id='word_1_644' title='bbox 609 5485 728 5546; x_wconf 87' lang='lat' dir='ltr'><strong>passus</strong></span> <span class='ocrx_word' id='word_1_645' title='bbox 750 5471 801 5530; x_wconf 88' lang='lat' dir='ltr'><strong>est</strong></span> <span class='ocrx_word' id='word_1_646' title='bbox 824 5470 857 5530; x_wconf 89' lang='lat' dir='ltr'><strong>et</strong></span> <span class='ocrx_word' id='word_1_647' title='bbox 871 5468 912 5529; x_wconf 90' lang='lat' dir='ltr'><strong>ad</strong></span> <span class='ocrx_word' id='word_1_648' title='bbox 933 5468 1084 5530; x_wconf 91' lang='lat' dir='ltr'><strong>ultimum</strong></span> <span class='ocrx_word' id='word_1_649' title='bbox 1140 5469 1235 5544; x_wconf 86' lang='lat' dir='ltr'><strong>cepta</strong></span> <span class='ocrx_word' id='word_1_650' title='bbox 1253 5471 1333 5530; x_wconf 87' lang='lat' dir='ltr'><strong>Jesu</strong></span> <span class='ocrx_word' id='word_1_651' title='bbox 1353 5469 1486 5529; x_wconf 83' lang='lat' dir='ltr'><strong>Gliristi.</strong></span> <span class='ocrx_word' id='word_1_652' title='bbox 1505 5470 1707 5548; x_wconf 82' lang='lat' dir='ltr'><strong>Quicumque</strong></span> <span class='ocrx_word' id='word_1_653' title='bbox 1727 5487 1807 5549; x_wconf 90' lang='lat' dir='ltr'><strong>ergo</strong></span> <span class='ocrx_word' id='word_1_654' title='bbox 1822 5472 1959 5535; x_wconf 87' lang='lat' dir='ltr'><strong>obser-·</strong></span> <span class='ocrx_word' id='word_1_655' title='bbox 2091 5467 2092 5472; x_wconf 71' lang='grc'>’</span> 
     </span>
    </p>
   </div>
   <div class='ocr_carea' id='block_1_4' title="bbox 284 5563 1942 5748">
    <p class='ocr_par' dir='ltr' id='par_1_4' title="bbox 284 5563 1942 5748">
     <span class='ocr_line' id='line_1_54' title="bbox 285 5563 1940 5648; baseline 0.002 -19"><span class='ocrx_word' id='word_1_656' title='bbox 285 5565 433 5629; x_wconf 88' lang='lat' dir='ltr'><strong>mortuus</strong></span> <span class='ocrx_word' id='word_1_657' title='bbox 446 5564 506 5625; x_wconf 90' lang='lat' dir='ltr'><strong>est.</strong></span> <span class='ocrx_word' id='word_1_658' title='bbox 522 5565 639 5626; x_wconf 87' lang='lat' dir='ltr'><strong>Omnia</strong></span> <span class='ocrx_word' id='word_1_659' title='bbox 655 5565 720 5626; x_wconf 85' lang='lat' dir='ltr'><strong>ista</strong></span> <span class='ocrx_word' id='word_1_660' title='bbox 734 5564 902 5642; x_wconf 89' lang='lat' dir='ltr'><strong>pertinent</strong></span> <span class='ocrx_word' id='word_1_661' title='bbox 913 5564 955 5625; x_wconf 94' lang='lat' dir='ltr'><strong>ad</strong></span> <span class='ocrx_word' id='word_1_662' title='bbox 971 5563 1085 5626; x_wconf 88' lang='lat' dir='ltr'><strong>huma·</strong></span> <span class='ocrx_word' id='word_1_663' title='bbox 1139 5569 1195 5627; x_wconf 86' lang='lat' dir='ltr'><strong>vat</strong></span> <span class='ocrx_word' id='word_1_664' title='bbox 1217 5566 1382 5643; x_wconf 76' lang='lat' dir='ltr'><strong>praecepta</strong></span> <span class='ocrx_word' id='word_1_665' title='bbox 1406 5567 1579 5642; x_wconf 86' lang='lat' dir='ltr'><strong>Evangelii</strong></span> <span class='ocrx_word' id='word_1_666' title='bbox 1607 5567 1641 5629; x_wconf 88' lang='lat' dir='ltr'><strong>et</strong></span> <span class='ocrx_word' id='word_1_667' title='bbox 1668 5569 1824 5632; x_wconf 86' lang='lat' dir='ltr'><strong>mandata</strong></span> <span class='ocrx_word' id='word_1_668' title='bbox 1842 5569 1940 5648; x_wconf 80' lang='lat' dir='ltr'><strong>logie,</strong></span> 
     </span>
     <span class='ocr_line' id='line_1_55' title="bbox 284 5661 1942 5748; baseline 0.005 -19"><span class='ocrx_word' id='word_1_669' title='bbox 284 5661 433 5729; x_wconf 79' lang='lat' dir='ltr'><strong>uitatem.</strong></span> <span class='ocrx_word' id='word_1_670' title='bbox 456 5662 567 5724; x_wconf 75' lang='lat' dir='ltr'><strong>caecos</strong></span> <span class='ocrx_word' id='word_1_671' title='bbox 590 5677 670 5726; x_wconf 90' lang='lat' dir='ltr'><strong>vero</strong></span> <span class='ocrx_word' id='word_1_672' title='bbox 693 5661 896 5737; x_wconf 85' lang='lat' dir='ltr'><strong>illuminare,</strong></span> <span class='ocrx_word' id='word_1_673' title='bbox 914 5661 1083 5728; x_wconf 84' lang='lat' dir='ltr'><strong>daemones</strong></span> <span class='ocrx_word' id='word_1_674' title='bbox 1138 5663 1287 5727; x_wconf 86' lang='lat' dir='ltr'><strong>aseendit</strong></span> <span class='ocrx_word' id='word_1_675' title='bbox 1300 5663 1341 5726; x_wconf 87' lang='lat' dir='ltr'><strong>ed</strong></span> <span class='ocrx_word' id='word_1_676' title='bbox 1363 5663 1531 5738; x_wconf 80' lang='lat' dir='ltr'><strong>Christum</strong></span> <span class='ocrx_word' id='word_1_677' title='bbox 1555 5677 1614 5748; x_wconf 81' lang='lat' dir='ltr'><strong>per</strong></span> <span class='ocrx_word' id='word_1_678' title='bbox 1633 5665 1757 5730; x_wconf 83' lang='lat' dir='ltr'><strong>scalam</strong></span> <span class='ocrx_word' id='word_1_679' title='bbox 1776 5667 1888 5744; x_wconf 85' lang='lat' dir='ltr'><strong>istem,</strong></span> <span class='ocrx_word' id='word_1_680' title='bbox 1907 5672 1942 5740; x_wconf 86' lang='lat' dir='ltr'><strong>et</strong></span> 
     </span>
    </p>
   </div>
   <div class='ocr_carea' id='block_1_5' title="bbox 0 0 2104 6404">
    <p class='ocr_par' dir='ltr' id='par_1_5' title="bbox 0 0 2104 6404">
     <span class='ocr_line' id='line_1_56' title="bbox 0 0 2104 6404; baseline 0 3"><span class='ocrx_word' id='word_1_681' title='bbox 0 0 2104 6404; x_wconf 95' lang='lat' dir='ltr'><strong> </strong></span> 
     </span>
    </p>
   </div>
  </div>
 </body>
</html>
