4162 6424
354 245 413 304 oti
979 229 1154 290 HONORII
1177 229 1221 288 ΙΙΙ
1244 229 1390 288 OPERA.
1509 307 1512 313 Ι

357 400 498 465 crationi
511 399 629 462 uestrae
644 411 703 474 per
717 392 905 472 apostolica
922 391 1044 468 scripta
1057 405 1153 452 maii-
1540 407 1667 500 XCIII

356 497 655 574 damus,quatenus
668 494 842 570 episcopus
855 491 888 554 et
897 490 1152 552 archidiaconus

356 595 532 660 Remensis
553 589 734 672 provinciae
765 606 804 652 ac
830 585 990 650 officiales
1021 603 1151 658 eorum,
1254 586 1306 646 Ad
1319 586 1519 646 Aiasclmiim
1533 585 1737 644 Gottieiiscm
1756 587 1942 660 episcopani.

356 697 393 757 ut
406 691 580 772 praedictos
596 687 836 766 conquerentes
850 686 965 749 contra
991 685 1152 748 indultam
1473 716 1506 773 3¹
1527 713 1657 772 decemb.
1680 715 1757 773 lili.

354 793 406 852 eis
421 807 440 852 a
457 789 541 850 Sede
562 787 752 864 apostolica
767 785 953 848 libertatem
970 797 1154 860 aggravare

283 883 287 894 '
357 887 524 964 superbis
539 886 572 947 et
590 885 667 946 aliis
681 901 748 944 non
763 882 978 960 praesumant,
996 896 1037 942 ne
1053 881 1155 956 impo-

357 987 438 1046 nant
452 985 581 1060 aliquas
605 982 771 1043 indebitas
793 980 988 1042 exactiones
1015 978 1152 1049 eisdem,
1209 955 1345 1014 A⁰⁸³¹ffl⁰
1361 953 1401 1030 (Ι)
1418 955 1553 1030 episcopo
1568 957 1703 1014 Galliensi
1714 955 1840 1023 mandat,
1852 965 1880 1013 1¹1
1891 956 1976 1014 duobis

356 1082 522 1144 moneatis
538 1079 707 1150 attentius,
722 1095 784 1140 nec
799 1075 1154 1138 efficaciterinducafls
1245 1045 1292 1146 vel
1304 1043 1392 1102 tribus
1408 1043 1550 1102 nobilibus
1565 1043 1772 1119 crucesignatis
1787 1061 1846 1101 sure
1863 1045 1975 1114 diocesis,

360 1181 449 1258 ipsos
464 1179 506 1240 ad
521 1178 595 1248 hoc,
610 1177 638 1238 si
660 1191 797 1238 necesse
821 1174 932 1246 suerit,
949 1174 1155 1234 districtione
1246 1133 1348 1205 ‘imbus
1371 1132 1409 1191 Μ
1432 1133 1647 1278 “servendum
1666 1141 1865 1278 ⁹⁰¹⁰m.⁸¹¹¹}¹¹¹
1883 1149 1976 1206 ΝΟΜ

356 1295 424 1355 qua
441 1275 606 1348 convenit,
619 1273 843 1351 appellatione
853 1272 1047 1349 postposita,
1060 1286 1155 1332 com·
1246 1235 1302 1278 ¹¹⁰⁰
1318 1229 1471 1360 wipemm
1492 1223 1649 1360 ‘affluatis’
1666 1229 1813 1294 ⁸⁰pp⁰u⁸⁸
1837 1231 1900 1279 mi

359 1375 520 1452 pellentes
558 1372 753 1450 praedictum
781 1371 1036 1432 Noviomensem
1066 1368 1157 1445 epis-
1251 1349 1417 1409 H0¹10P¹1¹S
1448 1363 1643 1426 ⁰l³18⁰0l11⁸2
1680 1363 1798 1410 serlus
1834 1363 1976 1412 servorun

357 1488 489 1549 00qu
507 1470 548 1531 ad
571 1468 810 1531 restituendam
825 1467 970 1544 ppaedam
993 1465 1153 1536 eamdem,
1211 1445 1281 1518 Dei,
1296 1444 1481 1508 venerabili
1490 1445 1585 1507 iratri
1596 1445 1751 1508 Anselmo
1767 1445 1912 1524 episcopo
1923 1449 1977 1508 Gal·

359 1571 392 1632 et
406 1567 642 1630 satisfaciendo
657 1581 803 1642 congrue
819 1563 860 1626 de
875 1563 1005 1625 damnis
1018 1565 1051 1625 et
1065 1563 1157 1640 indu.
1211 1541 1321 1615 liensi,
1342 1543 1483 1606 salutem
1503 1545 1536 1605 et
1558 1545 1782 1620 apostolicam
1808 1543 1979 1608 benedictio·

358 1667 418 1727 riis
429 1663 655 1742 conquerenti,
671 1663 878 1725 districtione
890 1658 1156 1733 simili,reritate
1212 1656 1297 1701 nem·

355 1764 490 1838 cognita
505 1762 700 1830 coemendo,
717 1761 803 1837 quod
829 1760 859 1820 εἰ
874 1775 941 1822 non
963 1773 1079 1822 omnes
1101 1757 1156 1818 hig
1252 1739 1317 1800 Per
1327 1738 1401 1800 tuas
1414 1737 1542 1800 litteras
1561 1737 1769 1814 significasti,
1787 1740 1823 1802 ut
1834 1756 1900 1801 cuni
1915 1740 1978 1801 inter

355 1860 588 1921 examinandis
604 1859 779 1937 potueritis
794 1858 966 1930 interesse,
988 1856 1053 1918 duo
1075 1871 1155 1916 res·
1212 1835 1471 1912 crucesissflafflb
1489 1841 1556 1898 [ΜΠ
1571 1836 1728 1909 cillialid
1743 1853 1842 1914 quam
1856 1838 1979 1898 dioeleiii

359 1958 446 2018 prum
460 1973 500 2019 ea
515 1955 732 2019 nihilominus
747 1956 983 2032 exsequantur,
1211 1936 1276 1996 tuae
1284 1934 1470 2006 calliensis,
1480 1934 1629 1995 nonnulli
1641 1935 1708 1996 sint
1716 1935 1838 1996 milites
1847 1935 1978 2005 bellicosi,

401 2055 520 2115 Datum
536 2054 703 2124 Laterani,
724 2051 933 2130 pontificatus
947 2049 1054 2112 nostri
1069 2064 1156 2110 anno
1212 2033 1244 2094 Gi
1259 2032 1292 2091 ili
1304 2032 1406 2092 armis
1420 2031 1558 2102 Sii'fflllli,
1575 2031 1694 2108 quibus
1707 2031 1748 2093 ad
1763 2033 1979 2109 exsequendum

360 2149 517 2211 secundo,
1212 2131 1322 2190 votum
1344 2145 1439 2190 suum
1463 2127 1607 2206 propriae
1622 2143 1689 2190 non
1706 2131 1881 2207 suppetunt
1900 2129 1980 2190 sanil-

1212 2227 1307 2298 tateS,
1322 2227 1372 2287 eis
1384 2227 1418 2287 in
1429 2227 1589 2303 vigesima
1601 2226 1835 2300 oblationibus,
1849 2229 1880 2288 et
1890 2228 1981 2288 tolles·

705 2341 813 2428 XGH
1212 2325 1255 2385 tis
1270 2325 1426 2396 civitatis,
1442 2326 1475 2386 et
1488 2323 1642 2386 dioecesis
1658 2324 1829 2400 predicta,
1840 2325 1980 2402 prosobsi·

1213 2423 1267 2482 dio
1280 2423 1378 2484 terrae
1394 2421 1567 2498 providere
1582 2422 1809 2498 dignaremur.
1825 2423 1888 2483 Nos
1903 2424 1980 2497 igitir

411 2503 463 2564 Ad
488 2503 671 2578 nogionem
693 2501 883 2562 Ostienissm
910 2499 1106 2573 episcopum
1213 2519 1279 2581 tuis
1294 2518 1448 2596 precibus
1471 2518 1634 2591 inclinati,
1656 2517 1858 2582 fraternitati
1871 2521 1925 2581 tuae
1938 2535 1979 2595 pei

522 2599 723 2698 apostolico
736 2599 835 2659 Sedis
848 2599 1010 2674 legatum.
1212 2617 1400 2694 Apostollca
1412 2616 1534 2694 scripta
1543 2616 1748 2690 mandamus,
1757 2619 1913 2695 quatenus
1922 2631 1981 2692 pra»

625 2747 658 2804 :tl
670 2745 799 2804 decemb·
813 2747 891 2804 ltll.
1213 2713 1301 2776 dicta
1331 2713 1473 2786 duobus,
1499 2713 1551 2775 vel
1575 2713 1681 2775 tribus
1700 2713 1866 2776 nobilibus
1888 2729 1979 2774 cruce-

1214 2811 1365 2888 signatis,
1382 2814 1485 2872 Deum
1503 2810 1694 2872 timentibus
1707 2811 1747 2872 de
1760 2811 1848 2873 dicta
1863 2811 1979 2878 civitate,

1213 2910 1246 2970 et
1260 2909 1495 2986 dioecesi,quos
1509 2907 1682 2986 prudentia
1698 2911 1755 2970 tua
1771 2909 1813 2970 ad
1830 2909 1888 2970 boc
1901 2908 1981 2967 duis·

360 3012 477 3074 blandai
492 3021 522 3072 ut
536 3011 682 3084 precipiat
696 3012 827 3084 potestati
844 3013 1011 3070 Pisanorum
1032 3013 1159 3084 protinus
1213 3007 1258 3069 rit
1280 3007 1462 3084 eligendos,
1488 3005 1592 3067 iacias
1618 3007 1805 3083 assignare,
1832 3005 1884 3083 qui
1907 3021 1939 3065 ea
1957 3003 1981 3062 ii
2035 3005 2036 3022 ¹

454 3107 569 3158 revocet
583 3115 682 3158 eorum
697 3100 851 3158 examitum
867 3100 902 3157 de
916 3099 1056 3160 Sardinia.
1214 3104 1300 3166 ultra
1316 3105 1464 3167 marinas
1481 3105 1591 3182 partes
1606 3104 1766 3174 deserant,
1793 3103 1828 3165 in
1843 3103 1982 3180 predicto

1214 3219 1298 3274 rum,
1310 3203 1344 3265 et
1354 3203 1494 3264 aliorum
1511 3217 1693 3280 pauperum
1706 3203 1982 3278 crucesignatorum

1213 3299 1370 3374 civitatis,
1399 3301 1432 3362 et
1455 3299 1607 3361 dioecesis
1631 3300 1879 3376 praemissorum
1894 3297 1981 3360 subsi-

1214 3397 1290 3458 dum
1307 3397 1448 3460 fideliter
1460 3399 1706 3460 convertantur.

1253 3495 1371 3557 Datum
1393 3497 1506 3556 Romae
1530 3495 1616 3572 apud
1638 3497 1855 3568 Lateranum,
1873 3491 1983 3572 pontii-

1213 3594 1307 3654 catus
1321 3592 1427 3654 nostri
1440 3608 1528 3654 anuo
1545 3593 1700 3654 secundo.

1318 839 1437 904 [Ugbelli
1448 839 1523 890 Italis
1535 853 1613 897 sacra,
1634 843 1652 889 t.
1667 839 1698 902 ll,
1709 854 1734 904 p.
1747 839 1803 898 sis,
1814 853 1839 892 n.
1851 839 1898 905 to]

391 2878 541 2944 [Raynaldi
557 2878 671 2929 Annales
683 2877 849 2928 ecclesiastici
865 2877 897 2928 ad
911 2891 954 2928 su.
969 2875 1038 2936 lati,
1052 2875 1127 2942 gas]

401 3247 481 3307 Cum
501 3245 647 3322 potestas
670 3246 704 3307 et
727 3245 867 3322 populus
891 3245 1034 3308 Pisanus
1059 3263 1160 3324 super

354 3342 447 3409 lactc
460 3343 623 3405 Sardiniae
634 3343 757 3404 nostris
766 3343 912 3420 jurarint
924 3345 1013 3406 stare
1026 3344 1160 3405 manda·

360 3441 414 3512 tis,
440 3439 642 3503 fraternitati
656 3442 721 3502 tuae
732 3441 945 3518 praesentium
961 3443 1158 3503 auctoritate

360 3539 566 3610 mandamus,
582 3537 744 3615 quatenus
757 3538 806 3599 eis
818 3539 891 3599 vice
901 3541 1014 3600 nostra
1030 3539 1091 3600 sub
1106 3539 1159 3599 de·

359 3633 429 3698 bito
443 3636 585 3713 praestiti
591 3636 774 3713 juramenti
789 3637 976 3712 precipias,
994 3637 1030 3698 ut
1047 3638 1160 3713 potes-

359 3733 460 3795 tatem
476 3733 593 3809 ipsam,
614 3733 647 3794 et
659 3748 775 3794 eorum
787 3733 971 3794 exercitum
985 3733 1027 3795 de
1039 3734 1157 3795 Sardi-

359 3829 416 3890 nia
432 3829 583 3905 protinus
605 3831 773 3900 revocent,
793 3831 879 3892 etad
899 3832 1033 3907 propria
1048 3831 1158 3893 redire
1553 3789 1676 3876 XCIV

360 3925 577 4001 compellant3
592 3926 625 3987 et
641 3925 817 3987 decaetero
832 3925 938 4003 ipsam
957 3928 1156 3998 Sardiniam,
1324 3942 1377 4002 Aa
1402 3943 1597 4016 episcopum
1618 3943 1892 4003 ambianensem.

361 4021 492 4099 quaead
506 4021 729 4099 apostolicam
743 4022 860 4084 sedem
880 4024 1030 4086 noscitur
1051 4026 1157 4101 perti·
1522 4073 1539 4132 2
1548 4072 1608 4144 jan.
1626 4074 1704 4132 ωε.

363 4135 455 4230 'mi'
481 4135 542 4197 per
568 4135 604 4182 ⁵⁶
631 4119 685 4182 vel
705 4135 766 4230 Ψ
786 4117 871 4232 ἃϋοῗ
897 4135 963 4182 ”⁰¹¹
988 4121 1156 4196 inf⁰⁸t⁰¹¹t’
1249 4179 1355 4244 [agen.
1378 4179 1455 4231 unii
1475 4175 1954 4245 epist.rasinsmrciteourieii]

359 4218 572 4280 restituentes
580 4219 777 4294 Apostolicae
789 4219 1160 4296 Sediterrasquascum·
1360 4217 1367 4239 '
1457 4217 1464 4240 '

360 4331 423 4392 que
435 4315 471 4375 in
486 4330 525 4375 03
539 4315 617 4376 dicti
632 4315 776 4390 potestas
789 4317 822 4378 et
834 4317 1000 4378 exercitus
1015 4332 1160 4394 occupa,
1213 4293 1257 4353 tu
1275 4310 1372 4353 sacrm
1394 4294 1510 4353 ordines
1523 4295 1709 4396 promovendi
1724 4297 1772 4369 qui
1787 4311 1885 4354 curam
1898 4294 1983 4350 anina·

359 4413 448 4484 runt,
477 4413 510 4473 et
537 4413 684 4473 castrum
709 4413 796 4490 quod
825 4415 940 4476 contra
966 4415 1158 4476 mandatum
1249 4398 1310 4442 '¹¹⁰¹
1327 4383 1433 4442 'when‘
1447 4383 1646 4442 ⁰¹¹³⁶¹¹⁰fl⁰¹⁰·

360 4508 455 4570 bonae
475 4510 645 4570 memoriae
659 4511 843 4571 Innocentii
862 4525 956 4587 papae
968 4511 1157 4588 praedeces·
1254 4511 1432 4583 Honorius
1449 4511 1524 4583 eto,
1540 4510 1724 4572 venerabili
1748 4509 1845 4574 tratri
1858 4511 1985 4587 episcopo

361 4605 447 4666 soris
476 4605 593 4676 nostri,
620 4605 783 4667 sententia
806 4608 1158 4670 excommunicationis
1212 4607 1408 4670 Ambianen.

361 4701 560 4780 contempta,
586 4701 620 4762 iii
645 4702 802 4764 Ecclesiae
816 4705 974 4767 Romana
996 4706 1157 4783 praejudi-
1256 4707 1361 4778 Quum
1375 4705 1460 4766 sicut
1472 4720 1515 4765 ex
1529 4705 1623 4781 parte
1633 4706 1690 4766 tua
1705 4703 1768 4767 ruit
1782 4704 1903 4768 nostris
1920 4696 1987 4760 auri·

360 4798 448 4860 cium
473 4800 663 4872 erexerunt,
692 4800 813 4863 sacient
841 4803 971 4879 penitus
993 4803 1156 4866 demoliri.
1213 4803 1274 4864 bus
1289 4801 1488 4874 intimatum,
1518 4801 1613 4862 multi
1632 4802 1748 4864 clerici
1762 4803 1830 4864 tuae
1860 4793 1986 4862 dioecesis

361 4895 496 4971 Quodsi
511 4898 596 4961 sorte
612 4913 669 4961 sos
684 4899 726 4960 ad
741 4899 773 4960 id
792 4899 951 4963 inducere
967 4917 1033 4962 uon
1047 4903 1159 4980 potue·
1214 4899 1438 4962 ecclesiastica
1467 4897 1628 4962 beneficia
1653 4897 1841 4962 obtinentes
1857 4943 1865 4970 ,
1890 4893 1987 4973 quibus

360 4996 418 5068 ris,
436 4995 517 5072 ipsis
537 4997 724 5075 praecipias
745 4998 781 5060 ut
803 4997 884 5059 illud
911 5001 945 5060 d.
969 5001 1160 5062 custodien—
1214 5013 1294 5060 eura
1306 4998 1357 5060 est
1366 4997 1553 5058 animarum
1569 5013 1712 5068 annexa,
1729 4997 1846 5058 moniti
1859 5012 1878 5058 a
1893 4996 1932 5060 te,
1948 5003 1989 5050 re·

359 5092 437 5153 dum
452 5095 651 5171 spostolicae
672 5096 768 5158 Sedis
787 5098 932 5170 nomine,
962 5099 1159 5176 quantocius
1213 5097 1318 5158 nnant
1331 5095 1373 5156 ad
1393 5110 1507 5156 sacros
1531 5093 1666 5156 ordines
1687 5093 1885 5171 promoveri,
1900 5087 1989 5152 aucto

359 5191 514 5255 studeant
523 5193 708 5270 assignare.
1213 5186 1988 5270 ritatelibipraesentiumduiiimusconcedendum

396 5347 437 5420 (l)
458 5351 611 5434 boselinus
625 5324 742 5421 electris,
756 5360 787 5438 et
798 5361 982 5412 consecratus
995 5361 1039 5412 est
1052 5354 1159 5426 episco-
1213 5353 1387 5438 oblaticiium
1406 5353 1456 5435 ⁸sui
1478 5351 1659 5424 episcopatus
1675 5341 1990 5474 obtinuitutsupptlits

359 5433 414 5544 Biia
435 5420 584 5502 calliensis
605 5422 641 5480 ab
657 5426 782 5506 Honorio
807 5427 857 5494 lli,
875 5427 928 5482 itii.
955 5427 1034 5508 lili,
1055 5433 1084 5481 ut
1105 5425 1156 5508 bu·-
1214 5425 1299 5508 ¹ferret
1312 5441 1356 5510 iis,
1366 5438 1413 5506 qui
1430 5421 1465 5480 ad
1480 5422 1703 5507 sacrumbelluni
1717 5421 1858 5495 proticisci
1868 5434 1901 5476 vo
1910 5417 1989 5476 eiiii,

378 5497 441 5546 etur
466 5505 494 5546 iii
517 5493 632 5620 begeat.
656 5497 747 5553 Vatic.
765 5495 800 5552 ad
817 5497 926 5553 calcem
947 5510 1014 5552 anni
1029 5495 1156 5554 secundi.
1214 5495 1298 5570 idque
1310 5496 1410 5554 litteris
1425 5502 1527 5552 certior
1538 5491 1629 5551 lactus
1643 5499 1696 5550 est.

359 5561 426 5630 lpso
446 5575 557 5619 annos
592 5564 693 5622 eodem
716 5567 842 5622 Honorio
865 5567 1002 5624 Pontillce
1016 5565 1158 5624 decimam
