4200 6404
290 264 348 326 311
757 257 935 322 HONORII
952 260 1002 350 ΙΙΙΙ
1023 260 1172 322 OPERA.
1187 287 1229 306 ·-
1243 257 1477 322 SERMONES.
1885 263 1951 324 sla

292 422 350 500 qui
364 421 479 498 gentes
494 419 708 484 introducunt
722 419 765 482 ad
777 419 885 482 tidem.
900 423 946 482 De
968 420 1087 500 qulbus
1143 419 1177 481 ln
1193 419 1301 483 medio
1315 419 1481 498 luporum,
1507 419 1604 498 idest,
1627 420 1664 482 in
1684 419 1794 483 medio
1809 422 1951 485 Judaeu-

292 519 401 598 inquit
424 520 624 581 Psalmista:
644 519 773 596 Dtrtpr't
787 521 955 582 Dominus
964 520 1088 594 portas
1141 534 1226 589 rum,
1243 517 1362 596 quibus
1376 521 1523 580 loannes
1542 518 1691 596 Baptista
1710 517 1851 592 dicebat,
1869 536 1949 581 cum

291 621 374 679 Sion
396 631 503 693 srcper
521 619 637 678 omnio
661 617 880 678 tabernaculo
893 621 996 679 Jacob
1017 615 1085 696 (Ps.
1142 631 1162 676 a
1184 616 1309 678 ludaeis
1331 617 1611 693 interrogaretur,
1629 617 1704 694 quis
1730 619 1828 691 esset,
1857 617 1949 695 quod

292 717 341 788 86,
358 713 403 794 2).
420 714 482 776 Sed
504 717 537 777 et
550 714 700 777 Christus
715 715 837 776 ostium
850 715 900 776 est
914 715 1086 787 ostiorum,
1142 713 1264 790 putatis
1291 730 1343 776 me
1357 729 1442 788 esse,
1457 730 1525 775 non
1548 730 1621 775 sum
1640 730 1712 791 ego,
1728 719 1864 777 medios
1881 731 1951 776 on-

292 813 349 890 qui
364 813 404 872 de
425 827 461 873 se
476 812 543 873 ait:
560 816 726 890 Eposum
748 814 901 874 osttnne..
926 811 1035 891 (Joan.
1052 827 1085 884 x,
1144 811 1213 871 tem
1247 813 1404 872 oestrum
1436 811 1677 886 sternacem
1708 827 1769 874 vos
1803 813 1950 874 nescitis

291 907 337 988 9).
350 910 509 972 Custodes
520 911 664 973 civitatis
674 911 752 972 sunt
760 911 907 972 rectores
917 909 1086 994 Ecclesiae,
1144 906 1253 987 (Joan.
1267 924 1290 982 1,
1307 907 1372 987 26).
1389 911 1426 970 ln
1441 925 1556 972 eorum
1580 909 1689 972 medio
1713 909 1803 973 misit
1826 911 1948 971 Domi-

205 1066 212 1077 ,
292 1006 422 1069 scilicet
434 1009 584 1086 Apostoli
594 1011 627 1070 et
637 1008 812 1086 apostolici
826 1008 903 1081 viri,
919 1008 959 1069 de
970 1007 1088 1088 quibus
1143 1022 1205 1068 nus
1231 1006 1418 1088 Apostolos,
1448 1008 1544 1085 quasi
1568 1007 1605 1068 in
1639 1006 1747 1070 medio
1776 1007 1947 1085 lnporum.

293 1120 416 1181 sponsa
439 1106 519 1167 dicit
535 1107 571 1167 in
598 1106 767 1168 canticis:
794 1107 1009 1168 Invenerunt
1033 1119 1089 1166 nce
1143 1105 1225 1165 Tres
1259 1103 1349 1166 enim
1376 1107 1455 1167 sunt
1486 1105 1614 1182 species
1649 1104 1822 1182 luporum,
1856 1104 1950 1168 inter

292 1205 413 1277 aiones
430 1207 490 1276 orn
502 1204 698 1265 custodiunt
717 1205 893 1266 civitatem
906 1200 1014 1281 (Cant.
1040 1217 1086 1274 ru,
1144 1217 1226 1279 quos
1251 1203 1342 1266 misit
1365 1203 1524 1266 Dominus
1552 1218 1632 1266 oves
1655 1219 1754 1265 suas:
1770 1204 1881 1280 prima
1895 1204 1950 1265 est

293 1297 336 1378 1).
354 1300 416 1361 Sed
437 1301 470 1361 et
483 1300 634 1362 Christus
649 1303 700 1363 est
719 1300 830 1362 custos
847 1301 1033 1369 custodum,
1049 1299 1089 1360 de
1144 1299 1403 1372 daemouiorum,
1448 1299 1593 1362 secunda
1619 1301 1888 1377 persecutorum,
1913 1303 1949 1363 et

291 1413 355 1474 quo
370 1397 512 1474 legitur:
529 1401 580 1460 Ad
596 1414 652 1460 nce
667 1399 792 1462 clamat
808 1413 854 1459 erc
868 1399 959 1469 Setr,
975 1398 1090 1460 costos
1143 1395 1242 1461 tertia
1272 1399 1515 1472 baereticorum.
1545 1399 1658 1460 Prima
1686 1399 1814 1477 species
1844 1399 1946 1476 lupo-

290 1497 372 1568 an'd
395 1498 436 1557 dc
453 1495 574 1557 nocte?
590 1496 704 1558 mestos
725 1498 805 1570 qnid
828 1496 1009 1556 denuctat
1031 1491 1088 1572 (Is.
1145 1511 1218 1556 rum
1239 1496 1328 1573 rapit
1342 1497 1376 1558 et
1392 1495 1553 1573 dispergit
1575 1511 1654 1558 oves
1669 1495 1803 1569 Christi,
1819 1497 1945 1574 volup-

291 1607 364 1662 xxu,
383 1593 446 1671 11).
473 1592 631 1654 Custodes
652 1593 840 1653 animarum
865 1593 943 1654 sunt
966 1590 1088 1668 angeli,
1143 1592 1229 1655 tates
1251 1593 1367 1654 saeculi
1393 1593 1620 1670 suggerendo;
1637 1593 1783 1655 secunda
1803 1593 1950 1656 trandu-

293 1687 334 1749 de
344 1687 464 1766 quibus
474 1690 605 1753 Veritas
616 1691 810 1767 ait:Anoelt
821 1704 943 1752 eornm
954 1704 1091 1764 semper
1144 1689 1253 1753 lenter
1262 1691 1295 1752 et
1304 1691 1467 1753 violenter
1477 1692 1600 1770 iniquis
1610 1691 1761 1753 manibus
1769 1691 1951 1768 laniando;

292 1787 543 1863 otdcntsociem
555 1785 819 1860 PatrtstMattb.
833 1803 928 1859 xvrn,
944 1789 1007 1858 10).
1021 1789 1090 1850 Nos
1145 1789 1244 1850 tertia
1268 1788 1497 1850 fraudulenter
1524 1788 1635 1851 verbis
1656 1787 1833 1852 fallacibus
1864 1805 1950 1850 sua-

294 1873 385 1960 ergo,
402 1885 513 1962 patres
533 1886 566 1948 et
585 1885 715 1958 tratres,
732 1885 880 1963 episcopi
894 1886 928 1947 et
941 1884 1089 1958 abbates
1146 1886 1264 1946 dendo.
1294 1889 1341 1948 De
1365 1886 1472 1963 prima
1500 1887 1582 1948 dicit
1605 1887 1764 1949 Dominus
1778 1887 1814 1948 in
1840 1889 1953 1948 Evan-

293 1996 355 2042 nos
365 1983 618 2059 praelatisumus
627 1983 729 2045 turris
740 1998 922 2056 murorum,
932 1983 988 2060 qui
1000 1983 1091 2060 ipsos
1145 1983 1952 2063 gelio:annsropitetdtsperpttoves(Joan.n,

293 2095 407 2140 muros
436 2081 551 2142 contra
574 2080 749 2143 haereticos
770 2081 902 2142 munire
922 2080 1089 2151 debemus,
1149 2079 1211 2152 12).
1241 2082 1352 2157 Lupus
1378 2081 1467 2158 rapit
1502 2095 1601 2154 oves,
1630 2080 1760 2159 quaudo
1795 2079 1953 2142 diabolus

293 2175 372 2252 quia
394 2178 524 2254 praelati
552 2177 708 2242 Ecclesiae
733 2179 964 2241 ecclesiastica
984 2194 1092 2240 sacra·
1148 2177 1253 2240 tentat
1268 2181 1301 2239 et
1315 2178 1479 2240 subvertit
1487 2179 1598 2256 justos
1614 2178 1728 2240 fideles
1741 2179 1774 2241 et
1793 2179 1950 2241 timentes

294 2275 403 2335 menta
427 2274 546 2337 debent
571 2275 715 2339 viriliter
736 2275 921 2342 defensare.
945 2277 1024 2338 Haec
1043 2276 1093 2338 est
1147 2278 1263 2348 Deum,
1281 2275 1368 2337 sicut
1383 2276 1463 2338 dicit
1478 2275 1595 2338 beatus
1610 2278 1790 2353 Gregorius
1805 2299 1813 2337 ε
1831 2277 1953 2338 ‹Nul-

295 2371 383 2433 euim
396 2373 499 2434 turris
512 2374 616 2436 David
630 2375 735 2452 posita
750 2375 866 2438 contra
881 2375 1090 2444 Damascum,
1146 2373 1198 2434 lus
1214 2374 1249 2434 in
1264 2373 1327 2435 bac
1342 2373 1410 2435 vita
1419 2375 1586 2450 justorum
1599 2375 1700 2447 venit,
1724 2375 1779 2453 qui
1795 2390 1863 2435 non
1883 2390 1951 2436 an-

294 2467 391 2542 idest,
414 2470 528 2531 contra
552 2470 738 2544 haereticos,
770 2487 789 2532 a
818 2487 884 2548 qua
908 2470 1093 2548 dependent
1147 2470 1232 2550 tiqui
1255 2471 1360 2533 hostis
1384 2471 1525 2534 insidias
1540 2487 1659 2549 passus
1674 2472 1718 2533 sit
1729 2490 1759 2532 s.
1777 2473 1863 2534 Nam
1877 2473 1950 2534 dae-

293 2564 385 2625 mille
414 2565 521 2643 clypei
550 2567 719 2641 deaurati,
741 2569 849 2629 omnis
877 2568 1006 2630 scilicet
1030 2584 1091 2629 ar·
1148 2583 1263 2629 mones
1276 2567 1442 2630 nemiuem
1454 2568 1650 2632 intentatum
1662 2568 1867 2646 relinquunt,
1882 2569 1949 2629 nisi

294 2664 423 2725 matura
443 2663 588 2737 tortium,
616 2665 713 2738 idest,
738 2666 953 2752 auctoritates
981 2668 1092 2730 Sacrae
1147 2664 1242 2730 illum
1257 2681 1355 2743 quem
1370 2665 1440 2726 suis
1455 2665 1722 2742 suggestionibus
1740 2665 1949 2729 obedientem

295 2761 492 2838 Scripturas,
524 2761 644 2840 quibus
674 2764 790 2826 contra
818 2763 995 2826 baereticos
1029 2765 1094 2827 Ec·
1147 2762 1337 2839 iuveuiuut3
1351 2763 1544 2840 etipsorum
1560 2765 1745 2840 estmagna
1766 2764 1896 2837 laetitia,
1923 2765 1952 2825 si

294 2857 408 2920 clesiae
436 2861 644 2922 sacramenta
677 2861 754 2923 sunt
780 2859 997 2933 defendenda,
1017 2862 1050 2922 et
1073 2875 1093 2924 a
1147 2859 1398 2926 bonumrirum
1410 2862 1578 2938 potuerint
1597 2861 1822 2924 subverterea
1839 2863 1951 2939 justi·

295 2955 416 3033 quibus
429 2957 529 3019 etiam
540 2957 770 3019 auctoritatem
784 2957 891 3036 clypei
906 2956 1092 3035 debeutju·
1147 2959 1205 3020 tia.
1236 2958 1330 3020 Unde
1353 2957 1388 3020 iu
1417 2959 1544 3036 psalmo
1572 2961 1665 3025 :cnr
1688 2960 1856 3022 tnounnt
1881 2975 1953 3033 me,

293 3054 381 3130 giter
395 3053 596 3132 dependere;
611 3055 647 3116 ut
659 3056 723 3116 etsi
734 3056 944 3133 opponantur
958 3054 1093 3117 illorum
1148 3056 1356 3129 centonum,
1372 3059 1404 3118 st
1419 3058 1535 3120 rnotns
1545 3059 1646 3133 suero
1659 3056 1728 3137 (Ps.
1744 3072 1807 3126 xu,
1822 3056 1869 3137 5).
1883 3059 1955 3120 Ma-

293 3151 493 3238 tendiculae,
504 3167 644 3229 quorum
662 3167 770 3214 sermo
787 3153 890 3230 serpit
905 3154 942 3217 ut
960 3168 1091 3227 cancer,
1147 3152 1231 3229 ligni
1245 3153 1411 3216 daemones
1424 3153 1586 3216 tribulant
1605 3169 1677 3227 nos,
1692 3154 1821 3231 quoties
1836 3154 1954 3216 diver-

295 3249 331 3310 ut
346 3249 504 3324 sagittent
519 3249 553 3310 in
564 3249 704 3312 obscuro
719 3251 828 3312 rectos
841 3250 950 3323 corde,
963 3250 1091 3326 sagittae
1148 3251 1195 3311 sis
1212 3250 1450 3314 tentationibus
1473 3251 1623 3314 lacerant
1644 3252 1771 3313 mentes
1797 3252 1945 3314 nostras.

293 3346 444 3423 ipsorum
460 3347 675 3424 parvulorum
699 3347 781 3410 liant
800 3347 886 3409 sicut
902 3348 1010 3427 plagae
1030 3362 1092 3409 eo·
1149 3349 1218 3424 Ipsi
1247 3349 1407 3422 exultant,
1435 3349 1465 3410 si
1490 3365 1662 3411 movemur
1693 3349 1946 3420 tentationibus,

294 3459 380 3516 rum,
397 3444 430 3505 et
449 3461 522 3506 cum
544 3447 658 3522 erepta
677 3444 778 3507 luerit
795 3445 907 3506 anima
924 3446 1038 3508 nostra
1054 3445 1094 3506 de
1148 3445 1243 3519 idest
1254 3447 1478 3512 consentimus
1490 3447 1587 3508 malis
1600 3463 1673 3524 quae
1687 3447 1752 3524 ipsi
1763 3449 1950 3523 suggerunt

293 3540 412 3619 laqueo
425 3543 631 3616 venantium,
644 3541 1003 3620 frustrajaciaturrete
1018 3544 1094 3604 ante
1148 3543 1254 3605 nobis.
1273 3544 1336 3606 Sed
1351 3544 1507 3606 debemus
1524 3544 1690 3607 confidere
1703 3545 1739 3607 iu
1754 3545 1955 3608 misericor-

294 3639 408 3700 oculos
420 3641 651 3716 pennatorum.
954 3711 956 3715 ⁸
1149 3641 1204 3706 dia
1229 3641 1299 3714 Dei,
1331 3641 1512 3704 secundum
1538 3643 1624 3720 quod
1645 3640 1726 3704 dicit
1740 3642 1951 3704 psalmista:

333 3739 404 3798 Nos
419 3737 518 3799 etiarn
531 3737 661 3812 praelati
683 3753 796 3800 sumus
812 3737 964 3801 custodes
982 3753 1095 3800 muro-
1149 3740 1394 3802 Ctonraocrnnt
1415 3741 1459 3800 od
1483 3743 1673 3804 Dorninnrn
1691 3755 1771 3806 cnm
1800 3741 1949 3802 tribula·

294 3850 381 3906 rum,
395 3834 428 3895 et
437 3833 512 3896 ideo
523 3834 678 3896 debemus
690 3835 778 3912 ipsos
791 3852 903 3897 muros
918 3835 1094 3897 sollicitius
1148 3835 1288 3908 rentur,
1310 3836 1345 3896 et
1372 3837 1414 3898 de
1438 3837 1700 3898 necessitatibus
1722 3850 1844 3897 eornm
1869 3839 1954 3898 libc-

294 3931 472 4004 oustodire,
484 3933 581 4009 juxta
596 3932 682 4010 quod
694 3934 872 4012 Apostolus
881 3933 1096 3996 dooetTimo-
1149 3934 1243 3994 rovtt
1267 3947 1325 3994 eos
1347 3931 1417 4012 (Ps.
1440 3933 1508 4004 too,
1524 3931 1574 4012 e).
1596 3935 1718 4010 Magna
1742 3933 1831 3996 enim
1856 3932 1952 3995 nohis

294 4029 407 4090 theom
424 4051 432 4088 :
448 4031 649 4105 Depositum
674 4032 814 4094 cantoni.
832 4032 901 4092 Nos
920 4031 1020 4093 etiarn
1033 4045 1093 4090 su·
1149 4030 1200 4091 est
1216 4029 1415 4106 persecutio,
1430 4030 1588 4107 apostolo
1600 4031 1789 4102 attestante,
1804 4031 1862 4109 qui
1876 4031 1949 4092 ait:

294 4143 368 4188 mus
383 4127 502 4206 vigiles
522 4144 705 4203 murorum,
721 4131 754 4191 et
775 4129 851 4191 ideo
866 4127 1023 4190 debemus
1044 4143 1096 4188 su·
1149 4129 1227 4189 Non
1242 4129 1294 4188 est
1308 4129 1404 4189 nobis
1421 4128 1611 4196 cotttwtntto
1625 4129 1794 4193 adversus
1807 4143 1952 4190 carnem

293 4241 354 4304 per
376 4242 490 4289 muros
519 4225 610 4304 ipsos
633 4228 813 4290 instantius
839 4227 992 4304 vigilare,
1017 4227 1095 4304 quia
1150 4225 1183 4286 et
1210 4228 1436 4304 sorrpntnern,
1464 4228 1525 4288 scd
1554 4228 1723 4290 adversus
1752 4227 1953 4302 sptrntnalto

294 4326 413 4387 beotns
429 4328 482 4388 itte
506 4341 641 4398 serens,
656 4341 758 4400 onem
774 4341 853 4388 crcrn
870 4325 1006 4387 oenernt
1022 4328 1095 4387 Do·
1150 4324 1313 4397 recontttae
1324 4325 1361 4383 tn
1375 4323 1566 4386 caelestibus
1582 4320 1678 4401 (upn
1693 4339 1739 4391 vn,
1756 4323 1820 4402 12).
1838 4324 1950 4400 Lupus

292 4425 410 4484 mirans
429 4426 515 4497 cjnn
530 4425 705 4485 invenerit
715 4425 917 4499 vigilantem
928 4421 1021 4502 (Luc.
1032 4437 1093 4494 xu,
1151 4419 1311 4496 dispergit
1325 4435 1404 4482 oves
1420 4419 1551 4501 quando
1564 4420 1879 4486 mittitdiscordiam
1894 4420 1950 4482 in-

293 4515 360 4596 37).
383 4519 446 4579 Sed
464 4507 641 4581 caveamus
663 4536 724 4582 uos
739 4520 880 4597 praelati,
903 4536 945 4582 ne
964 4521 1021 4598 qui
1036 4519 1096 4580 de·
1150 4518 1201 4580 ter
1215 4517 1345 4579 iratres.

294 4615 410 4676 bemus
439 4630 513 4677 esse
539 4617 691 4678 custodes
707 4619 822 4679 contra
842 4617 967 4686 hostes,
992 4618 1096 4677 simus
1190 4618 1237 4676 De
1256 4614 1400 4676 secunda
1415 4614 1451 4675 in
1464 4615 1719 4678 Ecclesiastico:
1737 4617 1773 4677 Si
1798 4631 1951 4678 commu·

294 4712 406 4791 potius
432 4712 578 4774 latrones
600 4729 680 4790 erga
706 4715 806 4786 cives,
823 4730 866 4776 ne
885 4714 959 4792 ipsa
979 4713 1096 4775 civitas
1150 4713 1314 4775 nicaverit
1338 4713 1436 4791 lupus
1464 4729 1564 4794 agno,
1589 4715 1638 4775 sic
1666 4716 1822 4791 peccator
1844 4716 1949 4792 justo.

295 4810 415 4873 merito
443 4811 666 4889 conqueratur
685 4811 718 4874 et
745 4811 834 4874 dicat
852 4833 860 4872 ε
881 4813 1096 4874 Invenerunt
1151 4811 1378 4873 communicat
1390 4811 1487 4887 lupus
1502 4827 1600 4888 agno,
1618 4811 1746 4889 quoties
1759 4828 1836 4876 eum
1848 4811 1953 4874 devo-

294 4925 350 4972 mc
365 4912 522 4987 vigiles...
1150 4910 1203 4971 rat
1217 4923 1274 4970 ore
1285 4909 1393 4972 auido.
1408 4911 1478 4970 Hoc
1491 4908 1578 4970 idem
1589 4907 1669 4971 lacit
1683 4909 1949 4986 peccatorJusto,

336 5008 492 5086 Sequitur
505 5029 513 5068 ε
527 5025 546 5068 ι
558 5009 641 5070 Ecce
656 5022 718 5085 ego
733 5007 828 5072 mitto
843 5025 902 5070 vos
916 5008 1001 5070 sicut
1017 5025 1096 5070 oves
1151 5007 1281 5084 quaudo
1306 5006 1394 5086 rapit
1419 5007 1452 5068 et
1472 5006 1566 5084 ponit
1586 5007 1726 5068 insidias
1746 5007 1782 5068 in
1805 5007 1946 5082 occulto,

295 5105 363 5167 «in
387 5106 496 5168 medio
520 5106 685 5183 luporum.
713 5107 798 5168 Nam
828 5107 915 5169 sicut
939 5106 1030 5168 misit
1044 5121 1096 5168 me
1151 5105 1229 5182 quia
1253 5104 1333 5167 mali
1361 5105 1396 5170 et
1422 5104 1572 5184 perversi
1596 5120 1727 5182 semper
1749 5105 1953 5167 insidiantur

295 5207 430 5267 «Pater
444 5205 476 5267 et
500 5221 561 5282 ego
590 5205 684 5267 mitto
706 5221 764 5266 vos
792 5203 901 5284 (Joan.
922 5220 980 5277 xx,
997 5203 1051 5283 21)
1065 5220 1094 5263 s.
1151 5201 1247 5264 bonis
1267 5202 1426 5280 etjustis.
1452 5203 1548 5276 Quia,
1573 5203 1660 5265 sicut
1687 5203 1790 5280 piscis
1810 5220 1951 5280 magnus

296 5303 397 5366 Pater
411 5303 502 5366 misit
516 5319 568 5364 me
583 5303 623 5364 ad
640 5303 840 5380 passionem,
856 5303 897 5365 ad
913 5317 1046 5364 crucem
1064 5301 1098 5362 et
1152 5299 1289 5362 devorat
1316 5301 1477 5373 minores,
1498 5299 1546 5361 ita
1570 5301 1761 5376 peccatores
1787 5301 1949 5362 devorant

297 5400 339 5460 ad
354 5402 504 5462 mortem.
533 5402 582 5472 Et,
600 5415 662 5478 epo
689 5402 790 5463 nn'tto
817 5415 878 5462 cos
896 5400 935 5461 nt
951 5401 1039 5461 cotta
1063 5401 1097 5460 ct
1147 5399 1270 5474 justos.
1295 5399 1386 5462 Unde
1407 5399 1443 5461 in
1461 5398 1605 5462 Canticis
1619 5398 1829 5461 canticorum
1847 5421 1854 5458 ι
1871 5403 1952 5461 Filii

293 5497 448 5572 fructum
458 5499 605 5560 muttum
619 5499 778 5574 offcrottr
793 5497 1097 5572 etfrootnsocstcr
1151 5498 1278 5558 vicotris
1315 5512 1402 5558 rrwae
1445 5497 1693 5573 prcpnoecrnnt
1735 5497 1858 5558 constan
1896 5511 1952 5558 nze

226 5659 228 5662 ,
296 5595 436 5659 marceat
450 5593 559 5674 (Joau.
576 5611 631 5669 xv,
656 5593 719 5676 16).
737 5595 859 5657 Missus
874 5595 925 5657 est
939 5594 1096 5658 Dominus
1152 5591 1259 5676 (Cant.
1277 5609 1300 5668 1,
1327 5591 1374 5674 5).
1388 5595 1494 5658 Mater
1507 5595 1620 5659 nostra
1636 5593 1687 5659 est
1701 5592 1861 5668 Ecclesia,
1876 5609 1949 5676 quae
