4200 6404
183 304 247 364 345
621 303 721 364 XXX·
736 331 777 346 -
797 304 842 366 IN
864 305 993 366 FESTO
1016 306 1146 368 UNIUS
1168 307 1396 372 MARTYRIS.
1770 319 1831 380 346

182 461 363 533 Christum,
383 459 477 533 idest,
502 454 573 537 ejus
597 460 757 523 imitando
778 463 977 539 passionem,
1034 481 1171 527 suorum
1193 481 1260 528 non
1279 465 1498 530 histrionibus
1522 469 1725 547 senagenis,
1751 477 1829 553 quia

181 559 360 636 recuperet
382 557 544 620 claritatis
568 561 640 638 ejus
655 559 831 630 visionem,
848 560 926 640 quia
950 561 978 622 si
1034 563 1123 626 dedit
1148 563 1320 626 dimidium
1350 565 1512 629 bonorum
1538 584 1673 632 suorum
1704 589 1830 652 paupe-

182 657 403 733 compatimur
416 656 450 718 et
462 657 750 732 conregnabimus.
1033 659 1139 722 ribus.

222 754 303 815 Item
321 774 329 814 :
344 756 383 816 Si
402 755 478 826 qais
495 753 569 814 cult
584 757 705 815 venire
715 755 792 827 post
809 769 901 816 me...
919 757 980 816 Se-
1073 757 1284 834 Abnegamus
1296 761 1410 823 nosua
1423 777 1570 825 cumnec
1584 766 1756 844 acquisitis
1770 767 1828 829 in-

178 867 323 929 quamur
348 850 509 912 imitando
535 850 702 913 Christum
725 851 781 928 qui
803 851 849 912 ait
870 873 878 911 ε
900 855 979 916 Noa
1033 854 1210 928 haeremus,
1223 873 1283 918 nec
1307 857 1476 921 inhiamus
1495 862 1716 939 acquirendis.
1735 865 1829 927 Unde

180 952 262 1011 oeni
279 952 397 1023 facere
408 949 620 1010 uoluntatem
633 951 978 1024 meammeoajasom
1033 953 1152 1014 Petrus
1176 953 1256 1015 dicit
1274 954 1316 1015 ad
1337 957 1475 1018 losum:
1496 961 1584 1020 Eece
1604 973 1668 1021 eos
1681 965 1827 1036 reliqui-

179 1045 343 1106 mlsitme
358 1042 469 1123 (Joan.
478 1060 525 1116 11,
540 1042 605 1123 38).
617 1047 664 1105 Ao
679 1044 708 1104 si
722 1043 846 1106 diceret
859 1048 977 1108 cuncta
1032 1065 1111 1112 mus
1124 1055 1253 1123 omnia,
1270 1053 1303 1113 et
1314 1056 1425 1116 secati
1437 1071 1558 1116 sumas
1570 1056 1604 1118 te
1617 1053 1828 1135 (1111111111,

180 1157 242 1224 per
255 1140 476 1203 obedientiam
491 1157 601 1218 agere.
614 1140 697 1214 Quid
713 1141 802 1202 enim
817 1144 868 1204 est
881 1141 979 1204 abne-
1032 1145 1098 1226 27).
1113 1147 1325 1224 Abnegamus
1340 1167 1412 1224 nos,
1429 1153 1558 1229 quoties
1573 1155 1723 1216 carnalia
1734 1156 1827 1229 vitia,

178 1255 261 1315 gare
274 1238 432 1315 seipsum,
442 1239 508 1300 nisi
520 1239 672 1300 carnales
684 1238 890 1312 affectiones,
900 1256 978 1316 pro-
1033 1244 1067 1304 et
1087 1246 1197 1306 carnis
1222 1248 1523 1325 concupiscentiam
1556 1252 1776 1328 castigamus,
1797 1257 1832 1316 et

180 1338 355 1415 priamque
367 1335 570 1398 uoluntatem
584 1337 793 1413 postponere,
810 1339 843 1400 et
866 1337 977 1399 alieno
1032 1341 1120 1402 mala
1131 1342 1296 1405 desideria
1310 1344 1537 1420 refrenamus,
1552 1349 1732 1411 secundum
1743 1352 1829 1428 quod

180 1450 250 1496 non
265 1449 325 1494 suo
339 1432 519 1509 regendum
539 1432 677 1496 arbitrio
696 1449 733 1495 sa
754 1435 978 1498 committeret
1032 1437 1208 1514 Apostolus
1224 1441 1272 1501 ait
1288 1461 1295 1500 :
1313 1443 1449 1518 Castico
1462 1459 1589 1518 corpus
1606 1461 1722 1508 meam
1738 1449 1772 1510 et
1792 1452 1830 1510 11

179 1533 223 1594 Et
245 1531 293 1592 sic
318 1529 465 1608 prolecto
487 1545 619 1591 crucem
639 1545 733 1592 suam
756 1546 823 1593 non
849 1531 891 1594 ab
910 1533 978 1594 alio
1031 1536 1238 1598 servitutem
1260 1541 1379 1615 redtpo
1394 1537 1424 1617 (1
1439 1541 1512 1601 Cor.
1529 1557 1575 1614 lx,
1591 1541 1657 1620 27).
1674 1545 1714 1606 m
1727 1545 1827 1609 item:

180 1627 332 1704 suscipit,
349 1627 406 1688 sed
419 1627 560 1704 ipsemet
573 1627 670 1700 tollit,
684 1644 744 1704 per
758 1644 867 1706 qnam,
885 1629 979 1691 scili·
1032 1635 1241 1705 Mortificate
1263 1639 1420 1698 mmbra
1444 1638 1563 1700 cestro
1583 1655 1663 1703 cam
1683 1643 1778 1705 ctttts
1796 1645 1831 1706 et

181 1729 244 1797 cet,
256 1725 288 1786 ei
303 1725 444 1786 mundus
459 1725 638 1786 crucifixus
650 1725 705 1794 sit,
717 1725 830 1813 etipse
842 1727 976 1800 mundo,
1032 1732 1324 1806 omniparentem,
1334 1749 1378 1796 ae
1392 1736 1590 1798 dominetur
1598 1741 1780 1811 peccatam
1792 1744 1830 1802 tn

181 1839 258 1884 cum
279 1825 461 1901 spontaneo
491 1822 635 1900 propriae
660 1821 879 1886 consessionis
901 1825 977 1886 voto
1033 1827 1150 1888 oestro
1174 1829 1315 1891 mortali
1337 1843 1481 1904 corpore
1504 1829 1617 1911 (Rom.
1642 1851 1692 1908 vr,
1720 1834 1766 1914 8).
1791 1839 1831 1898 nt

180 1920 349 1982 mundana
366 1919 479 1982 sibiet
497 1922 632 1982 terrena
647 1919 813 1982 desideria
833 1921 977 1983 interdi-
1033 1921 1149 1986 beatus
1163 1926 1295 1987 Petrus:
1308 1929 1452 1989 Obsecro
1464 1931 1710 2005 oostamquam
1720 1937 1830 1996 adce-

180 2019 247 2092 cit,
273 2017 359 2096 quod
393 2017 445 2079 est
471 2017 640 2094 propriam
672 2016 876 2080 voluntatem
912 2035 978 2080 non
1033 2022 1144 2083 auset
1155 2026 1363 2100 peregrinos
1376 2024 1549 2087 abstinere
1566 2041 1658 2090 cosa
1674 2032 1830 2092 carleuil-

180 2116 286 2194 sequi.
302 2115 385 2187 Quid
408 2114 497 2176 enim
521 2115 672 2176 carnalos
690 2115 782 2177 aliud
807 2117 976 2193 appetunt,
1034 2120 1392 2194 iustissimisque
1404 2123 1557 2184 militant
1571 2127 1740 2188 adversus
1753 2131 1833 2188 ani-

179 2213 247 2274 nisi
265 2212 405 2290 implere
424 2211 511 2289 quod
532 2213 668 2275 voluntt
683 2215 722 2275 m
741 2229 814 2292 quaa
840 2214 891 2276 est
910 2217 981 2277 ter-
1034 2218 1832 2299 mam,conoersattoaemcestramdetergentes

179 2325 264 2372 rena
284 2303 460 2372 delectatio
474 2309 540 2370 nisi
556 2310 698 2387 propriae
712 2310 892 2373 voluntatis
911 2312 979 2372 1111-
1034 2313 1194 2376 babentes
1220 2317 1343 2376 bonam
1361 2313 1395 2394 (Ι
1419 2317 1490 2377 Pet.
1511 2333 1549 2390 11,
1574 2316 1699 2397 11-12).
1731 2320 1832 2392 Quasi

180 2407 294 2486 plotio,
308 2408 342 2469 et
362 2407 493 2486 quando
514 2406 548 2468 id
571 2407 656 2484 quod
671 2408 844 2480 volumus,
866 2407 980 2470 labore
1034 2408 1179 2472 diceret:
1194 2427 1341 2487 praesens
1353 2411 1420 2474 vita
1434 2415 1658 2490 peregrinatio
1668 2419 1730 2488 est,
1742 2419 1775 2479 et
1787 2419 1829 2479 ad

178 2505 327 2567 maximo
344 2505 415 2568 sive
430 2503 579 2582 periculo
595 2505 914 2583 agimustliutquid
930 2509 980 2567 est
1035 2506 1176 2582 patriam
1199 2508 1414 2582 redeundum,
1440 2510 1526 2572 sicut
1549 2511 1629 2573 dicit
1651 2514 1828 2590 Apostolus

180 2603 272 2666 aliud
283 2619 415 2665 crucem
427 2601 526 2676 terre,
537 2602 632 2674 idest,
640 2603 824 2665 cruciatum
835 2603 979 2681 aliquem
1034 2603 1161 2665 Paulus
1179 2609 1279 2668 :Noa
1293 2608 1455 2667 babemus
1468 2611 1523 2668 bie
1533 2611 1733 2672 coamentem
1744 2613 1831 2673 ctut-

179 2701 363 2773 oustinere,
377 2701 445 2763 nisi
468 2702 583 2764 contra
602 2700 807 2762 voluntatem
830 2703 979 2764 nostram
1036 2701 1154 2770 talem,
1169 2706 1229 2764 sed
1240 2703 1400 2775 saturam
1411 2707 1621 2778 inquirimus
1634 2705 1830 2786 (Hebr.x111,

181 2798 308 2876 aliquid
332 2799 420 2870 fleri,
438 2799 712 2876 quandocumque
730 2798 903 2860 videamus
937 2799 982 2860 il·
1035 2795 1099 2876 14).
1115 2797 1150 2859 Si
1170 2799 1338 2874 peregrini
1352 2799 1443 2872 estis,
1460 2799 1623 2863 abstinete
1640 2818 1660 2863 a
1680 2805 1829 2865 carnali·

182 2896 240 2958 lud
256 2895 353 2958 iacile
369 2895 463 2958 nobis
474 2912 548 2958 esse
559 2896 613 2958 vel
628 2896 727 2958 utilet
1034 2893 1096 2955 bus
1120 2895 1307 2968 desideriis,
1326 2896 1415 2974 quia,
1436 2897 1466 2958 si
1487 2898 1697 2962 contemnitis
1711 2900 1832 2980 volup-

224 2985 982 3072 Qm'emicentrepostme,abnegetsemettp·
1034 2992 1120 3055 tates
1135 2992 1335 3070 temporales
1358 2993 1394 3056 in
1415 2995 1527 3057 vestra
1550 2997 1829 3074 peregrinatione,

183 3105 273 3152 sum.
289 3089 648 3166 abnegatiomsauum
659 3091 981 3168 quinquesuntgra-
1034 3089 1198 3154 habebitis
1220 3090 1357 3153 delicias
1380 3092 1555 3156 eternales
1569 3094 1605 3154 in
1624 3096 1740 3172 patriae
1754 3097 1831 3173 glo-

184 3187 271 3248 dns:
293 3187 419 3266 primus
440 3187 563 3264 gradus
587 3189 638 3250 est
667 3187 833 3264 abnegare
855 3188 977 3262 aliena,
1034 3186 1231 3252 riilcationo.
1245 3190 1285 3252 Et
1301 3188 1375 3250 ideo
1388 3189 1515 3252 debetis
1528 3191 1740 3255 contemnere
1756 3210 1833 3257 car-

181 3284 347 3346 secundus
375 3283 540 3361 abnegare
565 3301 644 3359 sua,
667 3285 786 3348 tertius
814 3284 980 3362 abnegare
1035 3286 1126 3348 nalia
1138 3286 1304 3348 desideria
1320 3303 1393 3364 quae
1404 3288 1559 3360 militant,
1575 3289 1670 3362 idest,
1683 3296 1834 3367 pugnant

182 3397 232 3450 se,
247 3382 386 3459 quartus
400 3381 567 3458 abnegare
590 3382 748 3460 seipsum,
764 3383 898 3460 quintus
916 3383 979 3444 ab·
1035 3383 1195 3446 adversus
1212 3384 1368 3456 animam,
1394 3387 1427 3448 et
1446 3387 1733 3449 conversationem
1754 3405 1833 3451 ves-

180 3495 305 3556 negare
348 3480 571 3556 semetipsum.
610 3479 821 3557 abnegamus
855 3481 977 3552 aliena,
1035 3483 1120 3543 tram
1133 3482 1346 3558 intergentos
1361 3481 1834 3555 haberebonam,utvidentes

181 3577 313 3655 quoties
339 3579 453 3639 nostra
477 3576 605 3650 damus,
631 3593 693 3640 nec
714 3579 897 3640 retinemus
919 3594 980 3639 nec
1036 3593 1138 3654 opera
1161 3579 1273 3640 vestra
1294 3577 1380 3639 bona
1400 3579 1587 3654 glorificent
1610 3581 1742 3643 Patrem
1756 3598 1834 3644 ves-

182 3674 445 3752 concupiscimus
461 3674 583 3737 aliena.
598 3675 692 3737 Unde
707 3675 882 3738 Zachaeus:
897 3679 981 3738 Ecce
1035 3675 1123 3736 trum
1139 3675 1195 3752 qui
1207 3675 1242 3734 in
1255 3675 1347 3736 omlis
1360 3677 1422 3738 est.

182 3776 365 3836 dirmidium
388 3777 554 3836 bonorum
573 3787 743 3846 mearam,
757 3777 912 3844 Domine,
939 3775 981 3833 do
1075 3769 1286 3846 Abnegamus
1300 3785 1361 3832 nos
1375 3770 1474 3848 ipsos,
1488 3772 1619 3848 quando
1629 3787 1833 3836 evacuamus

181 3873 403 3945 pauperibus,
419 3872 590 3945 etstqaid
601 3873 748 3944 aliquem
764 3873 979 3946 defraudavi,
1036 3866 1233 3943 cupiditates
1256 3868 1387 3930 mentis.
1408 3868 1502 3930 Unde
1524 3869 1653 3931 David:
1674 3874 1832 3945 Domtue,

182 3971 290 4030 reddo
308 3971 538 4042 quadruplam
552 3967 646 4046 (Luc.
661 3983 733 4038 xrx,
748 3965 793 4046 8).
811 3967 906 4029 Dedit
920 3982 981 4028 sua
1036 3979 1104 4026 aon
1118 3964 1171 4027 est
1182 3965 1377 4028 emattatam
1398 3980 1460 4028 cor
1478 3981 1605 4039 meam,
1626 3983 1734 4042 neque
1753 3972 1835 4032 esatt

183 4065 218 4126 et
234 4064 377 4126 reddidit
390 4066 511 4136 aliena,
529 4064 607 4142 quia
626 4080 693 4126 non
708 4064 885 4128 dimittitur
903 4081 982 4142 pec-
1035 4063 1117 4125 sunt
1128 4065 1216 4125 oculi
1226 4067 1296 4124 mei
1307 4061 1377 4142 (Pe.
1394 4065 1463 4135 130,
1480 4063 1523 4143 1).
1539 4063 1750 4141 abnegamus
1761 4081 1836 4127 nos·

184 4161 296 4224 catum
320 4163 385 4224 nisi
409 4163 604 4225 restituatur
627 4161 785 4224 ablatum.
804 4163 869 4224 Iste
892 4163 982 4225 recte
1036 4160 1204 4236 metipsos,
1221 4159 1353 4236 quando
1373 4160 1565 4222 abdicamus
1588 4163 1755 4238 propriam
1774 4179 1836 4224 vo-

184 4259 304 4324 obtulit
318 4262 351 4322 et
365 4261 455 4322 recto
468 4261 593 4331 divisit,
606 4260 683 4338 quia
701 4259 793 4322 dedit
808 4259 982 4320 dimidium
1036 4257 1209 4320 luntatem.
1227 4257 1321 4319 Unde
1336 4259 1469 4318 Marcus
1482 4260 1831 4333 :Nortqaodepocola

183 4357 347 4420 bonorum
373 4373 508 4420 suorum
538 4357 751 4434 pauperibus.
776 4358 863 4418 Nam
882 4358 980 4434 juxta
1035 4356 1096 4414 sed
1109 4356 1197 4427 qaod
1212 4354 1250 4414 ta
1264 4356 1317 4414 uis
1331 4350 1448 4431 (Marc.
1468 4367 1539 4425 xrv,
1559 4351 1625 4432 311).
1646 4354 1686 4415 Et
1703 4355 1833 4432 quoties

182 4455 453 4518 Ecclesiasticum
470 4471 478 4516 :
495 4458 558 4522 Qui
572 4457 655 4530 sacti
675 4461 927 4528 eleernospaam
940 4457 982 4518 de
1036 4450 1136 4527 hujus
1151 4449 1265 4511 saeculi
1278 4449 1444 4512 vanitates
1458 4452 1491 4513 et
1505 4451 1641 4512 nocivas
1654 4453 1687 4513 et
1697 4452 1834 4514 illicitas

182 4557 311 4628 rapina
323 4556 500 4628 pauperis,
516 4556 615 4626 quast
631 4556 690 4628 qai
703 4553 859 4613 catenat
873 4553 984 4624 fllium
1036 4548 1221 4624 voluptates
1249 4548 1482 4626 reprimimus,
1502 4548 1705 4626 abnegamus
1732 4551 1833 4613 etiam

183 4653 222 4712 in
234 4649 415 4724 ocrespeota
427 4650 548 4712 Patris
558 4647 672 4729 (Eccli.
687 4664 806 4722 xxxiv,
817 4647 884 4728 24).
896 4651 982 4711 Deus
1037 4645 1268 4722 nosmetipsos.
1286 4645 1380 4708 Unde
1403 4645 1581 4723 Apostolus
1602 4649 1712 4710 :Milli
1725 4665 1832 4710 mrca-

183 4746 274 4808 enim
287 4746 401 4824 iniqua
419 4761 558 4810 munera
572 4762 639 4808 non
654 4747 815 4824 acceptat.
830 4747 869 4808 Et
888 4745 983 4807 multi
1037 4743 1101 4806 dus
1114 4745 1304 4816 eructamus
1319 4745 1382 4815 est,
1396 4746 1431 4807 et
1442 4759 1504 4822 epo
1513 4747 1640 4808 mundo
1651 4743 1773 4824 (salat.
1786 4763 1832 4818 11,

185 4845 263 4906 sunt
276 4844 428 4906 homines
439 4845 496 4922 qui
509 4861 584 4908 oum
599 4843 893 4926 habeantmultum
904 4843 984 4905 dant
1039 4839 1102 4920 14).
1113 4842 1207 4904 Unde
1217 4844 1363 4904 ioannes
1375 4863 1383 4902 :
1394 4843 1658 4919 Notitediltpere
1667 4847 1835 4906 masadam

184 4957 315 5019 parum,
332 4944 366 5004 et
386 4958 460 5005 cum
482 4941 627 5004 babeant
641 4942 778 5004 charum
798 4940 878 5003 dant
895 4941 981 5016 vile;
1038 4952 1200 5011 lmqtceea
1213 4935 1831 5018 α1111111111111111111111(111111115).

185 5057 262 5102 cum
287 5039 434 5102 babeant
460 5039 632 5117 proprium
661 5039 742 5101 dant
767 5038 924 5112 11111111,
951 5038 985 5101 et
1038 5033 1123 5107 Quid
1138 5034 1189 5096 est
1207 5032 1373 5110 abnegare
1388 5035 1455 5096 nisi
1469 5033 1635 5096 dimittere
1653 5034 1707 5096 vel
1725 5036 1833 5097 relin-

185 5155 263 5200 cum
276 5138 357 5200 dare
371 5137 514 5200 debeant
527 5137 642 5212 egenis
656 5137 737 5198 dant
752 5135 982 5198 histrionibus.
1039 5147 1151 5210 quere,
1161 5131 1257 5204 idest,
1268 5131 1399 5210 quando
1409 5130 1508 5193 homo
1520 5131 1657 5193 dimittit
1666 5132 1834 5210 propriam

185 5236 344 5308 Zachaeus
357 5237 469 5298 autem
483 5235 517 5297 et
535 5233 626 5296 recte
648 5233 766 5296 obtulit
780 5236 813 5297 et
830 5234 920 5296 recte
932 5232 985 5293 di·
1038 5229 1243 5294 voluntatem
1258 5228 1292 5290 et
1305 5229 1462 5305 supponit
1474 5245 1510 5290 se
1524 5229 1687 5291 voluntati
1697 5231 1836 5293 alienaet

184 5334 277 5406 visit,
297 5333 407 5396 dando
429 5347 496 5394 non
515 5345 633 5410 parum
657 5330 715 5392 sed
741 5331 892 5403 muitum,
907 5331 985 5408 quia
1040 5329 1131 5390 Tunc
1153 5327 1251 5389 bomo
1273 5325 1417 5402 abnegat
1443 5326 1669 5403 semetipsum,
1704 5328 1836 5405 quando

185 5431 277 5494 dedit
302 5429 474 5493 dimidium
499 5445 566 5492 non
584 5429 652 5491 vile
666 5428 723 5490 sed
740 5427 892 5500 charum,
908 5429 985 5506 quia
1040 5426 1201 5504 relinquit
1219 5426 1375 5502 seipsum,
1396 5425 1493 5496 idest,
1510 5423 1713 5486 voluntatem
1729 5441 1835 5500 suam,

187 5528 280 5591 dedit
301 5527 475 5590 dimidium
491 5525 665 5598 bonorum,
680 5539 748 5587 non
766 5523 914 5586 alienum
928 5524 986 5586 sed
1042 5522 1078 5585 ut
1092 5523 1238 5587 declinet
1251 5538 1271 5584 a
1284 5523 1372 5585 malo
1386 5525 1420 5586 et
1438 5521 1541 5584 iaciat
1558 5521 1693 5592 bonum,
1709 5523 1746 5585 ut
1760 5539 1839 5600 pos-

187 5625 381 5705 proprium;
407 5625 484 5702 quia
508 5623 600 5688 dedit
622 5623 798 5706 dimidium
823 5621 987 5687 bonorum
1042 5620 1212 5683 sitdicere
1229 5641 1236 5682 :
1252 5623 1331 5684 Noa
1345 5625 1508 5698 casadego
1523 5625 1608 5694 colo,
1623 5624 1781 5696 sedquod
1800 5621 1839 5683 ta
