4200 6394
312 309 355 380 ott
783 305 959 368 HONORII
981 305 1026 366 111
1048 303 1197 374 OPERA.
1214 336 1252 350 -
1268 305 1503 368 suRuoNlrS.
1912 309 1977 372 10]

311 472 485 548 pocus,
526 465 654 552 (Metita.
681 482 749 540 nm,
779 463 844 545 19)
871 463 1111 529 studebamus
1166 464 1272 528 David
1308 464 1542 528 dehonestavit
1575 463 1724 530 radendo
1754 465 1972 532 adletatem

312 567 503 630 discernere
518 567 608 628 inter
619 558 746 644 lepram
761 564 794 627 et
807 565 946 642 lepram,
961 577 1003 625 ne
1018 578 1117 626 mora.
1141 561 1142 566 ’
1165 561 1345 625 barbarum
1368 564 1532 642 ipsorum,
1560 563 1593 627 et
1623 561 1833 643 pmeidmdo
1857 570 1973 630 restes

309 666 474 728 titlcemus
500 666 630 728 animas
657 679 733 742 quae
761 679 829 724 non
850 663 1050 735 moriuntur,
1078 661 1111 724 et
1165 663 1328 738 usquead
1349 661 1455 724 nates
1477 663 1656 740 integritas
1678 661 1791 726 barbae
1812 666 1855 727 ad
1874 666 1971 728 inte-

256 744 261 758 ’
310 764 519 826 vivificemus
537 764 667 826 animas
690 777 764 840 quaa
779 775 847 823 non
866 761 995 834 vivunt,
1016 761 1049 822 et
1064 759 1111 822 di·
1166 759 1477 836 gnitatemrer'ertur
1490 761 1568 823 vitae
1582 761 1617 823 et
1629 761 1802 824 doctrinae.
1817 763 1852 824 Si
1867 764 1973 842 hujus

311 877 425 924 camus
454 863 578 928 malum
599 861 733 932 bonum,
763 860 944 922 othonum
972 858 1108 930 malum,
1165 856 1280 918 barra
1297 871 1363 920 una
1381 855 1541 921 medietas
1560 859 1691 922 raditur
1709 860 1743 922 et
1761 861 1867 923 altera
1888 877 1974 923 con-

293 961 472 1038 ponentes
500 961 608 1022 lincam
632 958 800 1031 tenebras,
824 959 857 1020 et
879 957 1035 1022 tenebras
1052 957 1109 1018 lu·
1165 956 1331 1029 servatur,
1353 967 1432 1018 cum
1445 957 1603 1034 prelatus
1618 959 1705 1020 male
1728 958 1812 1021 vivit
1827 961 1861 1022 et
1878 959 1968 1022 bene

311 1074 395 1120 cem.
415 1059 451 1121 Si
465 1075 578 1120 sumus
594 1059 744 1136 pastores
766 1057 891 1131 ovium,
907 1056 1032 1134 quibus
1053 1055 1110 1117 di·
1165 1052 1279 1130 docet;
1300 1054 1411 1117 restes
1425 1071 1531 1134 usque
1545 1056 1586 1120 ad
1607 1056 1703 1119 nates
1726 1057 1969 1134 producuntur,

311 1157 359 1220 cit
380 1177 387 1216 ε
413 1173 517 1232 pasce
539 1172 620 1218 oves
639 1169 754 1230 meas,
775 1155 824 1217 sic
847 1153 1006 1216 damnus
1032 1170 1112 1216 oves
1165 1167 1242 1214 cum
1260 1153 1390 1230 praelati
1405 1153 1649 1220 incontinentia
1668 1155 1851 1217 Ecclesiam
1868 1173 1974 1218 scan-

171 1269 175 1274 ’
310 1271 389 1316 suae
403 1269 551 1332 pascere,
569 1255 618 1327 ut,
641 1253 797 1316 veniente
818 1254 908 1330 lupo,
929 1269 1004 1314 cum
1023 1251 1110 1315 bono
1165 1247 1321 1318 deluam.
1343 1251 1427 1324 Quia
1451 1251 1481 1313 si
1505 1253 1662 1315 sacerdos
1682 1253 1739 1331 qui
1765 1255 1816 1316 est
1841 1256 1964 1318 unctus

308 1354 443 1431 pastore
465 1367 627 1430 ponamus
648 1351 779 1418 animas
797 1352 929 1413 nostras
952 1366 1014 1429 pro
1035 1351 1112 1413 ovi·
1165 1349 1365 1426 peccaverit,
1380 1349 1460 1412 facit
1473 1349 1669 1428 delinquere
1681 1351 1849 1430 populum.

308 1450 371 1512 bus
394 1452 530 1512 nostris.
552 1450 589 1512 Si
607 1465 721 1510 sumus
741 1449 791 1511 sal
812 1450 923 1522 terra,
949 1449 999 1512 sie
1025 1449 1113 1511 allos
1205 1448 1382 1510 Peccatum
1406 1447 1589 1511 sacerdotis
1608 1449 1668 1510 alii
1690 1450 1885 1512 damnosum
1906 1451 1966 1512 sad

309 1549 506 1614 condiamus
524 1548 648 1610 nostrae
671 1547 934 1610 conversationis
958 1548 1111 1626 exemplo
1166 1544 1229 1606 sibi
1241 1545 1466 1623 periculosum
1481 1546 1606 1609 eximit.
1621 1548 1662 1608 nl
1675 1547 1704 1607 ai
1715 1548 1766 1608 sal
1777 1550 1967 1621 evanuerit,

310 1647 347 1708 ut
361 1663 514 1726 saporem
529 1645 675 1709 habeant
693 1646 734 1708 de
746 1647 836 1708 valle
855 1646 1052 1718 salinarum,
1068 1663 1110 1708 na
1164 1641 1199 1704 in
1212 1659 1277 1721 quo
1293 1643 1454 1712 saltaturi
1468 1644 1510 1706 ad
1524 1644 1668 1707 nihilum
1683 1645 1772 1708 valet
1793 1647 1882 1708 ultra
1897 1647 1970 1708 uisi

309 1746 396 1808 torte
410 1747 579 1823 umquam
595 1745 646 1810 sal
664 1744 864 1810 infatuatum
886 1745 928 1806 ad
949 1733 1034 1806 nihil
1049 1759 1113 1806 va·
1165 1741 1202 1804 ut
1219 1742 1372 1804 mittatur
1389 1742 1480 1804 foras
1504 1743 1538 1806 ot
1557 1744 1771 1806 conculcetur
1792 1745 1833 1806 ab
1853 1745 1967 1807 homi-

308 1842 388 1916 leat,
407 1843 473 1904 nisi
492 1846 528 1906 ut
550 1843 749 1921 projiciatur
761 1842 852 1905 roras
875 1845 910 1906 et
931 1843 1110 1906 conculce-
1164 1837 1273 1900 nibus
1293 1840 1395 1912 Quasi
1416 1840 1559 1904 dmeret:
1577 1841 1610 1903 Si
1627 1841 1787 1919 prelatus
1805 1843 1967 1904 Ecclesiae

307 1944 363 2004 tur
378 1941 419 2003 ab
434 1940 636 2003 hominibus.
654 1941 690 2002 Si
704 1957 822 2002 sumus
835 1949 999 2004 messores
1018 1957 1110 2003 mes·
1165 1939 1362 2015 peccaverit,
1377 1954 1475 2020 aquo
1489 1939 1680 2003 erudieturt
1694 1942 1728 2002 et
1746 1941 1776 2002 si
1788 1941 1968 2013 erraverit,

309 2039 408 2112 sium,
438 2039 560 2116 quibus
586 2039 710 2102 dicitur
732 2053 740 2096 a
766 2041 898 2117 aspare
923 2038 1110 2104 Dominum
1165 2051 1270 2114 aquo
1292 2037 1719 2114 comiguurrntdiahotus
1740 2054 1820 2116 ergo
1841 2039 1968 2116 quiesi

308 2141 435 2200 messia
468 2139 508 2199 ut
532 2138 649 2200 mittat
677 2141 858 2212 sperarim
888 2142 927 2200 ta
961 2149 1110 2201 messem
1164 2149 1226 2202 rex
1241 2135 1519 2208 immonitarum,
1532 2135 1617 2197 idest
1629 2137 1744 2214 populi
1757 2136 1892 2210 turbidi,
1907 2150 1969 2199 seu

309 2249 412 2297 suoru
433 2233 566 2313 (Mattio.
588 2251 636 2310 ιι,
661 2234 731 2317 38),
754 2236 803 2298 stc
822 2235 979 2298 debemus
997 2231 1111 2298 madi·
1164 2232 1279 2310 populi
1291 2233 1459 2306 motoris,
1474 2249 1606 2313 pueros,
1623 2234 1886 2312 idestprmlatos,
1905 2249 1966 2297 seu

310 2349 388 2394 care
411 2333 552 2407 zizania,
572 2349 615 2395 ne
634 2329 733 2396 simul
746 2333 954 2396 eradicemus
974 2335 1007 2396 et
1027 2335 1111 2398 triti·
1165 2329 1401 2407 praedicatores
1416 2332 1489 2394 veri
1504 2331 1609 2394 David
1623 2332 1782 2409 praedicto
1797 2333 1968 2394 modode-

308 2447 395 2493 cnnv.
431 2433 466 2493 Sl
499 2432 724 2510 speculatores
757 2432 827 2495 dati
855 2447 970 2494 sumas
996 2433 1110 2495 domui
1164 2427 1330 2499 ivonem,
1345 2445 1423 2491 cum
1437 2429 1579 2492 sustinet
1600 2433 1637 2492 ut
1654 2430 1786 2507 praelati
1801 2430 1887 2492 bene
1906 2433 1971 2493 do-

309 2530 425 2602 Israel,
442 2531 515 2606 ipso
530 2529 660 2592 dicente
675 2530 716 2592 ad
732 2530 870 2608 impium
888 2547 896 2586 τ
913 2533 1018 2594 morte
1038 2547 1112 2594 mo·
1164 2527 1275 2600 ceant,
1296 2527 1356 2588 sed
1378 2530 1536 2605 procurat
1553 2529 1590 2590 ut
1605 2529 1693 2590 male
1713 2528 1840 2591 vivant.
1857 2531 1966 2596 Unum

309 2627 420 2700 naris,
443 2626 600 2688 dehemus
621 2627 823 2689 annuntiare
847 2627 910 2699 illi,
933 2627 970 2690 ut
988 2627 1112 2692 libere·
1164 2625 1253 2688 enim
1274 2626 1759 2692 sinealteromodicumvaiet.
1777 2625 1870 2690 Unde
1885 2645 1962 2691 cum

309 2739 383 2785 mue
405 2725 534 2786 animas
562 2725 707 2798 nostras,
733 2741 776 2787 ne
801 2723 888 2788 torte
912 2727 1109 2803 sanguinem
1164 2724 1326 2788 Dominus
1337 2725 1531 2802 loqueretur
1541 2725 1694 2787 omnibus
1708 2726 1887 2802 apostolis,
1910 2726 1963 2786 si-

313 2825 385 2899 ejus
400 2822 558 2886 Dominus
579 2822 729 2900 requirat
747 2823 788 2884 de
803 2837 904 2885 manu
924 2825 1050 2888 nostra.
1073 2825 1110 2886 Si
1164 2821 1289 2886 militer
1315 2822 1363 2884 ait
1384 2843 1394 2886 ι
1420 2825 1573 2890 otiorum
1595 2821 1807 2886 remiseritis
1819 2825 1964 2899 peccota

310 2919 407 2981 nolis
422 2919 545 2981 dictum
568 2920 618 2982 est
631 2921 792 2982 verbum:
820 2923 1110 2995 Pancratiastae
1163 2921 1395 2983 remittuntur
1417 2924 1480 2994 ets,
1502 2922 1537 2983 et
1557 2935 1706 2996 palorum
1729 2923 1966 2996 retinueritis,

310 3019 512 3093 opportune,
548 3019 766 3094 importune,
800 3033 930 3096 orpus,
955 3022 1109 3094 cosecro,
1163 3018 1302 3080 retentu
1321 3019 1404 3082 suut
1426 3016 1537 3098 (toan.
1560 3035 1620 3092 xx,
1638 3017 1705 3100 23).
1722 3021 1829 3091 Quum
1852 3021 1966 3082 autem

310 3119 453 3190 tucrcpa
468 3115 514 3195 (ll
527 3115 609 3178 Tim.
628 3131 675 3192 iv,
693 3115 744 3197 2),
762 3117 812 3178 sic
832 3118 1008 3194 vigilemus
1022 3119 1056 3180 et
1073 3118 1109 3179 in
1164 3115 1227 3176 soli
1248 3115 1348 3178 Petro
1365 3115 1495 3178 locutus
1515 3117 1575 3191 est,
1591 3117 1678 3180 dixit
1699 3134 1707 3175 :
1726 3121 1967 3192 Quodcumque

312 3212 465 3276 omnibus
476 3214 677 3287 laboremus,
690 3217 727 3277 ut
738 3231 822 3293 opus
837 3213 1000 3278 iacmmua
1014 3231 1111 3278 evan·-
1164 3217 1329 3288 ruovora
1346 3229 1453 3290 super
1472 3215 1610 3278 terrum
1629 3217 1698 3278 erit
1711 3217 1855 3294 riparum
1875 3218 1910 3279 et
1928 3220 1968 3278 tu

309 3311 449 3388 gelista,
461 3314 494 3375 et
504 3313 654 3376 nostrum
666 3314 888 3376 ministerium
898 3313 1106 3390 impleamus.
1161 3311 1968 3393 certmstmmdcumqwsclvcris...(llatth.xvr,

309 3411 423 3473 Nostis
438 3427 580 3489 quoque,
596 3410 729 3484 iratres,
747 3411 833 3489 quod
855 3410 972 3476 beatus
985 3413 1037 3475 est
1051 3412 1109 3474 illa
1165 3406 1230 3487 19).
1251 3410 1290 3472 Et
1309 3409 1457 3474 addidit:
1480 3410 1526 3474 nt
1543 3411 1604 3472 tici
1624 3414 1710 3472 dudo
1727 3417 1840 3474 claues
1861 3416 1966 3489 rapui

309 3523 427 3572 servus
453 3526 550 3587 quem
577 3525 652 3572 urm
678 3509 809 3572 venerit
835 3507 989 3571 dominus
1014 3513 1110 3589 ejus,
1164 3505 1441 3586 coetorum(1bid.
1457 3509 1873 3588 xm,19).0stenditquod
1895 3526 1970 3572 cae·

309 3607 475 3669 invenerit
488 3609 538 3669 sic
552 3607 741 3670 facientem..
1164 3605 1229 3668 teri
1256 3606 1367 3668 vocati
1387 3607 1468 3668 suut
1492 3606 1530 3668 in
1558 3607 1686 3685 partem
1716 3607 1965 3670 sollicitudinis.

349 3707 435 3780 Ergo
464 3705 604 3782 qvvilihet
630 3707 790 3782 praetatus
815 3703 915 3768 dena
941 3705 1109 3770 instruere
1166 3703 1388 3767 Solusautern
1402 3704 1722 3783 Patrusassumptus
1737 3706 1788 3768 est
1804 3705 1839 3768 in
1856 3706 1972 3784 pleni-

310 3803 467 3878 populum
497 3801 560 3862 sibi
589 3802 803 3863 commissum
823 3803 925 3866 verbo
946 3805 1110 3867 doctrina
1163 3801 1313 3864 tudinem
1327 3801 1514 3880 potestatis,
1529 3803 1608 3880 quia
1629 3803 1723 3866 solus
1740 3805 1847 3881 polest
1858 3803 1970 3881 ligare

310 3915 370 3977 per
391 3898 600 3976 sapientiam,
626 3900 664 3962 ut
688 3899 837 3960 docmina
864 3916 925 3962 sua
945 3902 991 3962 sit
1014 3918 1107 3976 sana,
1165 3901 1316 3974 meroe,
1342 3901 1401 3962 sad
1425 3917 1493 3966 non
1518 3901 1627 3978 potest
1649 3901 1749 3977 ligari
1778 3917 1797 3964 a
1820 3903 1966 3964 caeteris.

311 3999 355 4060 sit
371 3997 513 4073 integra,
535 3996 582 4058 sit
602 3995 676 4057 sine
695 4011 809 4058 errore
831 3995 864 4061 et
883 3997 956 4059 sine
974 3998 1109 4060 admix-
1165 3998 1250 4070 Quia
1284 4013 1459 4061 summanr
1482 3998 1585 4071 Petri,
1612 3998 1781 4071 videlicet,
1811 4003 1969 4062 Summus

256 4157 263 4168 ,
310 4096 403 4160 tione
416 4095 585 4167 salsitatis,
601 4095 637 4157 ut
651 4093 857 4172 quoddocet‚
873 4094 976 4158 iaciat
990 4111 1111 4158 metin-
1165 4093 1331 4168 Pontifex,
1348 4096 1571 4173 principatum
1603 4096 1770 4162 cathedrae
1803 4099 1964 4160 Romanae

310 4197 389 4258 dum
405 4195 594 4272 exemplum
616 4193 768 4270 Magistri
788 4194 862 4254 aui.
885 4197 1111 4270 CoepttJasus
1165 4193 1323 4254 Ecclesiae
1342 4193 1489 4269 possidet
1505 4195 1539 4256 et
1552 4193 1724 4270 gubernat,
1738 4194 1795 4272 qui
1812 4195 1965 4274 plenitu-

308 4298 427 4372 succre
441 4295 476 4356 ct
486 4297 609 4356 docere
623 4290 708 4372 (Act
723 4307 746 4366 1,
762 4290 806 4372 1).
821 4293 907 4354 itam
922 4292 979 4370 qni
994 4292 1112 4356 iacuit
1163 4290 1277 4352 dinem
1288 4290 1427 4353 honoris
1442 4292 1495 4354 aui
1514 4291 1548 4356 et
1562 4292 1802 4370 amplissimam
1816 4293 1969 4370 dignita-

311 4392 398 4472 quod
427 4392 589 4464 docuerit,
617 4391 672 4453 laic
704 4404 847 4468 magnus
872 4391 1048 4454 vocabitur
1074 4391 1110 4453 in
1164 4389 1231 4452 tem
1251 4389 1380 4451 caeteris
1403 4389 1561 4452 Ecclesiia
1581 4405 1641 4467 per
1661 4390 1854 4454 universum
1873 4407 1972 4456 muu-

310 4506 416 4566 regno
437 4490 617 4564 coelorum3
640 4489 719 4567 quia
741 4505 808 4551 non
833 4489 955 4554 sufficit
973 4492 1110 4568 praelato
1162 4487 1243 4552 dum
1259 4487 1295 4549 iu
1310 4487 1449 4554 Domino
1465 4487 1654 4552 constitutis
1668 4488 1837 4553 distribuit
1851 4490 1972 4554 etdis-

313 4587 436 4648 trabere
450 4587 638 4664 exemplum
652 4586 1110 4652 vitaasineverbodoctrinae.
1164 4585 1292 4662 pensat,
1313 4585 1472 4650 ordinans
1491 4587 1528 4649 in
1541 4586 1823 4664 eispatriarclias,
1845 4589 1971 4665 prima·
2088 4601 2089 4608 ¹

313 4685 476 4758 Quoniam
492 4699 594 4744 umnn
615 4683 688 4745 sine
702 4683 808 4745 altero
830 4683 995 4748 modicum
1009 4686 1109 4760 valet,
1165 4685 1225 4758 us,
1238 4685 1423 4762 episcopos,
1437 4683 1738 4766 abbaraapriores,
1755 4687 1964 4765 ceterosque

313 4783 403 4862 quia
427 4781 548 4860 siquis
566 4781 652 4842 bone
667 4781 792 4843 vixerit
806 4783 838 4843 st
848 4781 933 4844 hene
949 4782 1109 4856 docuerit,
1165 4783 1333 4859 praelatos.

313 4881 461 4944 omnium
470 4879 577 4958 judex
591 4879 667 4942 erit
683 4879 717 4946 Si
732 4879 844 4944 autem
860 4877 945 4943 bene
959 4880 1112 4945 docuerit
1207 4881 1299 4943 Sicut
1322 4880 1401 4944 iecit
1422 4883 1557 4957 Moyses
1571 4883 1627 4958 qui
1646 4897 1723 4946 cum
1741 4898 1842 4946 mane
1859 4899 1969 4961 usque
2088 4931 2089 4976 p

311 4979 346 5042 et
361 4978 448 5041 male
462 4975 597 5050 vixerit,
609 4977 761 5054 seipsum
776 4977 983 5042 condemnat.
1000 4979 1035 5040 si
1049 4995 1112 5041 au·
1164 4979 1207 5041 ad
1217 4995 1393 5056 vesperum
1404 4978 1537 5042 satiaret
1552 4979 1587 5042 et
1596 4995 1662 5044 non
1674 4983 1786 5057 posset
1794 4982 1962 5045 sustinere
2088 4977 2089 5044 3

311 5081 377 5142 tem
395 5077 479 5139 bene
498 5075 622 5140 vixerit
637 5077 670 5138 et
684 5075 771 5138 male
792 5075 953 5151 docuerit,
977 5077 1111 5141 instruit
1133 5117 1134 5120 =
1163 5076 1387 5156 ammarum
1419 5077 1534 5155 populi
1565 5077 1726 5157 judicium
1752 5079 1964 5156 postulantis,
2088 5105 2089 5160 3

312 5180 416 5239 Deum
434 5169 710 5254 queruadvnodum
729 5191 804 5236 eum
817 5173 937 5242 aetat
949 5177 1111 5238 condem-
1133 5183 1134 5188 ’
1164 5175 1548 5250 uihunoacenturiones
1559 5177 1592 5238 et
1608 5177 1915 5254 quinquagenarios
1930 5179 1965 5240 in

312 5289 405 5336 nare.
423 5274 518 5336 Urule
533 5273 714 5349 aregarius
731 5290 739 5332 ι
755 5289 773 5333 ‹
795 5275 896 5351 cujus
910 5275 978 5337 vita
994 5275 1110 5353 despi—
1132 5303 1133 5308 κ
1164 5273 1286 5352 populo
1299 5273 1479 5347 occisast,
1492 5275 1529 5336 ut
1542 5274 1608 5352 ipsi
1623 5275 1754 5336 minora
1769 5277 1902 5352 negotia
1916 5293 1967 5339 so·
2088 5267 2089 5280 ’

313 5374 414 5446 citur,
435 5372 539 5433 restat
559 5373 594 5433 ut
615 5373 688 5450 ejus
703 5369 895 5449 praedicatio
917 5373 1112 5436 contemna-
1132 5401 1133 5440 3
1165 5371 1541 5452 lummodcjudicareut,
1559 5371 1600 5435 ad
1616 5389 1653 5436 se
1667 5389 1748 5436 uero
1761 5376 1892 5452 majora
1907 5375 1969 5437 de-
2088 5425 2089 5436 ,

311 5473 377 5544 tur,
392 5487 410 5530 »
423 5469 501 5548 quia
513 5468 651 5531 veroum
665 5469 742 5531 sine
753 5467 840 5530 lona
853 5469 922 5533 rita
935 5471 1109 5549 praelatum
1164 5471 1300 5535 terrent
1335 5473 1414 5544 Quae
1441 5471 1588 5551 quotidie
1616 5487 1676 5550 per
1699 5471 1966 5536 misericordiam

312 5568 392 5631 tacit
410 5565 638 5628 ridiculosum.
665 5565 757 5640 Quod
781 5565 866 5632 bene
885 5567 1109 5645 significatum
1164 5570 1225 5634 liat
1239 5569 1392 5633 iacimus.

314 5669 364 5731 ost
382 5681 444 5746 per
456 5665 519 5726 troc
533 5664 620 5743 qvvod
636 5679 699 5730 rex
711 5665 974 5732 ammonitarum
987 5683 1111 5747 pueros
1204 5669 1383 5732 Videauuts
1407 5668 1647 5747 sensualiter
1667 5667 1784 5733 beatus
1804 5669 1967 5734 silvester
