4104 6392
85 301 144 361 rsa
456 309 458 317 ’
704 269 937 360 ¹nrisrcmn.
961 300 1038 362 crs.
1063 301 1102 362 11.
1665 309 1725 370 151

86 473 149 536 qua
172 455 431 521 contradictione
457 455 635 518 retentent.
666 458 745 518 tium
769 458 879 520 antem
933 461 1026 522 catus
1040 476 1122 526 vero
1142 461 1267 523 domini
1285 461 1425 524 Houorii
1448 466 1547 541 Papae
1570 467 1614 526 111
1638 480 1727 527 anno
1788 527 1790 535 ,

86 553 240 632 generale
255 553 354 614 tuerit
367 552 589 624 interdictum,
611 553 737 616 licitum
751 555 795 616 sit
808 555 878 616 eis·
934 558 1090 620 secundo.
1374 594 1378 602 -

87 653 159 712 dem
181 651 376 728 ubicumque
402 649 622 722 6666611166,
648 651 793 712 exclusis
819 667 881 711 ex·
1239 673 1422 760 GCXLVI

86 747 336 810 communicatis
352 747 385 807 et
397 747 592 818 interdictis,
602 763 778 826 suppressa
786 763 878 820 voce,

86 843 304 920 compulsatis
320 843 501 920 6611166616,
523 843 636 906 divina
661 843 769 906 officia
792 844 882 906 cele-

85 942 192 1002 brare.
220 942 393 1012 Caeterum,
428 956 502 1001 cum
531 941 618 1002 idem
644 941 880 1002 monasterium
1227 921 1437 978 mmmm·

85 1038 229 1114 speciale
252 1035 433 1098 membrum
456 1037 657 1114 Apostolicac
674 1038 768 1100 Sedis
789 1037 894 1098 exis-v
1018 1027 1146 1088 masmar,
1159 1028 1226 1076 non.
1239 1027 1382 1090 sangaris,
1395 1033 1415 1078 1·
1432 1027 1643 1094 Ι11161111]

84 1135 144 1206 161,
166 1133 352 1206 statuimus,
375 1135 407 1195 et
421 1135 600 1206 sancimus,
616 1135 653 1196 ut
665 1135 752 1196 sicut
766 1136 880 1196 contra
936 1131 1288 1191 116616161161616161116
1306 1134 1433 1206 episcopi
1447 1135 1602 1195 watiensis
1618 1136 1728 1198 ratione

85 1233 268 1292 Romanam
296 1230 478 1294 Ecclesiam
497 1245 568 1303 nos,
599 1231 665 1292 nisi
689 1231 881 1292 centenaria
1273 1223 1390 1295 agendi.

86 1328 191 1390 currit
204 1326 422 1404 praescriptio,
434 1327 614 1390 secundum
629 1327 881 1390 constitutiones
976 1328 1143 1390 Honorius
1153 1328 1337 1406 episcopus,
1350 1328 1425 1400 etc,
1437 1329 1621 1390 venerabili
1632 1329 1729 1392 116111

86 1425 275 1496 666661666,
290 1425 323 1486 61
340 1425 505 1500 legitimas
520 1425 786 1500 sanctionespita
805 1441 883 1502 quc·
936 1426 969 1488 et
982 1425 1113 1488 dilectis
1128 1425 1206 1486 111116
1220 1425 1261 1486 de
1278 1425 1402 1486 Bolram
1418 1429 1452 1487 61
1466 1426 1506 1488 de
1519 1425 1607 1488 Petis
1622 1425 1728 1488 abha-

86 1538 160 1598 que,
180 1520 318 1598 praelato
340 1522 542 1583 monasterio
565 1522 704 1583 minoris
723 1522 882 1598 temporis
936 1521 1024 1583 tibus
1038 1522 1295 1599 vesprimiensis
1317 1521 1480 1594 dioecesis,
1497 1522 1647 1594 salutem,
1665 1525 1727 1585 ete.

86 1617 294 1695 praescriptio
311 1635 377 1680 non
397 1619 546 1681 obsistat.
574 1619 783 1695 sepulturam
799 1635 883 1695 quo-
976 1619 1111 1680 Utinam
1125 1619 1325 1682 venerabilis
1340 1619 1443 1681 irater
1458 1619 1730 1691 nosterpvatten-

88 1731 151 1792 que
180 1716 284 1791 ipsius
306 1716 371 1777 loci
396 1715 536 1778 liberam
561 1732 635 1778 6666
661 1715 880 1788 decernimus,
937 1716 983 1776 sis
1006 1717 1179 1792 episcopus
1201 1731 1267 1778 non
1290 1716 1381 1778 esset
1403 1716 1521 1778 ironiis
1543 1716 1674 1787 attritae,
1693 1717 1729 1778 ut

88 1815 123 1872 61
143 1829 255 1872 eorum
276 1813 455 1884 devotioni,
474 1814 507 1875 et
525 1814 683 1874 extremae
706 1813 880 1882 voluntati,
937 1811 1079 1875 sollicita
1101 1799 1314 1875 meditatione
1335 1814 1515 1890 pensando,
1536 1829 1610 1901 quas
1632 1814 1672 1874 de
1692 1829 1729 1874 se

87 1911 140 1985 qui
157 1925 193 1970 se
205 1909 273 1970 illic
287 1910 422 1986 sepeliri
432 1909 702 1981 deliberaverint,
718 1909 882 1970 616116116
937 1909 1086 1971 discussa
1105 1909 1240 1972 inerunt
1254 1910 1341 1986 apud
1359 1911 1478 1970 sedem
1491 1910 1725 1986 Apostolicam,

86 2006 374 2077 exeommunicati,
397 2006 450 2066 vel
475 2006 643 2067 interdicti
668 2006 744 2077 sint,
770 2005 882 2066 nullus
937 2022 956 2065 e
973 2005 1084 2068 vicino
1100 2005 1323 2081 pontificalem
1338 2006 1532 2067 modestiam
1547 2021 1614 2065 non
1630 2020 1729 2080 pror-

86 2102 241 2176 obsistam
254 2103 345 2162 salva
361 2103 468 2162 tamen
482 2103 612 2178 justitia
627 2102 760 2163 illarum
775 2100 883 2162 eccle·
937 2117 993 2161 sus
1006 2101 1174 2177 abjiceret,
1191 2117 1230 2162 ac
1245 2118 1264 2162 a
1278 2103 1325 2163 tot
1339 2103 1371 2163 et
1385 2102 1497 2172 tantis,
1514 2100 1642 2178 quaeda
1657 2101 1728 2177 ipso

86 2199 245 2259 61616616
265 2199 383 2275 quibus
407 2200 576 2274 assumpta
597 2199 721 2263 1661161
742 2213 882 2274 6616616
936 2197 1141 2268 audivimus,
1172 2197 1362 2268 abstineret,
1387 2197 1465 2258 dum
1493 2213 1537 2258 ex
1565 2197 1727 2258 anteactis

86 2299 302 2356 mortuorum.
937 2294 1161 2369 6166666161,
1178 2293 1256 2371 quid
1271 2293 1457 2355 sibiessent
1469 2294 1551 2356 talia
1566 2294 1726 2370 paritura.

943 811 994 868 Ad
1008 809 1192 870 liebertum
1212 811 1499 882 vesprimiensem
1511 813 1716 885 episcopum.

126 2393 340 2454 Decernirnus
360 2407 450 2467 ergo,
468 2393 503 2453 ut
520 2391 604 2454 nulli
618 2393 753 2452 omnino
774 2389 883 2451 homi·
936 2392 1024 2450 Sane
1037 2389 1149 2451 dilecti
1163 2389 1224 2450 fliii
1238 2393 1275 2450 Ε.
1289 2391 1322 2452 et
1329 2393 1365 2452 Β.
1375 2390 1601 2452 archidiaconi
1621 2389 1729 2452 eccle-
1816 2418 1818 2427 ,

87 2505 165 2548 num
188 2488 288 2549 liceat
308 2487 481 2564 praelatum
501 2489 738 2550 monasterium
757 2488 882 2550 temere
937 2485 995 2544 siae
1011 2485 1192 2545 Watiensis
1213 2499 1273 2562 pro
1295 2501 1331 2546 se
1352 2501 1392 2546 ac
1413 2485 1556 2562 capitulo
1581 2486 1729 2563 ejusdem

86 2583 292 2660 perturbare,
314 2585 371 2645 661
395 2586 467 2660 ejus
492 2584 718 2660 possessiones
737 2582 880 2648 auterre,
936 2581 1086 2642 ecclesiae
1105 2581 1140 2642 in
1157 2583 1270 2644 nostra
1291 2583 1533 2658 proposuerunt
1550 2582 1727 2658 praesentia

86 2679 641 2749 16161161661611661616166616,
666 2697 726 2741 666
746 2680 883 2757 quibus-
937 2677 1126 2749 co.·.stituti,
1156 2677 1242 2754 quod
1265 2693 1377 2753 -quum
1411 2693 1525 2739 eorum
1553 2677 1727 2756 episcopus

87 2777 167 2839 libet
186 2776 417 2840 vexationibus
435 2777 592 2852 fatigar03
617 2777 674 2838 sed
694 2769 805 2840 omnia
830 2778 884 2840 in·
936 2776 1093 2850 tanquam
1108 2774 1244 2836 lucerna
1259 2790 1360 2850 super
1374 2775 1608 2836 candelabrum
1621 2776 1729 2852 666116

85 2876 180 2950 tegra
217 2874 454 2936 conserventur
483 2889 613 2946 eorum,
652 2889 711 2950 pro
742 2889 881 2950 quorum
936 2871 1502 2941 161166161661611666161616161,
1518 2871 1728 2935 informando

86 2972 346 3048 gubernatione,
376 2987 416 3031 66
450 2971 688 3033 sustentatione
722 2986 880 3032 concessa
937 2969 1085 3030 doctrina
1095 2967 1254 3040 subditos,
1264 2969 1298 3030 et
1306 2969 1493 3045 praestando
1504 2970 1552 3031 616
1561 2985 1728 3047 66166616

85 3070 177 3138 6661,
204 3066 317 3128 661166
341 3067 538 3128 omnimodis
566 3067 749 3143 profutura,
782 3065 881 3128 Salva
936 3064 1313 3143 honestatisexemplum
1330 3082 1337 3125 :
1352 3065 1440 3126 idem
1449 3067 1606 3143 tanquam
1617 3066 1728 3128 lumen

85 3164 180 3226 Sedis
203 3162 401 3239 Apostolicae
424 3162 637 3236 auctoritat03
659 3177 699 3223 66
719 3163 754 3222 16
778 3178 881 3238 paro·
934 3162 1116 3224 extinctum
1140 3177 1202 3222 nec
1228 3162 1379 3238 exemplo
1400 3163 1544 3239 61611611,
1565 3179 1625 3226 666
1646 3164 1729 3225 doc-

84 3259 248 3322 chialibus
273 3258 427 3320 ecclesiis
459 3258 722 3320 dioecesanorum
752 3258 882 3336 episco-
934 3259 1034 3331 trina,
1051 3259 1108 3320 sed
1124 3259 1730 3336 prosequendojustitiametcommes-

83 3374 199 3434 porum
216 3357 347 3434 justitia
370 3356 543 3430 consuete,
576 3355 644 3415 illis
662 3356 820 3431 exceptis,
847 3355 881 3416 in
936 3355 1119 3417 sationibus
1134 3355 1387 3417 etebrietatibus
1398 3356 1532 3417 nitendo
1548 3357 1730 3420 delectatur

83 3454 204 3532 quibus
224 3453 356 3528 plenum
373 3456 429 3528 jus
443 3451 530 3512 idem
545 3451 783 3514 monasterium
800 3452 882 3512 bac-
936 3452 970 3512 in
992 3451 1079 3524 dolo,
1095 3453 1128 3514 et
1147 3453 1183 3511 in
1202 3451 1329 3512 malitia
1349 3451 1521 3527 gloriatur.
1538 3455 1618 3514 Cum
1640 3456 1728 3516 enim

83 3554 181 3612 tenus
209 3549 414 3624 dignoscitur
438 3547 604 3608 babuisse.
628 3548 752 3624 Siqua
780 3548 882 3624 igitur
931 3551 1010 3625 jura
1032 3549 1065 3609 et
1082 3547 1280 3624 approbatas
1302 3548 1557 3610 consuetudines
1578 3551 1728 3613 ecclesias

82 3649 117 3710 in
142 3647 289 3708 futurum
308 3645 549 3712 ecclesiastica,
566 3644 778 3712 saecularisve
799 3660 879 3720 per·
935 3643 1729 3725 Watiensisdeiendereacopponereseproipsis

83 3761 166 3806 sona
192 3743 278 3804 11666
307 3743 429 3804 nostrae
453 3741 699 3804 constitutionis
725 3742 880 3818 paginam
936 3741 1189 3819 subjuramenti
1208 3741 1316 3803 debito
1331 3742 1494 3814 teneatur,
1512 3743 1582 3820 ipse
1605 3745 1727 3805 tamin

82 3842 209 3912 661666,
239 3841 354 3900 666116
381 3854 455 3902 eum
484 3837 597 3900 venire
623 3838 801 3900 tentaverit
827 3853 881 3898 se·
935 3839 1008 3912 1166,
1028 3855 1126 3916 quam
1141 3839 1176 3900 16
1191 3839 1378 3912 6116666116,
1395 3839 1608 3902 distrahendo
1623 3857 1662 3902 ac
1676 3842 1730 3903 di-

85 3938 211 4008 cundo,
250 3936 389 3996 tertiove
419 3935 632 4010 commonita3
661 3934 725 3994 nisi
752 3936 880 3998 reatum
935 3936 1112 4012 lapidando
1127 3937 1352 4014 possessiones
1368 3938 1400 3998 et
1413 3937 1561 4000 redditus
1578 3939 1727 4000 ecclesiae

82 4051 181 4094 661116
201 4047 347 4108 congrue
363 4031 588 4095 satisfactione
607 4033 801 4104 correxerit,
821 4047 882 4108 po-
936 4033 1133 4110 supradictae
1163 4035 1346 4110 praestitum
1377 4035 1619 4110 transgreditur
1631 4038 1729 4112 jura-

82 4131 225 4202 testatis,
258 4129 460 4205 honorisque
493 4129 545 4190 sui
573 4128 732 4204 dignitate
756 4130 879 4201 careat,
935 4131 1080 4194 mentum
1096 4153 1102 4190 :
1120 4130 1176 4206 qui
1194 4130 1405 4206 parochianis
1424 4130 1493 4190 suis
1517 4131 1728 4193 interdictum

82 4243 240 4304 reamque
257 4242 292 4288 se
306 4226 419 4290 divino
437 4225 564 4303 judicic
582 4225 725 4288 existere
744 4224 785 4286 de
804 4242 881 4302 per·
935 4227 1121 4304 spiritualia
1132 4227 1180 4288 sic
1191 4226 1367 4296 ministrat,
1378 4226 1463 4303 quod
1473 4227 1625 4288 nonnulli
1636 4228 1728 4288 exis-

81 4327 211 4403 petrata
227 4325 401 4401 iniquitate
420 4324 609 4398 cognoscat,
632 4323 703 4384 616
722 4324 882 4385 sacratis-
934 4321 1534 4400 116661,16666611161616611161666
1545 4339 1661 4400 666616
1671 4341 1728 4400 pu-

81 4425 167 4487 simo
192 4437 341 4498 corpore,
362 4437 403 4482 ac
417 4421 579 4496 sanguine
599 4421 669 4491 Dei,
696 4420 728 4485 61
749 4421 879 4484 Domini
934 4421 1078 4482 ritatem.
1093 4419 1238 4506 Clericus
1261 4435 1391 4496 quoque
1412 4421 1599 4482 Watienses
1614 4421 1723 4493 terris,

81 4519 314 4595 Redemptoris
335 4517 441 4580 uestri
455 4521 534 4580 iesu
550 4516 673 4582 Christi
686 4517 793 4578 aliena
810 4517 878 4584 fiat,
934 4516 1048 4594 sylvis,
1066 4517 1182 4593 pratis,
1205 4516 1387 4577 redditibus
1407 4519 1439 4578 et
1458 4517 1556 4578 rebus
1575 4517 1652 4579 aliis
1667 4533 1727 4595 per

80 4621 180 4694 atque
195 4617 231 4678 in
246 4617 393 4680 extremo
412 4615 564 4676 examine
582 4614 740 4676 districtae
760 4613 878 4674 ultioni
933 4613 1126 4676 violentiam
1160 4612 1290 4691 spoliat,
1317 4614 1350 4675 et
1375 4615 1726 4676 excommunicationis

17 4739 19 4746 1
80 4713 263 4791 subjaceat.
290 4711 423 4773 Cunctis
449 4712 560 4773 autem
584 4711 691 4772 eidem
719 4711 792 4772 loco
818 4725 878 4772 666
934 4709 1066 4771 vinculo
1076 4711 1190 4772 contra
1208 4711 1329 4772 6161616
1340 4711 1478 4773 Consilii
1489 4712 1655 4787 generalis
1670 4727 1727 4772 as-

75 4816 154 4890 jura
168 4807 390 4879 servantibus,
404 4809 440 4870 111
449 4824 515 4887 pax
528 4809 659 4870 Domini
671 4809 776 4870 nostri
786 4811 879 4870 1666·
932 4807 1063 4883 tringit3
1076 4807 1724 4885 66666616166161666116661666611661

79 4909 220 4982 Christi;
236 4907 409 4983 quatenus,
425 4905 524 4967 ethic
544 4905 687 4970 fructum
706 4905 878 4990 bonae'ac-
933 4903 1104 4972 familiam,
1130 4919 1227 4980 quam
1249 4903 1373 4964 habere
1391 4905 1463 4979 ipsc
1488 4905 1725 4981 incompositus

77 5005 180 5068 tionis
193 5003 381 5082 percipiant
394 5005 426 5063 et
438 5003 524 5078 apud
539 5002 723 5064 districtum
732 5002 878 5080 jndicem
934 4999 1126 5071 delectatur,
1141 4999 1188 5060 sle
1201 4999 1278 5061 16611
1288 4999 1462 5060 inhoneste
1476 5000 1623 5073 tractari,
1639 5001 1724 5079 quod

77 5102 218 5181 praemia
234 5099 799 5176 616166666616166166166166.
933 5097 1067 5174 quidam
1086 5095 1219 5156 illorum
1238 5095 1337 5157 rebus
1353 5095 1505 5156 omnibus
1528 5095 1661 5173 spoliati
1681 5112 1725 5159 ex

118 5203 240 5262 Datum
262 5200 375 5259 Romae
391 5196 477 5273 apud
497 5197 653 5257 Sanctum
670 5198 803 5258 Petrum
819 5211 879 5272 per
933 5191 1661 5268 1611161161616611166661161161Ε16616111611
1673 5209 1726 5255 ar-

79 5313 216 5359 manum
229 5293 390 5370 liaynerii
406 5293 530 5354 sancte
549 5295 706 5355 Romanae
722 5293 878 5354 Ecclesiae
933 5290 1121 5352 chidiaeoni
1132 5289 1290 5367 quosdam
1303 5290 1343 5350 de
1352 5289 1477 5350 familia
1486 5289 1590 5366 ipsius
1600 5292 1725 5368 661666-

79 5391 359 5462 vicecancellarii,
380 5389 489 5451 idibus
510 5390 600 5461 maii,
626 5389 805 5452 indictione
821 5405 879 5450 oc·
933 5387 977 5463 pi,
995 5387 1051 5465 qui
1062 5387 1277 5463 ecsaggressi
1290 5386 1433 5458 fuerant,
1445 5403 1557 5448 coram
1571 5389 1724 5450 saeculari

79 5495 168 5564 tava,
190 5488 433 5554 iucarnationis
459 5488 639 5550 Dominicac
660 5501 748 5547 anno
765 5486 876 5548 mille·
932 5485 1041 5546 indice
1058 5485 1283 5556 convenirent,
1299 5484 1383 5562 ipse,
1400 5484 1436 5545 ut
1450 5484 1490 5545 ab
1503 5485 1633 5548 actione
1647 5487 1723 5549 illos

81 5591 165 5652 simo
191 5587 417 5650 ducentesimo
441 5586 558 5648 octavo
584 5585 722 5656 decimo,
739 5573 882 5661 pontid-⁹
932 5581 1723 5660 excluderet,nuntiaviteosdemperlitterassuas
