4200 6404
157 163 219 228 233
590 151 692 222 XXII.
708 189 750 206 -·
763 159 807 222 IN
831 159 960 222 FESTO
984 161 1380 232 uvauehhlsdrthllll.
1746 171 1807 234 254

153 324 230 388 etot
238 326 282 404 uin
290 323 430 399 Quum
437 319 705 402 populorumtls.
717 335 765 395 ru,
779 321 959 401 10).Trun·
1013 322 1142 397 unicus,
1154 323 1232 401 quia
1245 323 1332 388 istud
1342 295 1455 388 datnrh
1464 326 1516 388 eet
1527 325 1617 388 omni
1629 330 1803 404 creaturae,

156 437 218 484 cus
234 419 351 492 David,
368 418 548 482 secundum
573 419 659 496 quod
684 419 788 481 David
809 420 956 497 promis·-
1012 435 1086 497 quae
1098 419 1160 482 suh
1175 421 1260 484 coelo
1274 421 1334 484 est.
1352 437 1370 482 a

153 536 232 580 sum
260 517 311 580 est
336 534 344 578 :
372 521 422 578 Dc
449 517 567 591 fructu
589 518 724 580 ventris
752 518 802 580 tui
829 533 958 592 ponam
1052 520 1200 589 Quatuor
1222 534 1303 595 ergo
1317 518 1453 581 luerunt
1474 520 1509 582 hi
1532 520 1701 594 tabularii,
1721 523 1808 586 idest

150 631 265 692 scher
281 618 400 678 cedem
420 629 536 676 meam
550 613 619 694 (Ρε.
639 616 707 685 131,
723 613 786 694 11).
802 615 898 678 Remi
914 631 957 676 ex
1012 616 1155 693 quatuor
1178 617 1399 693 Evangelistae
1417 638 1424 677 :
1441 618 1630 690 Matthaeus,
1655 622 1804 694 Marcus,

153 715 221 778 hoc
234 715 353 776 trunco
367 712 595 786 ascendentes,
614 713 770 774 Salomon
786 713 820 775 et
832 713 956 790 reliqui
1012 715 1119 774 Lucas
1134 715 1167 775 et
1179 717 1336 776 loannes.
1363 715 1405 776 lli
1423 717 1500 778 sunt
1521 717 1663 794 quatuor
1677 719 1804 792 annuli,

155 827 368 875 successores
388 811 486 888 juxta
501 809 583 872 illud
603 811 855 887 evangelicum:
882 814 956 872 Da·-
1012 810 1132 888 quihus
1159 827 1238 873 arca
1266 811 1400 874 foederis
1428 811 1632 890 portabatur.
1655 817 1699 878 Hi
1732 817 1809 880 sunt

156 915 216 974 vati
227 911 424 972 adimerem
441 911 560 986 penult
572 911 769 972 Salomon..
787 907 918 988 (Matth.
931 925 954 981 r,
1012 909 1156 986 quatuor
1168 909 1266 982 fabri,
1283 911 1340 987 qui
1356 911 1450 973 missi
1470 912 1602 974 suntad
1621 913 1808 991 dejicienda

155 1008 204 1089 6).
215 1008 319 1084 virga
330 1023 373 1070 ex
383 1007 437 1068 his
451 1007 555 1068 ramis
568 1006 723 1084 prodiens
735 1007 837 1068 Beata
854 1007 956 1083 virgo
1012 1023 1137 1069 cornua
1150 1008 1297 1070 omnium
1308 1011 1467 1086 gentium.
1484 1011 1563 1072 llaec
1578 1014 1654 1073 sunt
1666 1013 1809 1088 quatuor

154 1107 277 1178 Maria,
290 1107 389 1183 juxta
407 1104 490 1166 illud
506 1105 957 1181 rsaiae:upreuaetorcrrpa
1011 1104 1182 1178 animalia,
1209 1119 1349 1183 quorum
1374 1107 1630 1185 unumquodque
1665 1108 1810 1172 habehat

154 1207 200 1266 de
214 1207 333 1266 radice
346 1206 453 1264 Jesae.
469 1203 591 1264 Cortex
609 1201 645 1263 in
663 1201 727 1264 hac
748 1201 869 1264 arbore
883 1202 958 1264 lue-
1012 1217 1109 1264 senes
1119 1203 1202 1264 alas.
1219 1205 1298 1264 Haec
1309 1205 1386 1266 sunt
1397 1205 1539 1282 quatuor
1547 1206 1654 1268 latera
1662 1205 1808 1269 civitatis

155 1301 238 1364 runt
258 1301 367 1364 sancti
388 1300 486 1378 juxta
509 1299 592 1361 illud
607 1300 818 1362 canticorum
837 1301 956 1362 :Sicut
1011 1315 1106 1362 noum
1120 1299 1319 1373 Jerusalem,
1334 1301 1440 1377 figura
1454 1299 1524 1380 (hic
1538 1305 1607 1364 his
1624 1303 1805 1384 laceratur)

156 1399 282 1461 cortem
305 1400 514 1472 moltpunlci
527 1413 626 1473 pcnoe
636 1398 705 1458 tuae
718 1395 826 1476 (Cant.
842 1413 891 1470 vr,
908 1396 954 1476 6),
1011 1397 1074 1459 suit
1084 1397 1156 1475 ipsa
1167 1398 1458 1460 sormaverhorum
1468 1401 1726 1477 quemchristus
1736 1417 1810 1478 pro-

157 1497 255 1569 idest,
273 1496 381 1558 sancti
400 1495 457 1572 qui
473 1510 509 1555 se
532 1495 684 1571 affligunt
701 1494 742 1556 ad
765 1495 958 1560 similitudi·
1010 1495 1097 1558 tulit.
1115 1495 1209 1566 Unde
1223 1497 1378 1573 aperiens
1396 1499 1493 1560 lesus
1507 1511 1545 1560 οε
1560 1513 1657 1560 suum
1671 1498 1810 1562 docebat

155 1611 235 1658 nem
245 1594 382 1656 Christi.
396 1593 491 1655 Folia
501 1593 603 1655 verba
617 1593 811 1656 etdoctriua
821 1593 955 1665 Christi,
1012 1593 1190 1654 eosdicens
1199 1595 1495 1668 :Beotcpauperea
1501 1595 1810 1669 mahummariam

151 1695 253 1771 juxta
265 1691 348 1754 illud
365 1691 485 1768 psalmi
500 1712 507 1753 ε
523 1693 569 1754 Εἰ
588 1693 709 1766 toltum
720 1695 796 1765 &aaa
812 1706 881 1754 nne
893 1695 956 1753 dc-
1011 1692 1168 1764 ipsontm
1187 1691 1240 1752 cal
1264 1705 1414 1766 reanum
1437 1695 1602 1753 coemrum
1626 1689 1756 1769 (Matth.
1772 1705 1806 1765 v,

157 1793 248 1854 ctdel
265 1789 335 1870 (Ps.
349 1791 378 1862 1,
394 1787 441 1868 3).
455 1789 532 1851 Flos
545 1805 625 1852 vero
639 1789 711 1866 ipse
724 1789 886 1863 Christus,
900 1789 956 1867 qui
1009 1789 1056 1866 3).
1072 1787 1251 1850 Duodecim
1266 1790 1377 1850 eutem
1399 1788 1550 1865 Apostoli
1565 1788 1738 1866 dequibus
1752 1790 1808 1851 di-

158 1889 202 1950 de
215 1904 252 1950 se
266 1887 374 1964 inquit
396 1886 432 1950 in
454 1886 584 1949 cantico
602 1908 609 1946 :
634 1890 708 1963 Epo
721 1887 785 1959 {toa
796 1891 909 1962 compr·
923 1889 958 1950 ct
1012 1885 1099 1946 citur
1115 1907 1122 1946 :
1139 1901 1157 1946 ‹
1172 1887 1253 1948 Cum
1266 1885 1390 1948 sederit
1408 1875 1497 1946 tilius
1520 1886 1665 1948 hominis
1680 1888 1715 1948 in
1730 1888 1808 1950 sede

157 1990 269 2049 lilium
287 1988 495 2048 convallium
514 1983 623 2064 (Cant.
649 1999 685 2056 11,
715 1983 758 2065 1),
776 1985 956 2046 secundum
1011 1997 1030 2044 ‹
1045 1984 1228 2060 majestatis
1242 1999 1322 2055 suae,
1339 1983 1501 2045 sedebunt
1512 1985 1545 2046 et
1559 1984 1624 2061 ipsi
1634 1999 1735 2060 super
1748 2001 1807 2047 se·

157 2084 247 2162 quod
275 2084 311 2146 in
336 2082 511 2161 prophetia
537 2081 709 2159 praemissa
738 2082 886 2144 dicitur:
911 2083 957 2144 Et
1011 2081 1103 2144 «des
1126 2081 1311 2154 duodecim,
1324 2081 1514 2160 judicantes
1538 2081 1712 2146 duodecim
1740 2085 1808 2146 tri·-

156 2183 407 2256 nonderodtce
425 2180 585 2242 accendet
604 2177 663 2258 (Is.
679 2195 727 2252 ru,
745 2178 789 2257 1).
816 2181 956 2242 Fructus
1011 2178 1105 2240 «hus
1134 2179 1276 2242 lsrael»
1302 2178 1434 2258 (matth.
1461 2193 1532 2252 xlx,
1556 2179 1624 2262 28),
1649 2181 1707 2242 isti
1730 2182 1810 2244 sunt

157 2281 272 2343 autem
287 2278 379 2341 salus
392 2277 574 2350 hominum,
588 2277 642 2340 rel
654 2278 724 2340 vita
739 2279 876 2350 aeterna,
898 2293 957 2338 se·
1011 2277 1087 2338 coeli
1110 2277 1151 2338 de
1174 2277 1293 2355 quihus
1318 2277 1440 2340 dicitur
1467 2293 1527 2355 per
1559 2279 1771 2340 Psalmlstam
1797 2300 1805 2340 ε

157 2377 304 2440 cundum
317 2377 404 2455 quod
419 2377 454 2437 in
466 2375 648 2452 Evangelio
664 2397 672 2436 ε
686 2379 766 2450 lpse
780 2379 874 2437 cutm
887 2381 958 2438 εαὶι
1015 2378 1098 2438 Coeli
1130 2375 1301 2438 edomant
1329 2379 1478 2452 ahmam
1513 2379 1600 2449 Del,
1637 2377 1671 2440 et
1698 2391 1806 2452 opero

156 2476 354 2550 cumsacrct
358 2480 525 2550 populum
533 2489 636 2536 mcum
646 2489 669 2534 a
675 2474 826 2548 peccate
835 2487 956 2536 eornm
1011 2489 1179 2536 murrum
1216 2477 1291 2545 ejus
1329 2475 1514 2536 annuntiat
1546 2475 1809 2545 flemmarum

160 2573 295 2653 (Matth.
310 2587 334 2644 1,
345 2571 411 2652 21).
1011 2571 1082 2638 (Ps.
1104 2571 1156 2642 38,
1184 2568 1228 2648 1).
1256 2570 1300 2632 lli
1334 2571 1412 2632 sunt
1439 2570 1638 2632 candelabra
1661 2571 1808 2634 lucentia

204 2671 370 2750 Sequitur.
391 2669 529 2732 Fluvius
547 2669 604 2750 qui
619 2669 659 2731 de
678 2668 752 2732 loco
774 2669 957 2746 voluptatis
1012 2668 1088 2731 ente
1103 2667 1290 2739 Dominum,
1299 2667 1395 2745 quasi
1408 2680 1529 2742 magna
1544 2667 1724 2730 luminaria
1737 2669 1808 2732 ter-

161 2769 344 2846 egreditur,
365 2767 416 2830 est
441 2767 634 2843 evangelice
654 2767 857 2844 praedicatio,
883 2781 956 2844 quae
1010 2781 1083 2828 ram
1103 2765 1316 2836 illustrantia,
1340 2765 1417 2842 quia
1441 2765 1590 2842 Apostoll
1615 2765 1809 2830 illustrare·

162 2869 205 2930 de
228 2867 367 2929 Domino
390 2867 471 2928 Jesu
494 2865 625 2927 Christo
647 2864 807 2941 procedit,
828 2865 887 2942 qui
907 2866 958 2926 est
1011 2863 1090 2926 runt
1104 2862 1285 2926 Ecclesiam
1299 2863 1372 2934 Dei,
1388 2862 1466 2941 quia
1481 2863 1676 2941 predicatio
1690 2877 1806 2926 eorum

158 2965 235 3028 lons
249 2963 490 3042 ritae,inoujus
501 2962 627 3024 lumine
637 2961 821 3024 ridebimus
831 2962 955 3029 lumen,
1010 2961 1116 3024 exivit
1142 2961 1178 3022 in
1203 2973 1334 3024 ornnem
1361 2962 1504 3035 terram;
1526 2961 1617 3038 quia,
1646 2961 1733 3024 sicut
1756 2962 1807 3024 sol

158 3081 181 3125 a
197 3081 262 3141 quo
276 3061 478 3140 generaliter
493 3062 600 3124 omnis
614 3076 695 3122 vera
718 3060 883 3137 voluptas,
900 3060 955 3122 id·
1011 3055 1179 3118 illuminat
1199 3056 1298 3128 diem,
1324 3057 1357 3120 et
1377 3057 1457 3119 luna
1484 3055 1650 3118 illuminat
1663 3057 1805 3130 noctem,

158 3164 221 3234 est,
235 3161 410 3224 delectatio
422 3159 566 3220 emanat.
578 3158 957 3236 Haecpraedicatiorecte
1011 3155 1058 3217 ita
1080 3171 1139 3232 per
1154 3153 1424 3232 praedicationem
1435 3154 1669 3231 Apostolorum
1681 3154 1808 3218 illumi-

158 3259 268 3322 durio
282 3260 504 3336 comparatur,
521 3271 588 3318 non
607 3257 714 3318 solum
732 3256 812 3334 quia
836 3256 954 3327 reficit,
1012 3255 1175 3316 natusest
1193 3253 1347 3314 mundus.
1371 3251 1439 3328 Ipsi
1460 3252 1549 3314 enim
1565 3252 1715 3329 Apostoll
1729 3251 1806 3315 iue-

159 3356 267 3420 ahluit
281 3355 507 3427 etsoeeunuat,
524 3353 582 3416 sed
602 3354 680 3431 quia
700 3353 821 3416 fluvius
834 3354 958 3415 dicitur
1011 3351 1089 3413 runt
1100 3350 1272 3412 duodecim
1283 3349 1387 3412 stellae
1402 3349 1437 3410 iu
1450 3363 1573 3412 corona
1593 3364 1734 3426 sponsae,
1752 3365 1808 3412 se-

158 3469 246 3533 aqua
260 3454 378 3526 fluens,
396 3454 430 3515 et
444 3453 480 3514 ut
501 3451 549 3514 eit
563 3452 720 3514 Salomon
737 3455 855 3526 :Aqua
868 3465 955 3527 pro·
1011 3447 1156 3511 cundum
1171 3447 1257 3526 quod
1281 3447 1403 3522 legitur
1425 3446 1461 3506 in
1486 3447 1683 3523 Apocalysi:
1710 3448 1756 3508 lit
1770 3451 1808 3510 in

158 3555 518 3630 mndaccrhccooore
536 3553 643 3612 virt...
659 3547 771 3629 (Prov.
793 3565 889 3622 xum,
910 3547 955 3628 4).
1012 3546 1123 3620 capite
1153 3549 1229 3618 ejue
1258 3558 1387 3606 eorem
1416 3545 1596 3605 stellarum
1630 3547 1809 3608 duodecim

160 3651 298 3714 Fluvius
326 3651 390 3712 iste
412 3649 448 3710 in
482 3649 625 3726 quatuor
653 3647 762 3725 capita
787 3646 955 3717 dividitur,
1013 3641 1127 3723 (Apcc.
1142 3657 1203 3710 111,
1220 3640 1265 3720 1),
1282 3641 1315 3702 et
1328 3640 1389 3701 alii
1400 3641 1496 3702 multi
1509 3640 1671 3713 doctores,
1681 3641 1718 3705 ut
1727 3642 1809 3704 Hie-

160 3750 238 3832 quia
264 3747 457 3827 praedicatio
488 3749 570 3810 lesu
600 3745 724 3806 Christi
746 3745 782 3806 in
817 3745 959 3821 quatuor
1013 3755 1181 3815 ronyrnuS,
1198 3737 1413 3814 Augustinus,
1426 3736 1620 3799 Ambrosius
1632 3739 1666 3800 et
1680 3741 1808 3815 Grego-

161 3847 339 3924 erangelia
348 3845 530 3910 derivatur.
542 3844 636 3906 Licet
644 3843 734 3904 enim
744 3841 839 3903 multi
852 3841 960 3916 scrip-
1011 3837 1139 3913 gorius.
1156 3836 1358 3898 haecomnia
1371 3835 1543 3912 designata
1557 3837 1634 3898 sunt
1648 3851 1707 3913 per
1721 3837 1808 3914 figu-

160 3946 267 4009 serint
289 3943 475 4021 evangelia,
502 3957 581 4004 nam
605 3942 642 4004 ut
667 3942 773 4002 Lucas
797 3938 955 4002 testatur:
1012 3951 1069 3996 ras
1094 3934 1229 3996 illorum
1258 3935 1400 4011 quatuor
1425 3933 1639 4007 animalium,
1668 3940 1807 4012 quorum

159 4044 263 4108 Multa·
276 4041 486 4104 cocottsunt
494 4042 660 4102 ordinare
672 4038 895 4100 narrationes
907 4052 959 4098 rc·
1014 4032 1182 4112 quodlibet
1208 4031 1389 4094 secundum
1415 4031 1578 4094 visionem
1613 4033 1806 4106 Ezechielis,

161 4157 245 4204 rum
256 4135 663 4216 queannonecompcecoe
672 4135 755 4198 sunt
770 4133 862 4215 (huc.
877 4150 901 4206 1,
912 4132 956 4212 l),
1014 4133 1155 4210 quatuor
1163 4131 1263 4192 hahet
1275 4129 1389 4202 iacies,
1400 4129 1556 4207 quoniam
1568 4143 1682 4191 omnes
1693 4130 1733 4192 de
1744 4132 1810 4192 sin·

161 4241 274 4300 tamen
288 4235 422 4299 nonnisi
436 4235 579 4314 quatuor
599 4233 732 4309 recepta
748 4232 826 4294 sunt
839 4230 881 4294 ab
893 4233 959 4294 Eo-
1013 4230 1100 4306 gulis
1113 4228 1226 4305 agunt,
1236 4227 1421 4304 prasertim
1435 4239 1510 4286 cum
1526 4241 1640 4287 omnes
1654 4227 1810 4303 agantde

162 4335 267 4401 clesia
280 4334 448 4406 videlicet,
474 4330 635 4402 Matthaei,
658 4329 774 4402 Marci,
796 4331 908 4402 hucae,
927 4329 960 4390 et
1014 4327 1157 4399 christo,
1168 4326 1221 4388 cui
1238 4325 1380 4402 quatuor
1389 4324 1458 4384 illae
1471 4323 1586 4400 figurae
1596 4325 1807 4388 conueniunt

160 4431 312 4498 loannis.
344 4429 436 4504 Quod
464 4429 578 4506 utique
607 4427 730 4490 lactum
756 4427 808 4488 est
829 4426 959 4488 ratione
1053 4424 1130 4486 Fuit
1154 4423 1244 4484 enirn
1269 4421 1368 4484 homo
1393 4421 1573 4494 nascendo,
1593 4421 1717 4485 vitulus
1737 4437 1810 4484 mo-

161 4529 352 4608 multiplici.
382 4528 494 4590 Primo
511 4526 552 4588 ad
567 4523 805 4588 ostendendam
819 4524 959 4586 duorum
1014 4521 1142 4594 mendo,
1163 4521 1216 4582 leo
1229 4519 1444 4596 resurgendo,
1464 4519 1576 4596 aquila
1588 4520 1807 4583 ascendendo.

161 4627 436 4692 testamentorum
461 4623 682 4686 concordiam.
709 4621 801 4684 Sicut
818 4620 958 4684 enimin
1014 4619 1058 4682 lli
1072 4620 1151 4682 aunt
1161 4618 1300 4690 Phison,
1318 4621 1421 4690 (lecu,
1437 4617 1545 4693 Tigris
1561 4617 1594 4680 et
1613 4618 1808 4694 Euphrates.

160 4727 270 4790 ueteri
279 4725 490 4788 Testamento
500 4737 586 4782 unus
597 4719 660 4782 luit
669 4719 752 4796 legis
766 4719 862 4791 lator,
871 4719 960 4780 vide·
1015 4717 1140 4780 Phison
1153 4715 1469 4793 interpretaturoris
1480 4715 1630 4788 mutatio,
1643 4731 1810 4793 perquem

162 4826 242 4888 licet
253 4825 397 4901 Moyses,
417 4821 451 4882 et
465 4820 607 4898 quatuor
616 4820 760 4894 majores
776 4815 957 4894 prophetae,
1015 4814 1223 4892 significatur
1237 4815 1396 4884 ioannes,
1414 4812 1470 4888 qui
1482 4813 1590 4875 mutat
1610 4828 1659 4884 os,
1681 4829 1755 4874 curn
1770 4813 1811 4874 de

161 4922 331 4992 videlicet,
355 4919 472 4991 Isaiae,
489 4917 663 4989 ieremias,
680 4913 834 4978 Ezechiel
847 4917 882 4979 et
893 4917 961 4977 Da·
1015 4912 1189 4976 divinitate
1201 4910 1243 4972 ad
1253 4907 1493 4974 humanitatem
1508 4909 1688 4980 descendit,
1702 4909 1755 4972 rel
1770 4910 1812 4972 de

162 5021 243 5094 niel,
257 5019 432 5084 duodecim
445 5019 555 5080 auten
566 5015 711 5076 minores
725 5013 906 5091 prophetae,
920 5027 959 5074 ac
1015 5007 1221 5072 humanitate
1229 5007 1271 5069 ad
1284 5007 1490 5070 divinitatem
1498 5007 1658 5069 ascendit.
1670 5009 1717 5069 De
1725 5007 1813 5070 divi-

163 5119 262 5184 multi
276 5118 336 5183 alii
348 5115 526 5194 sapientes,
544 5115 580 5175 ut
592 5111 792 5183 dohhavid,
804 5110 960 5174 Salomon
1015 5107 1118 5169 nitate
1127 5105 1175 5168 ait
1186 5109 1245 5166 :Ie
1249 5107 1423 5180 praecem
1433 5104 1510 5166 erat
1522 5106 1679 5175 Verrem,
1687 5105 1720 5166 et
1734 5107 1813 5166 Ver·

163 5221 200 5281 et
217 5221 327 5289 iesus,
344 5215 440 5278 itaet
459 5211 495 5273 in
514 5225 602 5273 novo
621 5209 831 5272 'testamento
852 5209 960 5270 teste-
1014 5204 1286 5278 uumeracapuu
1296 5205 1417 5272 heum,
1430 5201 1651 5262 eioeuserct
1666 5203 1813 5266 Verbum

164 5317 217 5376 tor
235 5312 299 5374 luit
318 5311 390 5389 ipse
412 5307 575 5370 Christus.
599 5302 694 5366 Unde
717 5303 958 5380 Hieronymus:
1017 5301 1164 5382 (loanr,
1182 5298 1227 5380 1).
1246 5298 1493 5376 consequenter
1507 5297 1549 5358 ad
1572 5297 1811 5362 humanitatem

165 5430 184 5472 a
199 5413 269 5473 Hoc
282 5409 394 5472 autern
407 5405 644 5469 testamentum
659 5401 746 5478 quod
760 5401 908 5464 testabor
919 5399 960 5462 ad
1017 5399 1186 5464 descendit
1202 5420 1210 5460 :
1232 5398 1279 5462 nt
1300 5399 1446 5460 Verbum
1459 5409 1543 5458 caro
1556 5397 1687 5471 sactum
1704 5398 1766 5470 cst,
1778 5399 1812 5462 et

165 5511 254 5592 illos,
277 5507 359 5575 dicit
382 5504 552 5568 Dominus.
580 5499 778 5574 tabularius
807 5513 873 5561 non
898 5497 959 5560 luit
1017 5496 1183 5561 habitavit
1203 5497 1241 5557 in
1255 5496 1352 5556 nohis
1374 5490 1483 5571 (lbid,
1502 5490 1566 5572 11).
1589 5495 1681 5557 Geon
1707 5492 1812 5558 inter-
