4234 6442
795 355 1025 414 EPISTOLAE.
1049 355 1127 414 LIB.
1153 356 1192 414 ΙΙ.

507 539 633 626 XXIX

196 697 248 756 Ad
260 696 426 754 decanum
441 693 474 753 ct
488 692 676 766 caprimum
688 694 937 753 parisiensem.

459 823 493 882 16
506 829 580 895 sept.
596 824 675 882 1117.

175 945 306 1013 [Gnarum.
320 947 387 1000 Cart.
399 947 429 998 de
441 947 535 1012 i’dglise
545 947 713 998 Nalm-bama
722 945 753 996 da
764 945 844 1005 Paris,
857 945 877 1006 1,
888 944 956 1010 tra]

170 1065 219 1122 Eis
243 1065 372 1138 indulget
398 1072 429 1121 ut
454 1065 483 1121 in
509 1065 598 1121 laicos
625 1079 710 1136 super
739 1062 969 1136 possessionibus

205 1153 334 1210 ecclesiae
347 1153 515 1210 bonisextra
526 1153 716 1210 parisiensem
729 1152 875 1210 dioeccsim
886 1167 967 1208 cons·

206 1243 296 1298 titntls
312 1242 443 1315 injuriam
461 1239 970 1314 131330310331303331301300ρί303

207 1331 242 1388 ad
269 1329 458 1388 exhibendam
486 1329 710 1387 satisfactionem
729 1345 834 1402 cogere
853 1343 967 1387 recusa·

206 1421 309 1490 verint,
327 1433 479 1476 censuram
494 1419 719 1477 ecclesiasticam
734 1425 896 1476 exerceant.

212 1547 886 1623 Honoriusepiscopus,servusservorunr
897 1545 968 1618 Dei,

171 1643 302 1706 dilectis
326 1643 405 1705 illlis
424 1641 550 1705 decano
570 1646 603 1704 et
624 1644 768 1720 capitulo
788 1643 970 1705 Parisiensi

172 1742 314 1803 salntem
330 1744 362 1803 et
372 1741 588 1818 apostolicam
601 1741 877 1803 benedictionem.

212 1840 319 1910 Quum
335 1839 437 1915 igitur
452 1854 495 1899 ex
510 1839 603 1915 parte
615 1839 726 1900 nestra
752 1838 847 1899 nobis
871 1838 971 1900 luerit

169 1936 345 1996 humililer
373 1936 605 2012 supplicatum,
632 1938 667 1997 ut
692 1951 793 2013 super
819 1952 859 1998 eo
884 1937 970 2013 quod

168 2048 273 2110 super
285 2033 549 2110 possessionibus
560 2033 678 2096 etaliis
691 2032 840 2094 ecclesiae
851 2034 971 2094 vestrae

168 2130 268 2191 bonis
283 2131 376 2192 extra
393 2130 617 2192 parisiensem
626 2129 796 2190 dioecesim
807 2130 972 2192 constitu-

168 2229 214 2289 tis
230 2224 519 2304 irequentesrobis
530 2227 662 2306 injuriae
673 2227 872 2300 inferuntur,
888 2227 972 2288 (1100-

106 2321 108 2325 ’
167 2325 303 2386 0333313
324 2326 471 2386 locorum
493 2325 534 2387 ad
550 2324 771 2386 exhibendam
786 2323 880 2384 vobis
896 2327 973 2402 jus-

166 2423 253 2484 tiam
263 2421 509 2497 negligentibus
518 2423 551 2484 et
561 2422 721 2494 remissis,
732 2420 972 2498 paternarobis

168 2519 350 2598 providere
385 2517 609 2580 sollicitudine
641 2517 871 2595 dignaremur3
911 2534 972 2580 nos

170 2617 386 2677 devotionem
395 2631 492 2693 quam
506 2615 546 2676 ad
562 2631 623 2677 nos
633 2617 665 2676 et
678 2614 795 2676 sedem
809 2615 973 2692 Apostoli-

166 2730 246 2774 cam
262 2712 385 2774 habere
402 2712 580 2774 noscimini
603 2713 780 2788 benignius
796 2711 973 2776 attenden-

166 2813 236 2883 tes,
254 2811 347 2872 nobis
366 2811 564 2872 auctoritate
583 2810 798 2888 praesentium
820 2811 973 2886 indulge-

166 2925 249 2972 mus
271 2909 358 2971 utin
378 2909 481 2970 laicos
499 2923 599 2985 snper
620 2907 788 2985 praedictis
812 2908 971 2984 injuriam

168 3005 369 3079 inserentes,
389 3007 417 3067 si
433 3021 547 3068 eoram
567 3005 714 3082 episcopi
736 3020 793 3066 eos
813 3005 853 3066 ad
869 3003 972 3067 exbi-

166 3103 315 3166 bendam
327 3103 420 3165 vobis
431 3103 690 3165 satisfactionem
700 3102 842 3164 debitam
853 3117 973 3178 cogere

169 3203 417 3273 recusaverint,
447 3201 535 3263 ultra
564 3217 711 3262 mensem
746 3201 919 3278 postquam
954 3215 973 3261 3

168 3297 794 3362 vobisluerintcnmhnmilitatedebita
806 3297 971 3376 requisiti,

169 3399 274 3459 liceat
290 3396 384 3458 robis
398 3411 574 3458 censuram
594 3395 866 3466 ecclesiasticam,
881 3411 972 3471 prae-

171 3495 278 3556 missa
299 3493 480 3555 monitione
498 3492 673 3566 canonica,
692 3507 862 3553 exercere.
881 3490 973 3552 Nulli

171 3607 255 3666 ergo
269 3590 451 3660 hominurn,
469 3590 530 3651 etc.

214 3689 333 3748 Datum
346 3686 463 3760 Alatri‚
479 3689 553 3748 XVI
568 3687 643 3750 Kal.
661 3685 791 3748 Octobr.
803 3683 974 3762 pontifica-

173 3785 228 3850 tus
240 3785 345 3849 nostri
358 3799 446 3846 anno
463 3785 619 3845 secundo.

521 3980 626 4066 XXX

237 4143 288 4204 Ad
303 4144 470 4204 decanum
485 4142 518 4202 ct
532 4141 720 4216 capitutum
735 4142 771 4201 S.
786 4143 915 4202 Hilarii

489 4239 669 4300 Pictaverr.

466 4353 684 4443 caeparum.

235 4495 346 4559 [1103331.
357 4494 402 4545 lib.
413 4495 445 4556 11,
457 4508 497 4558 ep.
508 4495 564 4544 6311.
578 4495 635 4544 llus.
647 4494 683 4543 Le
695 4493 768 4544 Porta
780 4493 815 4542 du
825 4493 920 4558 lircil]

177 4614 236 4668 Eos
256 4617 353 4668 monet
366 4610 401 4669 de
415 4610 520 4669 clerico
535 4613 566 4668 F.
588 4608 624 4666 ad
642 4608 825 4682 praebendam
845 4607 975 4666 canonici

485 4697 671 4757 admittendo.

220 4813 399 4885 Honorius,
412 4816 486 4887 310,
499 4813 624 4876 decano
637 4815 821 4892 etcapitulo
834 4816 867 4875 S.
877 4813 975 4875 Hila-

179 4910 223 4971 rii
239 4909 409 4972 Pictaren.

220 5005 367 5067 Dilectus
382 5007 471 5068 iilius
485 5011 522 5068 P.
539 5008 707 5070 Fuloberii
722 5009 864 5071 clericus
879 5022 977 5086 expo·

181 5105 248 5167 suit
259 5103 429 5166 humiliter
442 5119 553 5164 coram
563 5105 671 5173 nobis,
684 5105 769 5182 quod
783 5119 857 5166 cum
870 5104 977 5166 felicis

180 5200 349 5263 memoriae
359 5199 978 5278 1nnocentiuspapapraedecessornos-

181 5303 232 5361 ter
245 5298 338 5360 robis
350 5298 514 5360 direxerit
527 5313 587 5359 sua
605 5299 740 5375 scripta,
765 5298 802 5358 nt
816 5297 925 5374 ipsum
943 5299 977 5359 13

182 5396 322 5458 00010313
337 5397 449 5457 vestra
468 5395 661 5471 reciperetis
681 5395 716 5454 in
731 5395 927 5456 canonicum
946 5395 979 5457 et

183 5494 218 5553 in
231 5493 377 5556 tratrem.
393 5493 520 5556 Abbate
534 5492 729 5555 monasterii
738 5493 825 5564 nori,
838 5494 872 5553 et
881 5493 979 5554 colle·

185 5588 233 5664 313
248 5591 352 5667 ipsius
367 5591 431 5652 sibi
446 5591 622 5670 superbae
640 5589 860 5652 monitoribus
875 5590 980 5667 depu-

188 5687 271 5758 tatis,
288 5688 365 5751 licet
378 5691 423 5762 tu,
441 5689 488 5752 illi
502 5689 637 5758 decane,
650 5703 688 5750 ac
704 5690 811 5766 major
823 5687 979 5750 etsunior

1757 351 1817 412 502

1021 528 1098 589 pars
1107 512 1244 589 capituli
1258 513 1426 589 tamquam
1438 511 1636 574 obedientiae
1651 509 1818 570 111111333-

1022 610 1108 672 datis
1141 608 1342 687 Apostolicis
1382 623 1500 686 parere
1533 608 1680 670 nolentes
1708 605 1817 683 parati

1023 706 1152 769 fueritis
1173 708 1280 784 ipsum
1301 707 1460 782 recipere,
1478 705 1611 784 quidam
1625 707 1736 766 tamen
1752 718 1818 764 33-

1023 821 1114 866 mero
1133 806 1167 868 et
1180 804 1298 865 merito
1316 805 1503 882 pauciores,
1516 803 1594 880 qnia
1609 801 1740 863 facilius
1759 801 1818 861 in·

1025 902 1152 963 tardum
1171 901 1269 980 pauci
1293 901 1410 964 obesse
1431 902 1582 978 possunt,
1607 915 1705 977 quam
1725 897 1820 960 multi

1024 1000 1191 1076 prodesse,
1209 1000 1430 1077 receptionem
1446 998 1688 1076 impediverunt
1702 996 1819 1073 ipsius,

1023 1098 1107 1159 nibil
1125 1100 1237 1160 tamen
1257 1097 1456 1160 rationabile
1477 1097 1671 1174 objicientes
1699 1093 1818 1155 eidem.

1024 1197 1073 1257 Ne
1084 1195 1328 1271 igiturillorum
1337 1195 1463 1257 invidia
1471 1195 1613 1270 gratiam
1621 1191 1769 1255 retardet
1778 1192 1821 1251 is·

1024 1293 1431 1365 tius,discreti0nivestraa
1441 1308 1500 1370 per
1508 1291 1688 1369 apostolica
1698 1289 1822 1365 scripta

1024 1392 1248 1468 precipiendo
1270 1392 1465 1452 mandamus
1487 1390 1649 1468 qnatenus
1664 1386 1706 1448 ob
1721 1401 1821 1446 reve-

1025 1489 1166 1550 rentiam
1197 1488 1344 1550 dirinam
1371 1489 1404 1549 et
1434 1487 1581 1548 nostram
1609 1485 1821 1562 praelatum...

1024 1586 1194 1663 recipiatis
1213 1587 1248 1647 in
1268 1586 1478 1656 canonicum,
1498 1585 1532 1646 et
1550 1585 1585 1644 in
1607 1583 1754 1649 fratrem,
1776 1581 1823 1642 ita

1025 1684 1111 1761 quod
1138 1699 1217 1758 ergo
1242 1699 1304 1746 nos
1330 1681 1526 1745 obedientiae
1547 1697 1586 1742 ac
1610 1695 1690 1756 erga
1713 1679 1824 1756 ipsum

1026 1779 1171 1844 debitum
1193 1781 1374 1843 videamini
1402 1795 1521 1856 gerere
1546 1777 1696 1840 caritatis
1716 1776 1823 1837 affec·

1026 1881 1106 1950 tum,
1133 1881 1165 1940 et
1185 1895 1245 1940 303
1266 1879 1474 1940 devotionem
1493 1877 1637 1938 nestram
1658 1875 1823 1951 possimus

1027 1975 1145 2038 merito
1157 1976 1400 2038 commendare.
1415 1973 1571 2051 Alioquin
1583 1972 1704 2033 dilecto
1714 1971 1821 2030 illio...

1027 2071 1067 2132 de
1087 2071 1280 2143 Falemund,
1305 2069 1338 2132 et
1359 2070 1399 2132 de
1418 2070 1557 2132 Lacinio
1581 2067 1766 2138 abbatibus,
1793 2067 1826 2126 et

1027 2169 1130 2245 priori
1141 2167 1182 2230 de
1193 2169 1277 2230 Oion
1287 2169 1457 2230 Pictaven.
1469 2166 1621 2228 dioecesis
1632 2164 1754 2226 nostris
1765 2163 1827 2223 da·

1027 2282 1099 2326 mus
1123 2265 1243 2328 litteris
1266 2266 1301 2328 in
1326 2265 1506 2335 mandatis,
1530 2264 1568 2325 ut
1597 2263 1627 2323 si
1648 2261 1767 2339 majori
1792 2259 1825 2320 el

1027 2362 1154 2424 saniori
1167 2365 1260 2440 parte
1272 2363 1409 2440 capitoli
1422 2359 1518 2423 nobis
1528 2375 1628 2437 super
1636 2357 1825 2434 receptione

1027 2461 1133 2537 ipsius
1146 2461 1281 2522 obedire
1296 2463 1412 2537 parata
1428 2459 1532 2534 aliqui
1545 2457 1685 2518 forsitan
1700 2456 1826 2516 temere

1028 2557 1308 2629 contradixerint,
1336 2556 1413 2617 illos
1443 2554 1626 2616 monitione
1652 2553 1824 2629 praemissa

1028 2670 1087 2732 per
1115 2670 1290 2715 censuram
1315 2651 1576 2714 ecclesiasticam
1602 2648 1825 2726 appellatione

1029 2753 1155 2814 remota
1174 2751 1395 2828 compescant.
1412 2749 1531 2812 Datum
1545 2747 1652 2809 Alatri
1667 2749 1741 2808 XIV
1756 2747 1828 2806 Ka-

1029 2849 1144 2911 lendas
1161 2849 1305 2911 octobris
1320 2864 1407 2910 anno
1427 2845 1582 2908 secundo.

1068 2947 1264 3008 Ineumdem
1273 2941 1826 3020 modumscriptumestsnperlroc

1028 3043 1153 3106 eisdem
1165 3042 1276 3105 verbis
1291 3040 1516 3119 competenter
1532 3040 1678 3108 mutatis,
1692 3051 1799 3111 creone
1816 3053 1827 3096 .·

1028 3142 1146 3203 merito
1173 3139 1415 3202 commendare.
1447 3139 1608 3211 Quocirca
1633 3133 1828 3198 discretioni

1027 3241 1147 3302 vestrae
1166 3238 1430 3317 perApostolica
1455 3236 1578 3312 scripta
1602 3231 1825 3312 praecipiendo

1028 3335 1237 3407 mandamus,
1253 3337 1417 3412 quatenus
1432 3332 1529 3395 dictis
1543 3332 1669 3393 decano
1685 3330 1718 3392 et
1730 3328 1827 3406 capi-

1028 3433 1098 3495 tulo
1115 3433 1150 3492 in
1168 3431 1317 3494 mandati
1337 3431 1441 3492 nostri
1456 3427 1653 3490 executione
1666 3426 1830 3487 cessanti-

1028 3529 1101 3599 bus,
1111 3543 1171 3590 vos
1180 3528 1209 3588 si
1220 3527 1339 3604 majori
1348 3527 1380 3588 et
1391 3525 1518 3588 saniori
1527 3527 1830 3602 parte,etc.,usone

1029 3624 1257 3702 compescatis.
1282 3623 1374 3696 Quod
1394 3623 1423 3684 si
1439 3639 1505 3684 uon
1530 3637 1655 3693 omnes,
1671 3620 1747 3691 etc,
1764 3617 1828 3680 duo

1028 3725 1190 3796 vestrum,
1202 3723 1265 3784 etc.
1281 3721 1401 3784 Datum
1414 3723 1451 3782 ut
1464 3734 1577 3798 supra.

1366 3899 1493 3988 XXXl

1059 4057 1110 4117 Ad
1121 4053 1276 4115 abbatem
1287 4055 1328 4114 dc
1343 4055 1537 4122 Grandine„
1552 4049 1803 4110 xanctonensis

1344 4151 1511 4211 dtoecests.

1324 4269 1357 4327 19
1372 4275 1446 4341 sept.
1464 4267 1542 4325 1117.

1063 4388 1173 4452 [1103031.
1186 4386 1231 4437 lib.
1247 4386 1278 4444 11,
1292 4383 1433 4450 0313111118.
1447 4385 1506 4436 1133.
1520 4383 1555 4432 La
1567 4381 1640 4432 Porta
1655 4379 1689 4430 du
1705 4379 1797 4444 Tlreil.]

1066 4506 1102 4564 Ut
1116 4502 1273 4562 canonicus
1282 4499 1424 4574 regularis
1438 4499 1466 4558 s.
1483 4496 1637 4570 Augustini
1647 4494 1795 4554 benefieiis

1262 4592 1389 4665 privetur
1400 4583 1594 4648 secularibus.

1070 4709 1240 4772 Honorius
1253 4707 1382 4770 dilectis
1395 4706 1511 4768 filiis...
1530 4703 1643 4765 abbati
1658 4703 1698 4764 de
1718 4706 1829 4764 Gran-

1031 4807 1109 4870 dim.
1132 4807 1341 4868 Xanctonen.
1360 4803 1525 4875 dioecesis,
1542 4799 1830 4879 archipresbytero

1031 4905 1072 4965 de
1082 4903 1244 4982 Magazio,
1260 4902 1294 4964 et
1308 4901 1466 4977 magistro
1480 4897 1670 4960 scholarum
1684 4897 1832 4958 1133010-

1032 5016 1108 5062 303.

1071 5097 1120 5159 Ad
1147 5095 1352 5158 audientiam
1376 5095 1524 5155 nostram
1544 5094 1583 5152 A.
1606 5089 1826 5164 Burdegalen.

1033 5194 1193 5259 03303100
1207 5191 1417 5268 significante
1430 5189 1581 5267 pervenit
1592 5186 1677 5265 quod
1689 5203 1827 5265 quarm...

1032 5297 1178 5357 decanus
1204 5289 1424 5366 Burdegalen.
1451 5287 1495 5348 sit
1524 5286 1705 5348 canonicus
1731 5299 1832 5361 regu-

1032 5391 1126 5464 laris,
1156 5389 1255 5461 idem,
1284 5403 1383 5465 quam
1408 5383 1577 5463 professus
1607 5385 1657 5445 est
1680 5383 1829 5458 regulam

1033 5506 1100 5552 303
1116 5487 1311 5557 observans,
1328 5485 1363 5546 in
1383 5483 1527 5546 claustro
1543 5498 1609 5543 non
1619 5480 1742 5543 residet
1755 5495 1830 5541 curn

1033 5587 1211 5656 conventu,
1223 5583 1280 5645 sed
1296 5583 1361 5644 buc
1371 5581 1517 5658 illucque
1529 5579 1720 5641 discurrens
1735 5577 1830 5656 plura

1033 5683 1194 5747 berreiicia
1216 5681 1352 5753 obtinet,
1369 5680 1403 5741 in
1423 5677 1541 5741 salutis
1557 5678 1700 5755 propriae
1722 5675 1830 5738 detri-
