4214 6400
127 283 192 348 357
318 284 492 345 xxxi-
516 285 560 357 iri
583 285 713 346 FESTO
735 281 1043 348 CONFESSORUM
1067 287 1310 352 sunuohbii
1333 287 1604 354 PONTIFICUM.
1727 299 1788 360 338

124 443 307 528 justorum,
337 433 561 506 damnationis
587 447 620 506 et
645 441 839 521 ignominiae
866 445 936 508 ini·
990 449 1082 510 ciram
1101 451 1211 510 ῖαῖθῖῖε
1233 451 1551 523 acemanecestriae.
1578 453 1653 514 Non
1668 457 1788 530 quaerit

127 557 283 618 quorum,
313 541 500 604 dulcedinis
534 543 568 604 et
595 543 721 606 amoris
752 545 933 620 justorum.
987 545 1321 610 borninusanirnalia
1336 547 1394 610 iila
1410 563 1483 626 quae
1504 549 1729 614 offerebantur
1744 553 1785 616 ad
1839 589 1840 594 κ

130 641 500 702 Remunareturautem
516 641 648 718 justitia
662 642 773 718 operis
789 644 822 704 et
837 643 935 719 puri·
990 653 1068 702 aras
1082 643 1271 720 aliquando.
1297 645 1352 704 Nil
1371 646 1441 708 tale
1468 647 1601 711 offeras.
1621 650 1658 709 ln
1678 651 1711 712 te
1737 653 1788 713 est

128 738 184 798 tas
196 736 318 798 cordis.
990 740 1075 816 quod
1091 740 1211 802 reddas
1225 744 1259 803 et
1273 742 1406 804 offeras.
1428 747 1475 806 De
1499 745 1609 806 cordis
1630 761 1689 808 ara
1704 764 1786 824 pro-

173 831 301 896 Redeat
327 827 469 912 quisque
492 835 534 896 ed
559 835 798 898 conscientiam
824 853 929 898 suam.
989 835 1788 908 ferslaudisincensumheoellariobonaecons·

92 997 94 1000 ,
129 933 206 1006 Sed,
221 948 241 993 o
254 947 313 994 vos
326 932 529 1010 peccatores,
541 934 647 996 redite
657 933 698 995 ad
714 951 790 1010 oor;
804 937 934 1012 quaerat
988 935 1120 998 cientiae
1134 936 1264 1015 profers
1287 939 1364 1000 fidei
1383 939 1595 1002 sacrificium.
1620 943 1786 1022 Quidquid

130 1030 360 1108 unusquisque
376 1030 522 1093 latebras
542 1032 781 1106 cogitationum
797 1049 932 1094 suarum
986 1033 1138 1110 profers,
1162 1036 1308 1098 accende
1336 1037 1552 1112 charitatem,
1579 1056 1654 1102 arna
1682 1044 1786 1104 Deum

128 1130 165 1190 et
177 1129 298 1190 seriem
315 1127 478 1191 factorum
495 1145 642 1204 suorum,
666 1147 733 1192 non
748 1131 827 1209 quid
846 1132 933 1194 sitsi
987 1132 1091 1204 tuum,
1109 1149 1206 1195 nemo
1221 1134 1281 1196 tibi
1296 1134 1358 1196 hoc
1373 1136 1483 1212 eripit,
1495 1137 1574 1214 quia
1588 1139 1625 1200 tu
1635 1138 1718 1201 illud
1734 1156 1781 1212 es,

124 1229 199 1304 jam
209 1227 403 1304 aliquidest,
416 1227 472 1289 sed
483 1229 539 1306 qui
548 1226 929 1308 fueritutessetaliquid
987 1245 1085 1292 nemo
1099 1231 1219 1303 aufert,
1235 1233 1314 1310 quia
1327 1233 1419 1294 cordi
1433 1233 1600 1296 inclusum
1612 1237 1672 1298 est.

129 1327 165 1388 et
176 1325 323 1388 inveniet
337 1341 404 1388 non
421 1342 457 1387 se
471 1325 608 1402 dignum
621 1327 687 1389 nisi
701 1328 874 1405 supplicio.
893 1329 929 1390 Si
1026 1327 1076 1388 Ad
1089 1328 1178 1390 hunc
1200 1329 1333 1392 modurn
1348 1330 1466 1406 vigilat
1480 1332 1513 1394 et
1533 1333 1675 1408 vigilare
1689 1334 1786 1397 debet

128 1439 211 1498 ergo
237 1423 400 1500 supplicio
421 1423 541 1500 dignus
564 1424 657 1488 fuisti
680 1427 714 1488 et
738 1427 931 1488 misericors
988 1422 1098 1492 homo,
1127 1426 1273 1488 maxima
1302 1426 1491 1490 sacerdotes
1514 1430 1550 1491 et
1578 1430 1703 1504 clerici,
1729 1431 1786 1510 qui

127 1522 218 1582 Deus
230 1535 296 1581 non
307 1520 438 1598 punivit
445 1521 628 1598 peccatum,
641 1522 698 1584 sed
709 1523 846 1585 donavit
856 1539 931 1600 gra·
987 1522 1071 1582 alios
1085 1521 1145 1583 sub
1161 1539 1197 1584 se
1214 1523 1347 1587 habent.
1362 1527 1440 1597 Quae
1456 1525 1545 1588 enim
1560 1531 1668 1605 mador
1682 1530 1786 1590 mise·

128 1617 566 1694 tiemgratiatibidataest,
579 1621 929 1684 nonmercesreddita.
986 1619 1132 1680 mcordia
1154 1621 1211 1682 aut
1232 1621 1351 1698 pietas,
1364 1638 1467 1700 *quam
1483 1623 1613 1684 animes
1633 1626 1784 1688 morien-

129 1715 226 1777 Unde
243 1718 384 1778 vocatur
403 1717 523 1793 gratia,
536 1717 614 1795 quia
627 1718 732 1794 grath
745 1717 834 1781 data.
855 1721 930 1782 Non
986 1717 1069 1777 tium
1094 1715 1303 1780 subditorum
1336 1719 1530 1790 vivificare,
1561 1725 1712 1785 errantes
1742 1724 1784 1786 ad

127 1813 219 1874 enirn
232 1813 494 1890 praecedentibus
505 1815 633 1877 meritis
643 1815 753 1878 emisti
766 1817 853 1894 quod
867 1831 929 1878 ac·
985 1814 1075 1876 viam
1088 1816 1225 1892 justitiae
1239 1815 1409 1890 reducere,
1424 1817 1547 1881 fractos
1560 1821 1781 1894 consolidare,

129 1911 259 1988 cepisti,
285 1911 345 1974 sed
366 1925 427 1988 per
449 1911 629 1974 indebitam
655 1910 797 1990 gratiam
823 1913 930 1976 bonus
986 1913 1121 1974 moestos
1135 1914 1169 1976 et
1192 1930 1356 1991 pauperes
1381 1917 1566 1978 consolaril
1593 1919 1782 1980 Sacerdotis

129 2010 217 2071 Deus
227 2008 288 2071 tibi
298 2008 435 2070 donavit
448 2009 505 2086 qui
520 2009 606 2072 dona
619 2027 680 2072 sua
692 2011 770 2073 inte
784 2027 929 2074 corona·
985 2008 1133 2070 officium
1147 2011 1199 2073 θεῖ
1213 2012 1357 2076 hostiam
1370 2013 1492 2075 offerre
1507 2017 1586 2084 Deo,
1603 2015 1785 2077 secundum

128 2109 188 2170 sit.
203 2108 347 2168 Coronat
361 2107 452 2168 enim
474 2109 561 2169 Deus
576 2107 611 2168 in
624 2108 720 2170 nobis
733 2109 820 2172 dona
835 2111 931 2172 mise·
985 2105 1125 2168 verbum
1139 2109 1289 2184 Apostoli
1304 2108 1445 2171 dicentis
1462 2131 1469 2170 :
1487 2112 1606 2172 Omnis
1622 2112 1784 2186 poeettlesc

128 2204 285 2268 ricordiae
301 2221 382 2286 suae,
401 2204 430 2266 si
449 2203 611 2267 tamenin
629 2207 738 2282 gratia
755 2223 853 2284 quarn
873 2224 932 2270 ac·
985 2218 1032 2264 ecc
1044 2207 1238 2267 bombatbzcs
1248 2207 1447 2283 assumptus
1458 2208 1683 2270 constituitur
1696 2213 1731 2270 tn
1742 2213 1786 2272 tis

127 2303 299 2379 cepimus,
341 2303 598 2380 perseueranter
635 2303 929 2368 ambulaverimus.
985 2315 1061 2376 quae
1072 2303 1211 2364 suntad
1226 2305 1338 2366 Deum
1357 2305 1395 2366 ut
1414 2305 1539 2380 offerat
1558 2307 1733 2378 sacrificia
1751 2308 1786 2368 et
1824 2291 1828 2298 ’

127 2402 225 2462 Unde
245 2400 444 2476 Apostolus:
466 2401 590 2464 Gratia
606 2405 670 2464 Det
692 2406 730 2464 tat
744 2418 800 2466 nee
819 2419 930 2466 vacue
985 2399 1169 2462 obbzttonee
1181 2399 1299 2480 (liebr.
1316 2419 1347 2474 v,
1363 2401 1407 2482 1).
1433 2403 1621 2466 Sacerdotis
1637 2404 1783 2466 officium

126 2513 200 2560 non
217 2499 284 2573 ltctt
304 2495 333 2576 (I
356 2499 430 2560 Cor.
447 2515 502 2572 xv,
528 2497 590 2577 10).
609 2501 715 2561 Nemo
733 2501 824 2562 enim
848 2502 929 2564 mit·
985 2495 1036 2555 ast
1049 2497 1152 2557 Deum
1163 2497 1310 2574 quotidie
1324 2513 1385 2575 pro
1398 2499 1522 2576 populo
1531 2498 1594 2560 sibi
1605 2501 1782 2562 commisso

125 2597 204 2657 tens
217 2611 352 2657 manum
366 2594 408 2656 ad
422 2595 571 2668 aratrum
586 2598 620 2659 et
637 2597 820 2674 respiciens
838 2600 929 2660 retro
984 2606 1136 2664 exorere
1154 2595 1335 2656 secundum
1343 2595 1430 2672 ‹1110d
1452 2594 1599 2672 legitur:
1620 2600 1781 2660 ‹Exora-

127 2694 228 2770 aptus
251 2694 302 2754 est
326 2707 429 2768 regno
448 2693 519 2766 Dei,
545 2693 602 2756 sed
629 2695 687 2772 qui
706 2695 928 2772 posteriorum
985 2687 1033 2748 vit
1046 2688 1263 2763 altissimum,
1290 2691 1323 2753 et
1344 2690 1499 2754 inventus
1523 2693 1622 2754 estin
1644 2709 1781 2756 nurnero

128 2789 253 2852 oblitus
268 2789 303 2852 in
314 2791 480 2852 anteriora
494 2791 695 2866 seostendit,
712 2795 745 2854 et
757 2794 814 2872 qui
825 2795 929 2856 multa
984 2789 1219 2848 sanctorum.»
1240 2789 1429 2852 Sacerdotis
1452 2790 1599 2854 officium
1619 2793 1671 2854 est
1685 2791 1782 2869 judi-

129 2887 210 2950 fecit
224 2887 316 2950 nulla
330 2887 450 2951 fecisse
464 2888 528 2949 sibi
543 2888 706 2962 videatur,
723 2890 806 2953 etse
821 2891 928 2954 inuti-
984 2898 1062 2946 care
1073 2883 1161 2946 inter
1176 2885 1303 2964 lepram
1317 2887 1350 2949 et
1369 2887 1507 2964 lepram,
1522 2888 1555 2949 et
1574 2888 1662 2954 inter
1682 2905 1784 2951 sane

127 2985 196 3047 lem
212 2999 343 3048 seruum
358 2986 489 3063 reputet
501 2986 682 3048 secundum
693 2987 776 3050 illud
791 3005 832 3048 a«
848 2990 928 3050 cum
983 2980 1053 3042 tum
1067 2983 1101 3043 et
1114 2983 1334 3060 prophanum.
1353 2985 1445 3046 Unda
1461 2984 1585 3048 dictum
1605 2986 1656 3048 est
1669 2986 1783 3063 lepro-

126 3083 243 3145 omnia
275 3082 507 3145 benefeceritis
531 3083 643 3152 dicite,
670 3085 760 3146 servi
790 3086 928 3148 inutiles
985 3079 1054 3140 sis:
1077 3081 1130 3142 lte
1149 3083 1317 3144 ostendite
1339 3098 1401 3145 eos
1425 3085 1660 3148 sacerdotibus
1686 3084 1780 3164 (Luc.

128 3180 658 3259 sumusquoddebuimusfacare
673 3182 928 3246 accrescimus.»
983 3191 1067 3250 xvu,
1085 3176 1149 3258 14).
1174 3179 1362 3242 Sacerdotis
1378 3180 1525 3242 officium
1540 3183 1589 3244 est
1610 3182 1782 3244 discordes

128 3278 226 3360 (Luc.
246 3294 329 3352 xvu,
357 3278 423 3359 10.)
444 3280 518 3341 Non
544 3279 634 3341 enim
658 3283 736 3342 sunt
755 3281 928 3359 condignae
982 3274 1025 3336 ad
1040 3277 1252 3339 concordiam
1269 3279 1499 3347 reconciliare,
1516 3279 1674 3356 quoniam
1691 3281 1781 3342 dici-

127 3378 303 3456 passiones
324 3376 424 3454 huJ'us
445 3377 606 3454 temporis
627 3377 668 3439 ad
689 3378 834 3440 futuram
854 3381 930 3455 glo-
982 3373 1038 3434 tur
1060 3374 1146 3452 quod
1173 3375 1208 3436 in
1231 3378 1379 3452 tempore
1393 3376 1576 3438 iracundiae
1600 3377 1708 3438 factus
1731 3381 1783 3441 est

126 3475 226 3536 riam.
247 3475 351 3536 Nemo
370 3474 474 3549 igitur
497 3475 601 3552 jactet
616 3475 736 3538 merita
764 3493 842 3552 sua3
861 3493 929 3538 non
983 3471 1222 3544 reconciliatio,
1239 3473 1272 3534 et
1286 3473 1362 3534 ideo
1381 3472 1472 3535 dedit
1493 3474 1525 3534 ei
1544 3476 1704 3537 Dominus
1718 3474 1781 3536 be-

128 3571 344 3649 superciiium
361 3585 474 3632 sumas
495 3571 535 3633 de
553 3573 844 3649 perfectionem,
870 3575 927 3636 sed
983 3567 1205 3630 sedictionem
1225 3569 1372 3631 omniurn
1386 3569 1536 3646 gentium
1555 3571 1588 3632 et
1607 3570 1782 3635 beatifica-

126 3670 252 3746 quanto
275 3671 395 3744 major,
421 3669 515 3742 idest,
542 3670 721 3747 perfectior
746 3687 793 3745 es,
817 3671 930 3734 humi·
982 3665 1031 3726 uit
1049 3665 1143 3725 illurn
1167 3667 1203 3728 in
1217 3667 1337 3742 gloria.
1363 3669 1437 3728 tam
1461 3666 1664 3730 beatificavit
1686 3669 1782 3732 illum

126 3767 175 3827 lia
196 3767 229 3829 te
242 3767 278 3828 in
295 3767 465 3842 omnibus3
483 3767 654 3830 humilitas
673 3767 763 3830 enirn
784 3770 836 3831 est
850 3785 930 3847 per-
983 3762 1018 3823 in
1033 3763 1157 3836 anima,
1174 3764 1232 3825 sed
1248 3764 1282 3824 iu
1296 3763 1408 3826 futuro
1421 3763 1625 3830 beatificabit
1638 3767 1781 3830 illumin

127 3865 443 3926 fectiomsalumna.
983 3876 1134 3938 corpore.
1427 3855 1437 3878 ²

170 3962 264 4025 Unde
277 3963 319 4024 ad
333 3979 406 4024 eam
417 3979 478 4025 nos
490 3963 681 4040 specialiter
693 3962 848 4026 admonet
857 3967 927 4028 Do·
1024 3957 1136 4022 Sancti
1162 3974 1306 4038 namque
1331 3959 1497 4038 triplicem
1523 3959 1780 4038 glorificationis

127 4061 251 4132 miuus,
264 4060 377 4122 dicens
392 4083 399 4120 :
415 4063 544 4123 Discite
554 4077 577 4122 a
588 4065 731 4136 mapula
741 4063 837 4124 mitta
849 4079 929 4125 mem
983 4057 1102 4118 stolam
1117 4057 1295 4120 habebunt.
1309 4058 1423 4120 Prima
1438 4065 1489 4121 est
1501 4060 1713 4132 innocentiae,
1726 4077 1781 4122 se-

127 4160 164 4220 et
179 4162 317 4220 humilta
331 4162 433 4220 corde
448 4156 578 4238 (Matth.
601 4175 649 4232 xi,
670 4157 735 4238 29).
756 4161 797 4222 at
821 4161 925 4223 item:
982 4155 1088 4216 cunda
1100 4154 1230 4230 gratiae,
1246 4155 1346 4216 tertia
1367 4171 1447 4217 uero
1462 4155 1590 4232 gloriae.
1609 4159 1656 4218 De
1671 4158 1780 4234 prima

126 4259 374 4318 Humiticmtnt
389 4260 451 4318 stab
462 4257 597 4332 potenti
610 4273 717 4319 manta
731 4261 796 4320 Det
811 4256 841 4337 (l
854 4262 925 4322 Pet.
982 4251 1069 4314 dicet
1083 4252 1178 4330 pater
1193 4251 1235 4312 ad
1262 4267 1377 4313 servos
1401 4267 1479 4313 suos
1506 4273 1513 4312 ε
1531 4254 1604 4314 Cito
1620 4255 1780 4328 proferte

124 4369 160 4426 v,
175 4352 223 4433 o).
239 4355 332 4416 nanc
347 4353 487 4432 requirit
501 4370 520 4417 a
535 4355 568 4417 te
589 4357 677 4416 heus
691 4371 768 4416 cum
787 4355 926 4418 florinus
980 4351 1279 4424 stotamnrtmaoe
1295 4350 1329 4410 et
1345 4348 1476 4410 remeate
1497 4353 1592 4412 mam
1609 4350 1703 4430 (nuc.
1720 4367 1776 4424 xv,

125 4451 270 4513 aliarum
285 4452 455 4524 virtutum,
475 4451 563 4521 fidei,
585 4451 669 4529 spei,
690 4451 724 4514 et
738 4453 923 4520 charitatis.
980 4446 1046 4525 22)·
1059 4447 1120 4518 Qui
1134 4445 1389 4521 diciipfimamt
1400 4446 1777 4524 Significatsecundam;

125 4550 159 4612 et
180 4549 384 4626 hujusmodi.
408 4549 451 4611 Hi
466 4552 545 4612 sunt
559 4550 660 4612 fiores
680 4551 737 4628 qui
755 4567 924 4629 apparue-
980 4561 1058 4606 nam
1086 4543 1229 4621 primum
1249 4543 1372 4606 dicitur
1391 4545 1426 4607 in
1448 4547 1602 4623 respectu
1625 4547 1774 4608 secundi.

124 4649 205 4708 runt
219 4647 252 4708 in
264 4649 358 4710 terra
370 4647 496 4720 nostra,
508 4647 605 4721 idest,
626 4648 662 4710 in
682 4650 792 4712 mente
805 4649 925 4710 humili
981 4644 1028 4704 De
1040 4642 1140 4705 tertia
1154 4657 1234 4705 vero
1250 4643 1372 4719 legitur
1388 4664 1396 4704 ε
1412 4646 1554 4706 Amavit
1568 4660 1648 4706 eum
1661 4648 1779 4708 Donni-

124 4745 159 4816 et
173 4745 303 4806 devota.
320 4747 399 4806 Haec
414 4745 490 4807 sunt
503 4745 682 4807 medullata
691 4746 869 4820 sacrificia,
884 4746 924 4810 de
979 4756 1046 4802 tius
1064 4741 1098 4803 et
1112 4741 1252 4804 arctavit
1272 4757 1363 4814 eum,
1379 4743 1504 4804 stolam
1521 4746 1642 4820 aldrice
1665 4745 1777 4806 triduit

123 4841 246 4920 quibus
260 4841 429 4920 Propheta
443 4864 451 4902 ε
467 4859 485 4902 e
503 4843 683 4906 Medullata
697 4844 864 4907 sacrificia
879 4845 926 4907 of·
979 4853 1059 4900 eum
1074 4837 1189 4919 (tiocli.
1206 4854 1283 4907 xcv,
1299 4836 1344 4918 9).
1357 4841 1437 4901 iimo
1450 4841 1575 4918 triplex
1589 4841 1674 4902 stola
1688 4841 1779 4902 lava·

124 4939 232 5001 feram
246 4938 304 5000 tibi
319 4937 388 5018 (Ρε.
405 4940 456 5010 65,
480 4939 544 5020 15).
561 4943 640 5002 Haec
658 4943 737 5002 sunt
755 4944 923 5019 unguenta
978 4938 1033 4998 tur
1060 4937 1096 4998 in
1110 4936 1234 5014 triplici
1257 4933 1415 5010 iavacro,
1443 4938 1584 5010 scilicet,
1614 4938 1773 5011 fluminis,

125 5036 160 5098 in
186 5053 326 5114 quorum
354 5037 456 5098 odore
481 5053 604 5114 sponsa
625 5054 763 5100 currens
784 5039 924 5103 comita·
978 5035 1123 5096 flaminis
1147 5035 1180 5095 et
1210 5035 1394 5110 sauguinis,
1420 5051 1480 5096 seu
1505 5037 1618 5113 potius
1641 5035 1698 5096 ille
1724 5037 1777 5098 la-

124 5136 180 5195 tur
192 5149 361 5212 sponsum.
379 5133 474 5197 Unde
485 5134 558 5211 ipsa
570 5135 605 5196 in
621 5136 785 5198 canticis:
800 5142 924 5200 Curre·
977 5133 1076 5194 vatur
1090 5132 1146 5210 qui
1166 5131 1261 5194 stolis
1278 5133 1431 5194 induitur
1447 5133 1480 5194 in
1497 5133 1660 5210 sanguine
1675 5133 1773 5210 agni,

123 5247 203 5294 mue
237 5235 276 5292 ta
310 5235 452 5294 odorem
488 5233 745 5318 unquentorum
777 5251 923 5297 comeum
977 5231 1055 5310 quie
1080 5230 1188 5292 omnis
1212 5229 1424 5299 innocentia.
1450 5232 1558 5292 omnis
1584 5232 1711 5308 gratia,
1742 5232 1776 5293 at

125 5329 234 5410 (Cant.
244 5345 267 5400 1,
279 5326 325 5408 3).
338 5331 444 5392 Penes
460 5330 583 5406 teergo
596 5328 700 5391 habes
708 5324 798 5408 'quod
810 5333 924 5394 Domi·
977 5326 1085 5388 omnis
1108 5324 1217 5401 gloria
1245 5327 1296 5388 est
1322 5343 1345 5388 a
1380 5326 1535 5412 passione
1565 5327 1700 5390 Christi.
1736 5333 1775 5393 lit

124 5444 188 5489 nus
203 5426 308 5490 vulta
323 5429 357 5489 ta
372 5427 486 5489 offerri
502 5426 683 5488 secundum
698 5427 797 5490 illud:
810 5434 852 5490 fn
866 5447 922 5492 me
976 5425 1150 5503 notaquod
1165 5423 1216 5485 est
1228 5425 1365 5501 sanguis
1378 5425 1495 5502 culpae,
1506 5425 1642 5502 sanguis
1653 5443 1771 5503 poenae,

122 5527 217 5598 sunt,
233 5528 337 5597 Deus,
351 5529 431 5587 eota
445 5539 523 5599 quer
537 5527 692 5597 reddam,
707 5527 922 5590 laudationes
976 5524 1010 5584 et
1030 5523 1167 5600 sanguis
1192 5523 1310 5585 reniae.
1340 5525 1387 5586 De
1405 5524 1514 5601 primo
1542 5524 1706 5602 sangnine
1724 5527 1776 5588 le-

124 5625 185 5686 ttbi
197 5621 268 5702 (Ρε.
284 5619 412 5702 5512.)
427 5623 467 5684 Εῖ
481 5621 737 5684 alibibominus
751 5646 759 5685 :
775 5625 921 5699 Sacrifi-
975 5621 1084 5696 gitur:
1100 5624 1250 5697 Senecio
1263 5625 1471 5699 aanouinem
1483 5623 1597 5700 tetimt
1610 5622 1709 5702 (Osee
1723 5641 1769 5698 iv,
