4234 6408
142 255 197 318 121

141 417 198 478 tiis
219 417 308 492 suis;
330 417 462 478 domum
487 433 585 496 quam
618 418 747 482 habetis
773 421 807 480 in
838 423 935 499 Tyro,

142 531 218 576 cum
245 514 397 576 omnibus
431 515 642 592 pertinentiis
682 517 768 592 suis;
803 518 937 581 domum

142 629 241 690 quam
252 612 381 674 habetis
392 613 479 690 apud
490 615 676 686 cesaream,
693 632 767 676 cum
784 617 937 678 omnibus

142 710 351 788 pertinentiis
362 711 447 786 suis;
462 712 582 785 casale,
593 715 679 791 quod
695 714 935 792 diciturBeza13

142 810 282 882 curiam,
299 825 397 886 quam
416 810 546 872 habetis
570 811 745 888 1311113,
762 830 835 890 quae
850 814 938 875 dici·

141 909 198 968 131
222 910 254 968 S.
282 907 427 983 Georgii,
454 925 529 970 oum
551 909 703 970 omnibus
726 912 936 988 pertinentiis

142 1007 228 1080 suis;
246 1006 329 1066 1333
341 1006 450 1077 villas,
464 1023 546 1083 quas
560 1008 689 1069 habetis
711 1008 745 1068 in
766 1011 935 1082 Armenia,

140 1104 298 1165 videlicet
310 1103 525 1165 Combedefor
539 1106 572 1166 31
593 1108 722 1182 Heyon,
740 1123 815 1168 cum
830 1108 939 1168 omni·

141 1201 206 1260 bus
221 1201 431 1278 pertinentiis
457 1203 538 1262 suis.
566 1205 652 1264 Sane
676 1203 847 1265 novalium
859 1221 939 1266 ves-

139 1299 282 1371 trorum,
299 1317 372 1378 quae
394 1301 538 1378 propriis
560 1301 712 1362 manibus
726 1303 783 1363 aut
798 1304 939 1380 sumpti·

139 1397 204 1458 bus
222 1399 341 1470 colitis,
359 1397 429 1459 sive
452 1399 491 1460 de
516 1399 727 1460 nutrimentis
743 1400 937 1462 animalium

139 1491 329 1553 vestrorum
350 1491 462 1552 nullus
484 1493 612 1554 avobis
635 1494 780 1556 decimas
803 1495 937 1572 exigere

141 1589 203 1650 aut
224 1589 421 1667 extorquere
442 1591 633 1667 praesumat.
667 1593 819 1654 Chrisma
844 1610 935 1665 vere,

139 1687 254 1748 oleum
283 1690 449 1760 sanctum,
484 1691 753 1752 consecrationes
781 1691 937 1753 altarium

140 1801 204 1846 seu
238 1785 451 1847 basilicarum
480 1788 681 1861 vestrarum,
713 1789 937 1852 ordinationes

139 1883 341 1944 clericorum
360 1886 558 1957 vestrorum,
585 1886 641 1962 qui
665 1886 707 1947 ad
733 1903 846 1948 sacros
877 1903 936 1950 or-

138 1979 237 2040 dines
260 1979 385 2042 luerint
416 1983 642 2057 promovendi,
673 1983 705 2045 31
739 1984 806 2045 3113
830 1985 939 2046 33313-

139 2077 278 2138 31331133
302 2079 510 2140 sacramenta
525 2095 545 2140 3
562 2079 751 2141 dioecesano
770 2081 935 2160 episcopo,

141 2174 308 2251 siquidem
331 2176 514 2238 catholicus
529 2177 629 2239 luerit
641 2178 674 2240 et
685 2179 827 2253 gratiam
840 2181 938 2258 atque

141 2273 409 2335 communionem
428 2275 627 2351 apostolicae
653 2276 747 2336 Sedis
771 2277 936 2351 habuerit,

139 2369 237 2431 vobis
250 2371 354 2446 gratis
367 2372 399 2433 31
413 2372 485 2434 3133
503 2373 667 2450 pravitate
688 2374 937 2453 3111133113εοὶ-

139 2467 252 2545 pimus
264 2469 427 2530 exhiberi.
439 2471 649 2547 sepulturam
657 2472 819 2548 praeterea
832 2473 938 2551 ipsius

141 2565 209 2628 loci
235 2565 374 2628 liberam
407 2583 481 2628 esse
509 2568 736 2642 decernimus,
764 2570 938 2631 uteorum

140 2663 312 2726 devotioni
327 2665 360 2726 et
378 2667 537 2727 extremae
549 2666 723 2739 voluntati,
740 2667 796 2745 qui
817 2683 853 2728 se
868 2669 939 2728 illic

140 2763 278 2839 sepeliri
299 2763 567 2837 deliberaverint,
584 2765 651 2826 nisi
671 2764 784 2826 forsan
799 2781 938 2826 excom-

140 2860 304 2922 municati
316 2860 369 2922 vel
384 2862 552 2924 interdicti
568 2862 644 2935 sint,
659 2862 771 2923 nullus
787 2861 936 2935 obsistat,

141 2958 369 3020 salvatamen
391 2960 523 3036 13311113
548 2959 682 3022 illarum
708 2961 936 3033 ecclesiarum,

140 3055 296 3134 aquibus
318 3059 523 3118 mortuorum
549 3073 689 3134 corpora
711 3060 936 3120 assumuntur.

138 3154 188 3216 Ad
216 3154 290 3215 haeo
318 3154 560 3216 ordinationem
589 3155 710 3218 factam
738 3155 937 3218 1333313313

105 3277 107 3280 ·
140 3253 255 3313 vestra
263 3253 361 3328 juxta
376 3253 509 3314 modum
528 3254 791 3331 Templariorum
812 3255 849 3315 in
870 3255 940 3316 cle-

140 3349 223 3410 ricis
246 3351 279 3410 et
300 3348 461 3412 militibus
485 3352 518 3412 et
543 3351 618 3412 aliis
644 3351 814 3425 fratribus,
837 3353 871 3414 et
896 3353 937 3413 ad

141 3446 332 3524 exemplum
353 3448 654 3526 Hospitalariorum
674 3450 710 3510 in
734 3449 938 3527 pauperibus

141 3547 174 3607 et
188 3545 342 3617 infirmis,
357 3546 443 3608 siout
456 3547 592 3623 provide
602 3547 688 3610 13313
702 3549 798 3609 estet
811 3547 938 3610 avobis

140 3643 276 3719 1333113
305 3643 339 3704 31
360 3643 520 3704 hactenus
551 3643 737 3717 observata,
770 3645 938 3708 devotioni

138 3741 262 3802 vestrae
276 3741 475 3804 auctoritate
488 3742 677 3819 Apostolica
691 3741 936 3804 confirmamus.

140 3838 223 3898 Paci
248 3853 377 3916 quoque
404 3838 437 3901 et
465 3840 697 3917 tranquillitati
724 3839 845 3902 vestrae
872 3855 937 3916 pa-

138 3936 239 3996 terna
258 3935 294 3995 in
318 3937 487 4013 posterum
518 3936 740 3998 sollicitudine
763 3935 938 4013 providere

139 4033 291 4094 volentes
313 4034 510 4096 auctoritate
534 4033 724 4110 apostolica
756 4033 938 4096 districtius

140 4129 344 4204 inhibemus,
366 4148 408 4192 ne
432 4131 520 4192 13113
535 4131 707 4194 313333133
729 4131 846 4194 131333
860 4149 939 4194 ves-

139 4227 202 4289 trae
213 4227 301 4286 ullus
313 4228 465 4304 rapinam
476 4243 535 4289 seu
552 4227 674 4289 1311331
689 4228 810 4301 133313,
827 4229 937 4304 ignem

139 4339 322 4400 apponere,
330 4325 525 4400 sanguinem
537 4325 687 4398 fundere,
700 4325 867 4388 bominem
882 4326 936 4388 te-

139 4437 235 4482 mere
247 4437 367 4498 capere
387 4423 440 4484 vel
455 4424 655 4496 interficere,
669 4439 731 4485 seu
744 4424 936 4486 violentiam

138 4518 263 4580 audeat
297 4535 465 4581 exercere.
505 4522 671 4583 Praeterea
699 4521 871 4584 libertates
904 4522 937 4582 et

136 4615 367 4677 immunitates
407 4615 563 4694 hospitali
605 4620 716 4681 vestro
760 4635 936 4680 concessas

136 4715 232 4774 ratas
259 4712 431 4786 habemus,
456 4715 490 4776 et
517 4731 574 4775 eas
595 4715 715 4777 futuris
729 4716 936 4796 temporibus

134 4809 287 4871 illibatas
300 4825 436 4871 manere
452 4811 630 4872 sancimus.
643 4813 826 4891 Adjicimus
841 4815 937 4875 insu-

136 4923 211 4984 per,
235 4908 281 4980 31,
305 4908 579 4984 quemadmodum
603 4911 719 4970 domus
743 4914 856 4973 vestra
871 4912 936 4972 hu·

134 5007 240 5081 jusve
258 5005 379 5066 vestrae
406 5003 625 5066 institutionis
648 5008 681 5068 et
703 5008 831 5068 ordinis
860 5008 934 5070 fons

134 5103 173 5164 et
198 5101 292 5177 origo
318 5116 393 5163 esse
418 5102 613 5177 promeruit,
643 5103 689 5164 ita
715 5105 934 5167 nihilominus

134 5199 288 5261 omnium
303 5200 453 5262 locorum
474 5198 516 5260 31
540 5215 613 5260 3313
630 5203 864 5276 13111333111131
877 5220 936 5265 ca·

133 5298 197 5375 put
222 5299 255 5359 31
285 5297 444 5374 magistra
472 5297 508 5357 in
541 5299 735 5374 perpetuum
758 5299 932 5362 habeatur.

133 5395 356 5472 Praeoipimus
378 5395 491 5463 311331,
517 5395 563 5467 31,
584 5393 726 5456 obeunte
746 5397 790 5470 13,
814 5397 933 5460 1113313

133 5494 172 5553 13
196 5493 336 5554 Domino
355 5491 402 5554 fili
431 5491 602 5568 magister,
624 5491 678 5554 vel
698 5493 830 5554 tuorum
850 5511 933 5570 quo-

132 5590 219 5657 libet
245 5605 484 5659 successorum,
506 5589 617 5650 nullus
641 5590 788 5666 ejusdem
815 5591 935 5653 1311133Ι

773 261 1002 324 EPISTOLAE.
1026 265 1103 324 LIB.
1129 267 1152 325 1.

1732 279 1789 340 122

992 423 1150 486 fratribus
1175 427 1388 501 praeponatur
1412 429 1478 488 3131
1501 430 1658 494 1311113113
1676 435 1708 498 31
1733 451 1789 498 13-

992 521 1111 596 ligiosa
1144 537 1306 601 persona,
1346 529 1418 602 quae
1457 529 1577 590 vestrae
1615 531 1788 606 religionis

992 618 1140 680 habitum
1169 620 1212 682 311
1244 621 1409 699 11313333;
1446 641 1508 686 333
1539 625 1580 687 ab
1613 629 1690 690 aliis
1722 631 1788 692 nisi

992 715 1033 775 ab
1066 717 1218 778 omnibus
1247 719 1404 780 fratribus
1435 722 1572 785 insimul
1602 725 1654 786 vel
1687 744 1790 790 asa-

992 813 1079 874 niori
1101 830 1215 876 eorum
1240 819 1344 892 parte,
1371 818 1427 895 qui
1452 823 1693 898 praeponendus
1715 825 1790 887 fue-

992 911 1047 983 rit,
1073 911 1225 988 eligatur.
1247 917 1352 976 Porro
1372 915 1456 976 nulli
1480 919 1714 982 ecclesiasticae
1730 939 1788 984 se-

993 1009 1141 1071 cularive
1167 1027 1317 1088 personae
1344 1013 1527 1090 infringere
1552 1019 1607 1078 vel
1632 1020 1784 1082 minuere

992 1106 1091 1168 liceat
1104 1108 1320 1170 rationabiles
1335 1113 1590 1176 consuetudines
1612 1116 1653 1176 ad
1668 1120 1788 1180 vestrae

992 1203 1166 1279 religionis
1177 1207 1209 1267 et
1223 1206 1325 1268 oflicii
1346 1208 1575 1272 observantias
1594 1229 1614 1273 3
1628 1216 1788 1291 magistro

993 1303 1026 1362 et
1039 1300 1197 1363 fratribus
1213 1305 1431 1367 communiter
1452 1308 1633 1371 institutas.
1649 1313 1788 1374 Easdem

993 1414 1122 1476 quoque
1155 1401 1410 1463 consuetudines
1437 1421 1457 1464 a
1485 1405 1579 1466 vobis
1617 1408 1788 1487 aliquanto

992 1497 1139 1571 tempore
1154 1496 1345 1558 observatas
1364 1499 1396 1560 et
1411 1501 1533 1577 scripto
1549 1502 1706 1578 firmatas,
1724 1506 1789 1568 uisi

992 1593 1216 1669 amagistm,
1248 1597 1477 1658 consentiente
1512 1601 1623 1660 tamen
1662 1591 1787 1665 sanidri

992 1691 1086 1767 parte
1110 1691 1258 1768 capituli,
1282 1708 1349 1753 non
1377 1694 1477 1756 liceat
1492 1696 1672 1759 immutari.
1701 1703 1787 1762 Pro-

992 1787 1143 1848 hibemus
1164 1790 1324 1866 praeterea
1344 1793 1376 1852 et
1398 1793 1594 1856 omnimodis
1617 1797 1792 1859 interdici-

992 1901 1076 1958 mus,
1093 1901 1135 1947 ne
1158 1885 1227 1947 ulla
1248 1887 1474 1951 ecclesiastica
1497 1892 1700 1955 secularisve
1714 1912 1793 1972 131-

993 1998 1074 2042 3333
1099 1999 1118 2043 3
1142 1984 1301 2058 magistro
1325 1986 1358 2046 31
1383 1986 1541 2048 fratribus
1564 1991 1712 2066 ejusdem
1728 1992 1789 2053 do-

993 2095 1065 2140 mus
1094 2082 1230 2156 exigere
1266 2081 1413 2144 indebite
1442 2085 1564 2146 audeat
1598 2086 1786 2162 fidelitates,

993 2177 1141 2239 hominia
1154 2193 1214 2238 seu
1231 2179 1423 2256 juramenta
1444 2182 1498 2243 vel
1514 2182 1664 2260 reliquas
1689 2201 1788 2248 3333-

992 2275 1120 2348 1113133,
1150 2291 1223 2354 quae
1245 2292 1265 2337 a
1287 2277 1493 2340 secularibus
1521 2280 1785 2358 frequentantur.

994 2373 1029 2434 Si
1045 2373 1270 2450 quandovero
1294 2375 1367 2435 loca
1383 2375 1513 2438 deserta
1537 2376 1662 2441 1331131
1678 2381 1785 2442 311313

993 2469 1104 2530 133131
1127 2471 1183 2548 113
1206 2471 1380 2532 devotione
1405 2473 1536 2546 collata,
1570 2475 1671 2538 liceat
1693 2477 1788 2540 vobis

992 2565 1114 2628 ibidem
1127 2567 1292 2630 aedificare
1306 2569 1405 2630 villas
1418 2569 1450 2630 31
1467 2570 1626 2632 ecclesias
1640 2574 1673 2634 et
1692 2574 1790 2635 cimi-

992 2664 1076 2726 teria
1090 2665 1131 2724 ad
1145 2681 1226 2741 31113
1248 2665 1421 2727 hominum
1435 2666 1558 2729 ibidem
1580 2670 1786 2733 manentium

993 2759 1169 2830 fabricare,
1199 2760 1246 2822 ita
1278 2762 1401 2833 tamen,
1435 2763 1472 2825 ut
1502 2764 1538 2825 in
1572 2765 1697 2827 vicinia
1729 2768 1789 2830 illa

993 2857 1125 2919 abbatia
1159 2858 1213 2920 vel
1241 2858 1475 2935 religiosorum
1498 2861 1646 2923 virorum
1685 2865 1789 2926 colle-

993 2955 1083 3031 gium
1112 2971 1178 3016 non
1211 2957 1352 3030 existat,
1383 2957 1439 3035 qui
1474 2957 1516 3019 ob
1553 2959 1617 3022 boo
1652 2961 1791 3025 valeant

992 3052 1190 3130 perturbari.
1214 3056 1295 3115 Cum
1315 3055 1425 3116 autem
1446 3056 1545 3118 131131
1569 3057 1667 3120 331133
1690 3059 1790 3121 vobis

993 3150 1140 3228 quolibet
1162 3152 1253 3229 justo
1273 3151 1370 3214 titulo
1390 3153 1613 3228 conserentur,
1640 3155 1787 3220 faculta-

992 3249 1058 3310 tem
1073 3249 1106 3310 et
1120 3249 1289 3310 licentiam
1305 3249 1467 3324 habeatis,
1493 3251 1616 3314 ibidem
1637 3253 1679 3314 ad
1702 3270 1788 3332 opus

992 3345 1235 3408 transeuntium
1261 3347 1294 3408 et
1324 3363 1438 3408 331313
1472 3347 1619 3418 1331331,
1658 3351 1716 3427 qui
1751 3353 1824 3414 de‘

993 3458 1109 3503 mensa
1123 3445 1236 3504 vestra
1253 3443 1387 3515 fuerint,
1411 3445 1627 3506 construendi
1642 3447 1789 3510 oratoria

993 3539 1026 3602 et
1040 3539 1204 3602 cimiteria
1216 3539 1371 3611 13313311,
1397 3540 1470 3600 3133
1485 3542 1573 3618 jnris
1592 3543 1789 3620 praejudicio

993 3635 1106 3698 alieni.
1124 3638 1181 3698 Est
1198 3637 1287 3698 enim
1310 3637 1468 3699 indecens
1489 3638 1524 3700 31
1544 3639 1693 3716 periculo
1705 3657 1788 3718 pro-

992 3735 1120 3797 ximum
1135 3735 1334 3806 animarum,
1355 3735 1532 3812 religiosos
1556 3737 1792 3803 1311333333-

993 3833 1087 3894 sione
1109 3831 1269 3894 adeundae
1291 3832 1662 3898 3331331333331131331
1681 3839 1789 3901 turbis

994 3931 1027 3992 31
1040 3929 1217 3992 mulierum
1232 3930 1427 4009 frequentiae
1448 3933 1646 3996 immiscere.
1663 3938 1789 3998 Decer-

992 4029 1103 4090 minus
1118 4045 1209 4105 ergo,
1234 4031 1270 4091 31
1291 4030 1377 4091 33111
1392 4031 1527 4092 3133133
1549 4031 1720 4096 hominum
1741 4035 1790 4096 li-

993 4127 1066 4188 ceat
1079 4126 1254 4205 praefatum
1265 4126 1430 4204 hospitale
1442 4129 1569 4191 temere
1581 4131 1787 4206 perturbare,

992 4225 1050 4285 aut
1077 4227 1149 4301 ejus
1172 4224 1399 4301 possessiones
1428 4223 1561 4285 auferre
1584 4226 1637 4286 vel
1660 4227 1791 4290 ablatas

991 4321 1154 4394 retinere,
1184 4322 1335 4382 minuere
1363 4336 1423 4380 seu
1452 4320 1655 4398 quibuslibet
1679 4339 1790 4386 vexa·
1844 4333 1845 4336 ’

991 4417 1137 4479 tionibus
1164 4417 1321 4493 fatigare;
1348 4418 1405 4477 sed
1428 4417 1539 4479 omnia
1563 4418 1693 4496 integra
1709 4437 1792 4483 oon-

992 4517 1166 4577 serventur
1191 4530 1318 4587 eorum,
1353 4530 1413 4592 pro
1444 4531 1584 4594 quorum
1619 4517 1790 4594 guberna-

990 4614 1081 4675 tione
1125 4629 1164 4674 ac
1201 4613 1442 4674 sustentatione
1483 4629 1643 4676 concessa
1687 4617 1788 4692 3331,

992 4711 1106 4780 usibus
1134 4711 1332 4774 omnimodis
1359 4711 1545 4788 profutura,
1571 4712 1665 4776 salva
1692 4715 1789 4776 Sedis

990 4808 1187 4885 1133131333
1200 4807 1396 4870 33313111313
1409 4809 1441 4870 et
1447 4809 1626 4870 diaecesani
1641 4811 1788 4889 episcopi

991 4907 1151 4967 canonica
1166 4906 1308 4983 justitia.
1327 4905 1363 4966 Si
1386 4920 1451 4982 qua
1465 4905 1570 4980 igitur
1583 4905 1618 4966 13
1640 4907 1788 4970 13131313

990 5003 1215 5065 ecclesiastica
1232 5001 1434 5063 secularisve
1448 5017 1590 5077 persona
1608 5003 1790 5065 113113333-

990 5102 1050 5162 trae
1080 5100 1326 5161 constitutionis
1350 5097 1506 5174 paginam
1539 5099 1648 5160 sciens
1671 5102 1789 5163 333113
1839 5129 1842 5136 ⁴

990 5214 1064 5259 eam
1078 5197 1203 5258 temere
1216 5210 1338 5256 venere
1351 5193 1539 5266 tentaverit,
1555 5195 1700 5256 seeundo
1713 5197 1787 5258 ter-

988 5296 1078 5358 tiove
1105 5293 1315 5366 commonita,
1338 5290 1405 5352 nisi
1426 5291 1556 5352 reatum
1579 5307 1675 5352 33331
1699 5309 1785 5356 con-

988 5407 1072 5470 grua
1110 5390 1336 5453 satisfactione
1368 5389 1571 5461 correxerit,
1613 5389 1787 5466 potestatis

988 5489 1190 5565 honorisque
1203 5488 1255 5550 331
1272 5486 1386 5548 331331
1404 5485 1566 5562 dignitate
1579 5501 1738 5568 reamque
1750 5505 1788 5553 se

990 5587 1103 5648 divino
1123 5585 1250 5662 judicio
1270 5585 1413 5646 existere
1438 5583 1478 5644 de
1502 5586 1690 5661 perpetrata
1715 5588 1787 5650 ini-
