4162 6424
138 279 213 368 aaa*
473 354 475 360 .
766 304 994 368 erismae.
1018 304 1096 366 111.
1120 305 1160 365 11.
1722 303 1780 362 oar

139 467 209 529 61...
225 460 372 543 ejusdem
389 461 454 525 loci
465 463 534 525 et...
552 461 591 524 de
603 461 752 524 Exidolio
765 463 932 540 prioribus
987 462 1131 524 ramenti
1138 460 1407 538 transgressione
1420 459 1579 522 canonice
1595 458 1783 536 punientes.

139 563 347 628 Lemovicen.
362 560 527 623 dioecesis
748 621 752 626 ,
989 559 1167 637 Postquam
1182 559 1292 622 autem
1303 546 1413 636 ipsum
1423 555 1620 638 receperint,
1637 556 1783 633 eligendi

182 665 288 734 Quum
311 659 406 721 bonae
432 654 600 720 memoriae
615 655 828 719 Innocentius
848 672 933 734 papa
989 656 1202 734 praepositum
1213 657 1310 734 juxta
1326 655 1475 717 ecclesiae
1487 671 1556 715 suae
1571 653 1787 715 consuetudi-

139 757 573 835 praedecessornosterolim
582 753 804 816 suisdedisset
814 753 934 814 litteris
990 753 1228 820 nem-sublato
1255 752 1432 830 cuiuslibet
1451 751 1734 824 contradictionis,
1754 751 1788 813 et

140 856 176 915 in
189 853 354 915 mandatis
364 853 509 930 capitulo
520 852 632 913 Sancti
641 850 777 914 Juniani
788 850 936 911 11611111-
990 850 1222 929 appellationis
1244 849 1426 922 obstaculo,
1453 848 1643 911 concedatis
1662 847 1787 910 eisdem

141 967 213 1012 cen.
239 948 393 1014 dioecesis
427 950 464 1012 ut
488 949 644 1012 dilectum
670 948 775 1009 lilium
801 947 935 1010 Petrum
990 949 1130 1010 liberam
1152 947 1353 1020 facultatem,
1376 948 1531 1010 revocato
1553 947 1588 1007 in
1605 946 1737 1008 irritum
1759 945 1788 1006 si

138 1048 246 1109 Barbe
255 1047 411 1108 clericum
422 1047 457 1106 in
464 1046 658 1108 canonicum
666 1045 852 1122 reciperent
862 1044 936 1104 etin
991 1037 1079 1123 quid,
1093 1043 1265 1122 postquam
1281 1045 1417 1105 nuntius
1433 1044 1497 1105 iter
1509 1042 1652 1120 arripuit
1668 1043 1709 1106 ad
1726 1045 1787 1103 Se-

140 1144 289 1215 iratrem,
307 1143 426 1204 dilecto
437 1143 505 1203 illio
521 1145 557 1202 L.
572 1142 808 1203 archidiacono
825 1143 937 1202 Lemo-
991 1143 1065 1204 dem
1076 1140 1300 1221 Apostolicam
1314 1141 1485 1213 veniendi,
1505 1133 1605 1218 s'uper
1622 1140 1786 1218 praeposi-

140 1242 248 1303 vicen.
266 1240 383 1317 atejus
400 1240 536 1316 collegis
552 1239 659 1300 eidem
672 1238 793 1300 clerico
808 1253 935 1299 execu-
991 1241 1065 1302 turo
1085 1240 1120 1302 in
1142 1255 1257 1301 eorum
1272 1239 1502 1317 praeJudicium
1520 1237 1715 1299 inveneritis
1736 1238 1788 1299 at-

141 1337 270 1400 toribus
281 1335 455 1414 deputatis,
471 1337 571 1401 iidem
582 1335 821 1396 executoresin
831 1334 936 1411 ipsius
991 1337 1164 1400 tentatum.
1188 1338 1275 1397 Sane
1291 1352 1332 1396 ne
1351 1335 1425 1414 quis
1449 1334 1533 1398 16116
1555 1336 1711 1396 causetur
1730 1349 1787 1396 eos

142 1435 208 1496 loci
222 1435 400 1496 canonicos
418 1433 541 1495 dictum
557 1433 713 1494 clericum
725 1432 822 1509 Juxta
840 1446 937 1491 man·
987 1437 1044 1512 jus
1066 1433 1212 1509 eligendi
1236 1450 1297 1510 per
1323 1433 1491 1494 diversum
1518 1433 1676 1509 temporis
1703 1431 1789 1492 ami-

142 1532 255 1593 datum
265 1530 489 1608 apostolicum
499 1531 649 1608 recipere
660 1529 853 1590 recusantes
864 1527 938 1604 post
992 1531 1088 1603 sisse,
1115 1531 1268 1591 nolumus
1296 1531 1383 1609 quod
1402 1532 1531 1607 tempus
1555 1530 1684 1606 lapsum
1711 1530 1789 1590 ante

29 1654 33 1662 ·
143 1627 398 1706 appellationem
414 1627 455 1688 ad
468 1643 529 1689 nos
543 1626 585 1688 ab
600 1627 649 1688 eis
660 1625 818 1701 legitime,
833 1626 869 1686 ut
881 1625 936 1685 di·
993 1644 1184 1690 concessam
1202 1628 1265 1688 sibi
1285 1627 1430 1704 eligendi
1448 1627 1617 1689 licentiam
1637 1627 1685 1688 eis
1711 1643 1789 1688 cur-

142 1726 239 1799 citur,
255 1725 464 1802 interjectam
479 1723 844 1795 excommunicationis,
861 1721 938 1782 etin
992 1727 1055 1796 rat,
1073 1741 1148 1786 cum
1163 1726 1363 1799 constitutis,
1375 1739 1449 1802 quae
1459 1725 1499 1786 de
1514 1724 1704 1803 hujusmodi
1716 1723 1791 1800 lap-

140 1837 255 1883 eorum
271 1822 447 1884 ecclesiam
470 1820 637 1882 interdicti
657 1818 840 1881 sententias
859 1833 938 1893 pro-
993 1839 1033 1883 su
1060 1823 1219 1900 temporis
1247 1823 1409 1900 loquitur,
1440 1823 1556 1883 contra
1577 1821 1789 1898 negligentiae

140 1919 298 1980 tulerunt.
323 1921 427 1980 Porro
449 1918 554 1995 ipsius
580 1917 644 1980 loci
669 1915 857 1993 praeposito,
881 1915 937 1991 qui
992 1919 1111 1980 vitium
1122 1917 1222 1980 116111
1235 1919 1453 1996 promulgata,
1465 1921 1498 1980 61
1509 1917 1610 1979 iidici
1626 1918 1792 1992 nequeant

140 2032 207 2076 una
224 2031 300 2076 cum
316 2031 430 2076 eorum
459 2015 576 2075 nuntio
591 2012 847 2090 appellationem
871 2012 938 2071 111-
994 2015 1210 2093 negligentes
1226 2033 1325 2092 quum
1337 2031 1404 2076 non
1418 2016 1552 2092 possent
1567 2013 1691 2090 eligere
1703 2029 1792 2090 prae-

134 2113 284 2190 iusmodi
310 2111 446 2182 11106181,
472 2111 703 2181 11111886111111,
729 2109 935 2185 prosecutus,
994 2113 1109 2174 sertim
1125 2129 1224 2190 quum
1249 2128 1293 2172 ex
1320 2112 1400 2173 dicti
1426 2093 1790 2172 cardinalis'maudato

140 2209 311 2271 subtractO
326 2207 458 2269 interim
475 2207 515 2268 ah
529 2207 687 2278 1111011106,
701 2219 801 2282 super
816 2203 939 2266 conflr-
994 2210 1155 2282 nostram,
1169 2209 1221 2271 vel
1240 2212 1311 2286 ejus
1321 2209 1514 2270 tenerentur
1529 2207 1699 2269 licentiam
1709 2223 1790 2284 pos-

141 2307 289 2368 matione
305 2305 538 2383 praedictarum
558 2301 799 2365 sententiarum
818 2301 938 2362 litteris
993 2307 1113 2368 tulare.
1136 2307 1272 2378 Quodsi
1288 2322 1353 2367 non
1376 2321 1501 2374 omnes,
1524 2306 1600 2377 etc,
1622 2305 1686 2365 duo
1709 2321 1789 2364 ves-

137 2407 210 2480 jam
226 2417 246 2463 a
261 2401 356 2462 nobis
371 2400 513 2462 obtentis
529 2415 587 2476 per
602 2399 759 2460 clericum
775 2413 941 2460 memora·
993 2406 1094 2475 trum,
1122 2405 1185 2465 etc.
1211 2405 1330 2465 Datum
1359 2404 1515 2465 Laterani
1540 2401 1656 2479 quarto
1686 2417 1791 2462 nonas

20 2495 22 2499 ’
141 2502 224 2572 tum,
238 2497 377 2560 dilectus
386 2497 475 2558 iilius
486 2498 641 2558 nosterB.
652 2495 740 2557 tituli
749 2495 939 2556 sanctorum
995 2500 1107 2561 martii
1123 2515 1211 2561 anno
1225 2501 1380 2561 secundo.

142 2595 309 2659 iohannis
344 2595 378 2657 ot
409 2594 505 2655 Pauli
537 2591 711 2670 presbyter
748 2590 939 2659 cardinalis,

145 2691 344 2771 Apostolicae
358 2690 601 2767 Sedislegatus
613 2689 645 2750 et
659 2689 818 2764 magister
827 2689 863 2748 L.
876 2689 941 2748 Le-
1335 2667 1454 2753 CLIV

144 2785 843 2864 movlcen.archidiaconus,expartelegati
856 2788 942 2862 ejus·
1039 2811 1091 2871 Ad
1109 2809 1337 2885 proepositum
1351 2809 1385 2870 εἰ
1400 2811 1438 2869 G·
1457 2808 1491 2870 et
1507 2811 1547 2870 R·
1566 2809 1748 2870 canonicos

144 2888 231 2959 dem,
252 2903 313 2965 per
324 2887 453 2948 litteras
468 2899 546 2945 suas
561 2882 777 2945 inhibuerunt
796 2881 940 2959 capitulo
1295 2909 1492 2966 Remum

142 2985 224 3045 dicti
240 2983 359 3044 locine
376 2982 500 3059 absque
514 2983 628 3042 nostro
642 2979 695 3042 vel
712 2982 784 3057 ejus
801 2994 941 3040 assensu

143 3081 360 3158 procederent
372 3080 413 3140 ad
424 3079 618 3142 electionem
630 3075 798 3154 praepositi
814 3073 942 3136 iacien—
1171 3143 1176 3154 ,
1287 3027 1399 3153 ΨΜ·
1418 3028 1496 3085 ¹²¹⁸·
1726 3141 1730 3152 ¹

142 3177 230 3238 dam·
247 3180 355 3249 Quare
367 3176 454 3237 idem
467 3175 646 3253 capitulum
663 3175 699 3234 P·
717 3173 757 3232 de
770 3172 942 3233 Montecu.
1027 3145 1147 3208 [liegest.,
1160 3143 1204 3194 ub.
1221 3143 1252 3200 ll,
1266 3142 1606 3207 spectatissimorum
1621 3141 1654 3192 du
1670 3141 1763 3204 111611]

143 3274 209 3336 culi
218 3274 415 3336 canonicum
423 3289 519 3334 suum
530 3269 941 3346 adnostrampraesentiam
996 3258 1146 3316 constituit
1164 3255 1340 3328 1111111110
1364 3255 1411 3310 1116
1431 3254 1490 3326 jam
1510 3261 1679 3323 contestata,
1695 3255 1724 3310 111
1740 3269 1795 3326 (1111

142 3370 320 3432 destinavit
339 3385 399 3445 pro
414 3367 633 3438 absolutione,
654 3381 695 3426 30
714 3381 857 3426 assensu
879 3364 942 3424 911.
1029 3344 1117 3444 judex
1143 3357 1217 3400 uuus
1238 3349 1366 3399 mortuus
1380 3349 1409 3398 61
1431 3341 1504 3398 alius
1517 3340 1721 3413 impedimento
1742 3341 1793 3398 de·

144 3468 244 3543 gandi
262 3465 476 3544 praepositum
491 3463 709 3541 postulandis
722 3461 939 3532 concessaei,
1031 3439 1148 3490 ‘mem

147 3564 234 3626 sicut
258 3578 317 3639 per
340 3577 455 3622 eorum
479 3559 659 3638 apparebat
680 3558 821 3630 litteras,
835 3557 940 3619 libera
1037 3546 1206 3611 Honorius
1222 3545 1352 3608 dilectis
1367 3545 1457 3615 liliis,
1470 3546 1546 3616 etc,
1565 3545 1743 3622 praeposito
1763 3546 1795 3608 61

147 3660 320 3737 potestate,
339 3659 374 3720 ut
386 3674 501 3719 eorum
515 3657 588 3718 vice
603 3655 810 3731 singulorum
824 3656 944 3716 61611-
998 3645 1157 3723 magistro
1180 3646 1217 3704 G.
1238 3646 1337 3703 Gom.
1352 3643 1384 3704 et
1399 3644 1438 3704 R.
1455 3640 1495 3702 de
1512 3641 1672 3703 Lauduno
1690 3658 1793 3703 cano-

146 3757 238 3818 nium
249 3755 473 3834 inpraesentia
484 3756 596 3815 ndstra
607 3752 770 3829 reciperet
784 3751 942 3812 clericum
999 3743 1083 3805 nicis
1102 3744 1237 3803 Romen.

145 3854 359 3926 antedictum,
373 3852 471 3930 quod,
487 3850 564 3912 licet
579 3865 690 3912 coram
706 3849 853 3926 praelatis
868 3863 944 3909 6116-
1038 3834 1454 3900 PraesentatanobisGorn.
1464 3837 1794 3922 Suessionenarchi

146 3949 328 4021 cutoribus,
351 3949 475 4010 luerint
489 3947 670 4024 adimplere
685 3946 805 4024 parati,
820 3945 942 4021 nequi·
997 3935 1129 3998 diaconi
1142 3935 1255 4012 petitio
1272 3934 1471 4006 continebat,
1490 3934 1576 4012 quod
1592 3950 1693 4012 quum
1708 3935 1797 3995 inter

145 4048 267 4109 verunt
277 4049 387 4108 tamen
401 4042 441 4106 ab
453 4045 502 4105 eis
512 4043 730 4105 absolutionis
745 4041 942 4103 beneficium
998 4033 1162 4112 quondam
1177 4037 1214 4095 R.
1232 4033 1509 4108 praedecessorem
1533 4048 1628 4092 suum
1645 4047 1687 4092 ex
1701 4033 1795 4109 parte

146 4140 307 4203 obtinere.
325 4143 448 4202 Verum
468 4137 605 4216 praelato
626 4140 661 4198 P.
683 4137 822 4200 fecimus
841 4135 944 4197 bene-
999 4147 1064 4192 una
1079 4131 1112 4192 61
1131 4129 1313 4205 capitulum
1337 4129 1450 4189 Sancti
1471 4128 1562 4188 Petri
1582 4129 1794 4189 suessionen.

147 4239 258 4299 ilcium
286 4236 504 4298 absolutionis
530 4235 688 4313 impendi,
714 4236 748 4296 61
770 4232 942 4314 prelatum
998 4244 1042 4288 ex
1057 4228 1173 4296 altera,
1202 4239 1302 4300 super
1322 4223 1556 4301 jurisdictione
1582 4240 1681 4300 quam
1710 4225 1797 4285 idem

147 4336 304 4397 clericum
318 4333 421 4410 recipi
436 4333 477 4394 ab
495 4332 621 4394 eodem.
640 4333 708 4392 Nos
723 4332 825 4407 igitur
844 4330 943 4392 linem
998 4323 1254 4386 archidiaconus
1284 4337 1319 4382 se
1340 4321 1375 4382 in
1390 4321 1478 4382 dicta
1503 4321 1645 4382 ecclesia
1667 4322 1797 4382 ratione

147 4432 296 4510 praedicti
304 4430 418 4492 clerici
426 4427 751 4491 laboribusvolentes
760 4429 941 4506 imponere,
998 4420 1299 4490 archidiaconatus,
1315 4416 1666 4496 proponebathabere,
1688 4435 1798 4495 quaes-

146 4547 186 4592 ac
196 4527 407 4590 indemnitati
417 4527 567 4588 ecclesiae
578 4541 679 4602 super
690 4525 852 4588 electione
862 4540 945 4602 prae·
998 4519 1045 4580 tio
1059 4519 1255 4585 verteretur,
1269 4516 1403 4578 11111611
1418 4515 1458 4576 de
1473 4515 1634 4577 bonorum
1648 4515 1797 4577 virorum

150 4627 248 4705 positi
280 4640 488 4702 praecavere,
517 4621 711 4684 discretioni
737 4622 857 4683 vestrae
884 4636 944 4697 per
999 4616 1150 4686 consilia,
1166 4614 1372 4676 Bernardum
1383 4613 1621 4674 cancellarium
1633 4613 1795 4674 Parisien.

147 4722 336 4799 Apostolica
363 4719 486 4796 scripta
511 4719 707 4780 mandamus
736 4720 943 4796 quatenusa
998 4718 1031 4776 61
1065 4713 1241 4788 magistros
1271 4709 1403 4772 Radull.
1437 4713 1572 4772 Reman.
1604 4712 1636 4772 61
1663 4711 1798 4772 Petrum

148 4819 287 4896 singulis
307 4819 348 4879 de
369 4817 515 4893 capitulo
535 4817 608 4893 ipso
628 4815 739 4877 standi
758 4831 858 4892 super
880 4814 944 4875 boc
998 4813 1124 4872 Briton.
1141 4809 1282 4872 clericos
1298 4823 1398 4884 super
1424 4807 1487 4868 hoc
1513 4807 1657 4868 arbitros
1681 4807 1796 4883 elege-

148 4915 303 4978 mandato
317 4915 431 4976 nostro
446 4912 581 4989 recepta'
592 4912 759 4990 juratoria
774 4912 942 4983 cautione,
998 4911 1088 4980 runt,
1109 4907 1281 4984 quiquam
1306 4906 1459 4981 suscepto
1487 4903 1625 4966 arbitrio
1652 4904 1735 4965 adeo
1762 4902 1797 4964 in

147 5013 315 5075 interdicti
333 5010 532 5072 sententiam
542 5009 744 5081 relaxantes,
757 5009 840 5086 ipsis
851 5008 945 5070 abac·
998 5004 1157 5083 predicto
1175 5001 1309 5077 negotio
1334 4999 1583 5078 processissent,
1605 5000 1691 5078 quod
1715 5017 1797 5076 pro-

148 5110 285 5172 lutionis
296 5107 492 5170 beneficium
503 5105 713 5183 impendatis,
726 5106 945 5182 etpraecipia·
999 5103 1106 5163 ductis
1128 5099 1277 5170 testibus,
1296 5098 1328 5159 et
1345 5096 1606 5174 depositionibus
1621 5096 1797 5173 publicatis

146 5211 190 5271 tis
203 5207 327 5269 eisdem
347 5203 526 5266 subdebile
542 5203 682 5280 praestiti
693 5202 887 5279 juramenti,
909 5201 945 5262 ut
1000 5215 1126 5270 eorum,
1160 5195 1368 5272 receptisque
1404 5193 1659 5269 allegationibus
1699 5196 1796 5256 utro-

148 5307 220 5367 6116
235 5319 336 5365 morae
351 5300 523 5378 dispendio
538 5299 573 5360 in
593 5298 729 5360 fratrem
753 5299 785 5360 et
805 5299 945 5360 canoni·
999 5311 1148 5372 rumque,
1164 5294 1247 5355 actis
1262 5291 1415 5354 omnibus
1430 5291 1573 5352 redactis
1596 5291 1631 5352 in
1651 5292 1795 5368 scriptis,

149 5419 222 5466 cum
242 5401 405 5477 recipiant
420 5396 577 5458 clericum
598 5395 812 5463 antedictum,
828 5411 896 5467 eos,
915 5395 945 5455 si
1000 5397 1033 5455 et
1047 5392 1232 5468 sigillorum
1256 5405 1391 5451 suorum
1407 5389 1625 5468 impressione
1642 5389 1795 5464 signatis,

149 5501 212 5560 hoc
233 5499 343 5560 iacere
360 5495 565 5566 recusarent,
591 5493 753 5556 eteorum
769 5493 944 5554 ecclesiam
1000 5490 1174 5552 arbitrium
1189 5487 1338 5566 prolerre
1357 5486 1524 5557 deberent,
1542 5487 1665 5549 eisdem
1681 5487 1795 5548 111111-

149 5599 184 5658 in
200 5597 359 5674 pristinas
374 5593 571 5656 reducentes
584 5590 779 5664 sententiae,
798 5591 882 5652 etde
894 5588 945 5666 ju·
1000 5586 1181 5650 ferentibus
1207 5601 1267 5663 pro
1289 5600 1358 5647 suae
1378 5582 1472 5646 libito
1496 5583 1686 5658 voluntatis,
1710 5601 1796 5646 unus

223 5809 250 5847 Q
