4234 6408
896 367 1071 431 HONORll
1094 369 1139 432 111
1161 367 1310 432 OPERA.

598 531 769 620 CCXVII

363 786 414 843 Ad
428 786 723 860 archiepiscopum
747 787 945 850 rorotanum
963 789 998 850 61

509 883 749 960 comagenem
762 887 848 956 ejece.

463 1059 471 1076 ·
565 1047 597 1104 l3
618 1045 687 1104 lebr.
715 1049 793 1104 1117.

284 1161 356 1224 [eoo.
377 1163 422 1213 lat.
445 1161 516 1220 3931,
536 1177 561 1227 p.
582 1161 710 1213 161166.
731 1161 906 1227 bibliotheque
927 1159 1078 1224 nationale]

282 1398 399 1458 Mandat
423 1408 453 1459 ut
480 1402 594 1459 solvant
620 1401 792 1476 vigesimam
820 1401 1079 1460 ecclesiasticorum

318 1497 507 1562 proventuum
526 1493 673 1564 prolerre
692 1492 794 1549 Sancta
812 1490 892 1565 juxta
912 1491 1020 1551 litteras
1038 1489 1081 1546 eis

318 1577 401 1637 datos
417 1577 452 1638 ab
467 1581 633 1637 Innocentio
645 1582 686 1638 lll
706 1579 917 1654 praedecessore
932 1593 994 1636 suo.

323 1805 403 1865 Cum
439 1803 546 1867 felicis
584 1807 825 1870 recordationis
869 1809 1080 1871 Innocentius

283 1903 614 1978 papa,praerlocessor
626 1905 854 1977 noster,nobis
870 1905 991 1966 dudum
1012 1904 1080 1965 suis

285 1997 412 2060 dederit
426 1998 547 2062 litteris
562 2001 596 2062 in
611 2003 831 2078 praeceptione
847 2019 906 2079 pro
922 2002 1082 2064 vicesima

285 2095 587 2158 ecclesiasticorum
623 2101 862 2176 proventuum,
891 2115 996 2177 usque
1040 2100 1080 2160 ad

284 2191 465 2254 triennium
489 2194 618 2271 integre
642 2197 677 2257 in
692 2199 803 2260 Terrae
821 2198 951 2260 Sanctae
973 2197 1084 2260 subsi-

286 2289 377 2350 dium
388 2291 600 2366 conserenda,
612 2295 732 2356 vestris
748 2296 780 2356 et
795 2294 999 2356 subditorum
1013 2311 1084 2357 ves·

284 2387 412 2449 trorum
439 2389 621 2452 redditibus
647 2391 838 2466 diligentius
868 2391 1079 2468 computatis,

286 2485 393 2562 parati
422 2486 540 2548 essetis
575 2503 679 2564 usquo
710 2489 751 2549 ad
780 2489 901 2554 testum
934 2490 1083 2551 omnium

287 2583 482 2644 Sanctorum
496 2584 647 2660 proxime
657 2587 728 2663 jam
742 2587 947 2652 transactum
956 2587 996 2647 de
1007 2602 1084 2648 ves-

284 2680 346 2740 tris
359 2681 460 2742 certis
475 2681 658 2744 redditibus
673 2683 798 2745 certam
811 2700 974 2744 summam
989 2667 1084 2760 vige-

286 2778 379 2839 simae
404 2779 614 2855 proventurae
640 2779 681 2841 de
711 2781 793 2858 ipsis
820 2781 946 2843 nuntiis
979 2781 1085 2843 dilec-

286 2876 395 2936 torum
407 2876 551 2936 liliorum
563 2878 714 2952 magistri
726 2878 935 2940 dominorum
950 2879 1081 2940 Mililiae

286 2973 413 3048 Templi
428 2975 461 3034 61
482 2973 603 3048 prioris
623 2973 797 3050 hospitalis
814 2975 1084 3052 ierosolymitani

287 3067 323 3128 in
349 3068 508 3130 'l'oletana
536 3070 708 3146 provincia
742 3073 1016 3144 constitutorum,
1045 3089 1083 3134 ac

288 3167 435 3227 cantoris
459 3169 492 3230 et
515 3169 743 3231 archidiaconi
776 3171 936 3232 zamoren
963 3169 1083 3252 quibus

287 3262 351 3324 lroc
374 3263 462 3324 idam
488 3265 714 3340 praedecessor
732 3267 944 3330 commiserat
967 3269 1084 3331 decla-

287 3375 375 3432 rare,
399 3361 537 3437 aoipsis
557 3363 721 3439 usquead
742 3363 810 3424 kal.
831 3365 912 3426 Maii
934 3366 1084 3442 proxime

287 3460 461 3534 sequentes
477 3459 550 3520 sine
566 3459 759 3522 1111110111116
775 3477 814 3523 16
829 3462 989 3524 dilatione
1002 3479 1086 3540 qua·

286 3555 378 3627 libet,
395 3558 461 3618 tam
476 3557 517 3618 de
536 3557 618 3634 ipsis
635 3559 735 3621 certis
756 3560 971 3636 proventibus
986 3577 1085 3638 quam

287 3653 387 3714 etiam
416 3653 457 3715 de
481 3656 619 3716 incertis
651 3657 845 3718 vicesimam
878 3658 1085 3733 integraliter

288 3750 458 3821 exllibere,
484 3756 658 3814 monentes
687 3755 864 3830 diligenter
887 3757 1085 3819 auctoritate

287 3849 477 3924 apostolica
490 3851 523 3910 61
537 3849 717 3914 efficaciter
731 3851 925 3914 inducentes
936 3853 1082 3926 abbates,

288 3944 433 4020 capitula
455 3945 488 4006 et
511 3945 666 4018 decanos,
683 3963 812 4008 necnon
836 3951 869 4011 61
887 3951 922 4009 11
944 3951 1084 4026 singulis

287 4041 408 4102 vestris
434 4043 570 4119 synodis
603 4044 812 4106 sacerdotum
835 4047 868 4108 et
893 4047 978 4107 alios
1004 4049 1083 4109 uni-

287 4154 403 4200 versos
418 4140 454 4201 in
469 4141 590 4202 vestris
611 4141 812 4204 dioecesibus
828 4145 1034 4218 constitutor,
1050 4146 1085 4208 ut

287 4237 322 4297 in
337 4237 455 4299 diebus
476 4253 577 4315 super
596 4239 658 4300 boc
682 4240 913 4302 ordinandisa
934 4241 1084 4311 vobis,in

287 4335 428 4412 singulis
444 4335 637 4399 civitatibus
649 4338 760 4399 essent
774 4339 882 4415 parati
893 4340 1084 4415 proedictam

287 4433 634 4506 summumvicesimae,
646 4435 891 4511 pertriennium
901 4438 1082 4510 annuatim,

286 4530 413 4590 nuntiis
437 4531 614 4591 antedictis
634 4532 785 4608 plenarie
812 4533 941 4595 solvere
965 4551 1086 4596 secun-

286 4626 364 4686 dum
379 4627 540 4687 terminos
553 4629 760 4700 constitutos,
775 4629 924 4691 dolentes
935 4647 1000 4692 non
1014 4648 1086 4708 166-

1871 363 1932 426 268

1132 533 1167 594 11
1180 532 1243 592 boc
1256 530 1297 592 ad
1313 525 1532 592 obediendum
1544 525 1678 602 paratos
1689 523 1846 597 existere,
1863 525 1934 603 qui·

1133 629 1207 691 dam
1229 631 1340 691 tamen
1358 626 1504 688 vestrum
1524 640 1560 684 se
1580 639 1640 700 161
1658 623 1850 700 hujusmodi
1876 624 1935 686 lit·

1132 731 1221 790 teras
1237 744 1303 787 non
1322 723 1442 786 debere
1459 721 1543 800 cogi,
1568 738 1630 782 nec
1643 737 1740 798 posse
1755 720 1796 781 ad
1811 720 1934 782 vicesi-

1133 841 1220 886 mam
1231 823 1380 900 pecuniae
1389 821 1580 882 memoratae
1592 818 1937 881 solvendamllrmiter

1133 921 1336 984 asserebant.
1360 919 1428 981 Alii
1456 917 1621 986 dicebant,
1642 916 1727 994 quod
1750 931 1823 978 earn
1845 933 1934 993 pree-

1134 1021 1220 1082 111616
1236 1019 1332 1079 modo
1347 1017 1488 1079 libenter
1503 1016 1686 1087 solverent,
1709 1014 1767 1076 sed
1790 1015 1931 1077 clericos

1134 1119 1169 1178 in
1182 1118 1251 1177 suis
1264 1113 1462 1177 dioecesibus
1471 1112 1668 1176 constitutos
1684 1127 1722 1172 eo
1745 1112 1842 1174 modo
1863 1128 1929 1174 non

1134 1213 1370 1292 compellerent
1391 1211 1433 1272 ad
1464 1209 1668 1282 solvendam,
1693 1209 1771 1287 quia
1795 1224 1870 1272 cum
1894 1209 1931 1270 in

1134 1312 1303 1389 rescriptis
1340 1327 1404 1371 non
1440 1307 1628 1371 continetur
1658 1307 1816 1384 expedire
1844 1309 1931 1385 quod

1135 1409 1169 1470 in
1187 1410 1328 1487 pecnnia
1348 1407 1514 1470 solverent
1532 1407 1716 1478 numerata,
1729 1421 1786 1467 eos
1804 1405 1845 1468 ad
1868 1405 1932 1468 hoc

1135 1522 1255 1583 cogere
1267 1523 1332 1568 non
1349 1505 1503 1583 poterant
1517 1520 1577 1566 nec
1588 1503 1769 1578 debebant,
1780 1503 1838 1565 sed
1849 1503 1934 1566 dice·

1135 1604 1214 1666 bont
1238 1604 1324 1682 quod
1346 1603 1540 1665 collectores
1557 1601 1783 1663 discurrerent
1805 1615 1865 1678 161
1881 1601 1934 1662 al-

1136 1703 1228 1776 deas,
1243 1702 1275 1763 et
1291 1701 1412 1763 ibidem
1425 1702 1493 1763 tam
1508 1700 1549 1762 de
1564 1701 1634 1760 suis
1650 1714 1750 1777 quam
1762 1699 1802 1760 de
1818 1698 1934 1760 subdi-

1135 1801 1243 1861 torum
1259 1799 1495 1870 redditibus,in
1507 1797 1628 1869 1111106,
1647 1796 1791 1873 siligine,
1807 1795 1932 1858 hordeo

1137 1900 1171 1960 et
1184 1899 1262 1961 vino
1276 1899 1308 1960 et
1320 1897 1397 1958 aliis
1412 1896 1573 1958 fructibus
1588 1896 1621 1958 et
1636 1895 1771 1956 decimis
1791 1895 1823 1956 et
1837 1892 1933 1956 obla-

1135 1997 1283 2060 tionibus
1296 1995 1508 2072 quotidianis,
1526 1993 1716 2055 vicesimam
1730 1991 1933 2053 6161111111-

1135 2095 1211 2156 rent
1236 2093 1377 2154 fideliter
1402 2091 1565 2153 exhiberi.
1581 2091 1671 2152 Talis
1700 2077 1831 2167 quidem
1863 2089 1935 2150 col-

1136 2191 1233 2252 lectio
1252 2190 1414 2268 dispersio
1432 2189 1541 2266 potius
1549 2186 1734 2260 videbatur,
1756 2202 1830 2247 cum
1852 2185 1934 2264 ipsis

1137 2288 1369 2352 collectoribus
1391 2287 1432 2348 ad
1457 2301 1622 2363 expensas
1646 2285 1854 2346 necessarias
1875 2284 1933 2345 vix

1137 2385 1328 2448 sullicoront
1351 2384 1547 2460 colligenda,
1569 2383 1756 2444 cumcuim
1772 2381 1930 2443 toletana

1138 2484 1308 2562 provincia
1328 2497 1387 2559 161
1409 2482 1473 2542 duo
1499 2481 1542 2543 sit
1560 2496 1663 2556 regna
1683 2481 1781 2557 longe
1800 2479 1930 2556 lateque

1138 2581 1270 2652 dillusa,
1285 2596 1327 2642 ne
1347 2580 1411 2640 duo
1434 2579 1549 2640 clerici
1567 2579 1600 2640 et
1621 2579 1686 2638 duo
1708 2577 1841 2648 iratres,
1854 2591 1934 2638 1616

1137 2677 1497 2756 etiamquinquaginta,
1514 2677 1571 2738 vix
1586 2675 1627 2736 ad
1643 2675 1866 2752 colligendam
1877 2673 1934 2736 vi·

1138 2777 1295 2838 cesimam
1312 2776 1418 2853 ipsam
1441 2774 1632 2835 sufficerent
1652 2789 1711 2851 161
1733 2773 1846 2833 aldeas
1864 2772 1936 2832 sin-

1138 2871 1234 2948 gulas
1251 2870 1482 2945 discurrendo3
1500 2886 1574 2931 cum
1591 2869 1692 2944 igitur
1704 2868 1834 2944 tempus
1858 2867 1934 2929 ins-

1138 2971 1184 3032 tet
1197 2968 1305 3047 quoad
1320 2984 1356 3029 66
1371 2967 1554 3045 periculum
1567 2967 1670 3029 trahit
1682 2981 1786 3038 mora,
1795 2965 1865 3042 pati
1879 2979 1936 3026 no-

1139 3069 1244 3130 lentes
1271 3083 1331 3144 per
1355 3066 1585 3128 executionem
1614 3065 1741 3141 negotii
1768 3064 1934 3143 aliquibus

1140 3165 1389 3244 exceptionibus
1412 3164 1552 3227 ulterius
1577 3164 1752 3237 retardari,
1775 3163 1935 3241 adquam

1138 3266 1216 3328 totis
1231 3263 1404 3325 affectibus
1420 3263 1609 3324 medulliter
1630 3261 1790 3339 aspirant,
1815 3261 1936 3324 irater-

1139 3363 1234 3425 nitali
1247 3363 1367 3424 vestrae
1386 3363 1420 3423 in
1436 3361 1557 3424 virtute
1573 3361 1769 3423 obedientiae
1787 3359 1935 3422 districte

1139 3461 1362 3539 praecipiendo
1381 3459 1587 3531 mandamus
1604 3461 1765 3536 quatenus
1784 3457 1936 3534 praedicti

1139 3558 1397 3638 praedecessoris
1423 3557 1551 3619 litteras
1572 3556 1828 3633 interpretantes
1853 3569 1935 3616 sanc

1139 3659 1172 3719 et
1184 3657 1328 3735 simplici
1338 3655 1519 3728 intellectu,
1529 3654 1625 3732 jnxta
1639 3653 1936 3731 ipsamlitterarum

1139 3757 1299 3826 tenorem,
1315 3753 1435 3816 vestris
1464 3754 1496 3814 et
1524 3752 1730 3813 subditorum
1753 3750 1935 3812 redditibus

1139 3851 1332 3928 diligentius
1359 3849 1568 3928 0611111116,
1599 3848 1635 3909 11
1662 3848 1802 3910 termino
1836 3863 1935 3925 quern

1139 3951 1219 4012 dicti
1237 3951 1396 4025 magister
1411 3949 1502 4026 prior
1526 3948 1560 4010 et
1580 3946 1698 4008 cantor
1714 3946 1747 4007 et
1767 3945 1936 4006 archidia-

1139 4062 1244 4108 conus
1266 4046 1361 4107 nobis
1381 4045 1538 4107 duxerint
1553 4044 1773 4116 statuendum,
1787 4043 1935 4121 ipsorum

1140 4144 1265 4206 nuntiis
1277 4143 1425 4205 intribus
1441 4143 1523 4204 locis
1539 4142 1722 4204 statuendis
1735 4139 1776 4202 ab
1787 4142 1934 4218 ipsorum

1139 4241 1314 4302 occasione
1339 4256 1381 4302 16
1407 4241 1567 4302 dilatione
1592 4237 1818 4310 cessantibus,
1845 4238 1936 4299 vice-

1140 4339 1257 4400 simam
1272 4337 1447 4400 611661116
1467 4335 1727 4399 atsubditorum
1748 4337 1934 4397 vestrorum

1138 4435 1321 4498 redditibus
1336 4435 1489 4497 omnihus
1502 4434 1659 4512 usquead
1671 4433 1850 4496 triennium
1861 4448 1936 4509 pro·

1139 4535 1313 4597 venturam
1324 4533 1358 4594 in
1379 4531 1708 4611 pecunianumerata
1727 4528 1935 4605 integraliter

1140 4631 1370 4708 assignasset
1385 4630 1517 4696 faciatis
1533 4627 1574 4692 ab
1582 4629 1712 4695 'eisdem
1726 4627 1866 4692 subditis
1879 4641 1936 4688 as-

287 4739 401 4782 sumus
416 4737 483 4783 non
504 4723 635 4796 mirari,
651 4725 737 4801 quod
753 4725 859 4786 hostis
875 4727 1011 4789 humani
1026 4744 1086 4805 ge-
1140 4729 1278 4806 signari,
1300 4729 1345 4790 ita
1370 4727 1525 4790 videlicet
1546 4728 1581 4788 ut
1605 4725 1712 4788 omnis
1731 4723 1936 4800 malignandi

288 4821 388 4892 neris,
407 4821 463 4898 qui
482 4819 580 4882 honis
600 4821 752 4883 insidiari
773 4823 928 4901 operibus
946 4841 1011 4887 non
1027 4827 1086 4888 do-
1140 4827 1271 4888 occasio
1287 4826 1491 4902 amputetur;
1509 4823 1595 4902 quod
1608 4839 1669 4886 166
1683 4823 1716 4885 61
1733 4821 1799 4901 ipsi
1813 4819 1936 4884 subditi

286 4919 384 4991 sistit,
399 4919 599 4996 promotioni
615 4919 716 4998 hujus
726 4922 884 4984 salutaris
898 4925 1022 5001 negotii
1037 4926 1085 4986 sio
1139 4925 1332 4987 vicesimam
1346 4923 1455 5001 ipsam
1468 4921 1592 4998 colligi,
1608 4924 1641 4984 et
1653 4921 1688 4982 in
1701 4920 1858 4997 expensis
1871 4919 1940 4979 sin«

286 5034 356 5080 suae
369 5017 590 5094 malignitatis
603 5017 809 5081 obstaculum
826 5021 934 5098 potuit
954 5039 1086 5100 praepa·
1139 5022 1292 5098 gulerum
1314 5019 1532 5082 ecclesiarum
1554 5018 1684 5080 faciatis
1697 5017 1739 5078 ad
1754 5017 1827 5079 loca
1843 5031 1935 5094 111-

283 5131 373 5185 1116,
389 5117 476 5193 quod
495 5115 712 5192 quorumdam
732 5120 878 5180 vestrum
893 5121 969 5182 vota
985 5135 1085 5196 super
1140 5119 1227 5181 dicta
1242 5118 1376 5180 deterri.
1401 5118 1451 5177 Ne
1475 5119 1585 5179 autem
1610 5115 1674 5176 boc
1692 5130 1816 5190 urgens
1834 5128 1937 5190 nego-

286 5215 484 5276 executicne
500 5213 607 5290 ipsius
628 5216 753 5291 nogotii
770 5215 876 5278 divisa
894 5219 971 5278 sunt
988 5219 1085 5294 prout
1138 5217 1221 5278 tium
1243 5215 1283 5276 de
1307 5215 1418 5276 061616
1436 5212 1550 5276 111611
1571 5212 1817 5290 quomodolibet
1830 5211 1937 5288 impe-

285 5313 479 5389 accopimus
499 5312 534 5372 in
545 5311 688 5384 diversa,
706 5313 825 5390 quibus
845 5329 946 5391 super
965 5314 1038 5387 hoc,
1055 5315 1084 5375 si
1139 5313 1214 5382 diri,
1223 5312 1380 5374 noveritis
1392 5327 1452 5373 nos
1468 5309 1634 5388 praedictis
1648 5309 1818 5385 magistro,
1832 5308 1937 5386 priori

284 5411 397 5472 datum
422 5411 511 5472 esset
535 5411 644 5482 aDeo,
660 5426 718 5472 061
733 5427 835 5471 unum
851 5413 883 5472 61
896 5413 1007 5473 anime
1022 5413 1083 5474 de·
1139 5411 1171 5474 et
1186 5411 1314 5474 cantori
1328 5411 1361 5473 61
1378 5407 1615 5470 archidiacono
1630 5407 1842 5485 praecepisse,
1861 5407 1895 5468 ut
1906 5405 1936 5465 si

286 5508 379 5568 beret
400 5523 473 5568 esse
494 5523 571 5567 una.
597 5509 682 5569 Nam
705 5507 790 5569 sicut
804 5509 911 5570 dictus
927 5511 1085 5585 magister
1138 5507 1239 5587 (quod
1254 5523 1320 5569 non
1345 5505 1526 5586 credimus)
1557 5505 1748 5582 supradicta
1773 5504 1936 5580 neglexe-

286 5605 379 5683 prior
394 5607 427 5665 ot
442 5607 604 5666 01116161
618 5604 874 5667 archidiaconus
898 5605 994 5667 nobis
1013 5608 1083 5669 suis
1138 5606 1212 5668 ritis
1227 5605 1420 5682 adimplere,
1438 5603 1503 5681 ipsi
1519 5619 1577 5665 vos
1590 5605 1623 5664 61
1644 5601 1791 5664 subditos
1806 5600 1937 5664 vestros

287 5701 407 5766 littoris
420 5701 626 5774 intimarunt,
640 5702 719 5764 licet
728 5701 882 5763 diceretis
898 5719 1012 5766 omnes
1025 5722 1083 5769 vos
1138 5703 1179 5766 ad
1203 5721 1242 5765 ea
1266 5702 1394 5764 sublato
1415 5701 1593 5780 cuiuslibet
1611 5697 1885 5763 contradictionis
1903 5699 1938 5761 et
