4234 6408
287 283 345 344 231

288 442 453 513 homines,
483 440 517 502 61
544 437 780 500 conscientiam
806 435 974 497 maculant
998 433 1084 512 apud

289 543 404 602 Deum.
422 542 508 600 Sane
524 537 610 597 inter
624 535 726 596 multa
742 534 858 610 gravia
871 534 953 594 dete
969 549 988 593 a
1004 532 1085 592 mal-

289 638 332 699 tis
342 637 457 699 nostro
466 632 666 712 apostolatui
680 633 839 702 reserata,
853 646 927 708 quae
940 630 1085 691 scribere

290 735 396 812 pudor
411 733 508 800 esset,
525 747 568 792 ex
581 731 674 808 parte
690 729 810 790 nobilis
827 729 975 788 mulieris
990 729 1087 788 Blan-

291 833 362 893 chae
382 830 561 892 comitissae
586 827 774 904 Campaniae
800 826 863 887 luit
882 825 1086 902 propositum

291 943 403 992 coram
419 927 525 999 nobis,
542 926 628 1004 quod
648 923 781 1002 quidam
803 924 967 985 mercator
990 924 1087 983 Atre-

291 1028 401 1089 baten.
427 1025 513 1103 apud
535 1023 716 1084 Pravinum
735 1022 770 1082 in
790 1021 947 1081 nundinis
963 1021 1087 1081 consti-

290 1127 392 1196 tutae,
418 1125 454 1185 ut
473 1121 594 1184 dicitur
617 1120 703 1181 inira
725 1119 966 1180 immunitatem
986 1118 1086 1179 cimi-

289 1223 378 1296 terii,
396 1238 454 1282 seu
470 1220 621 1281 ecclesiae
636 1219 749 1279 Sancti
766 1217 896 1294 aygulfi
910 1217 974 1277 loci
1002 1218 1087 1293 ejus·

291 1321 376 1392 dem,
413 1317 592 1393 instigante
627 1317 764 1376 humani
793 1315 926 1390 generis
951 1313 1087 1374 inimico

291 1416 465 1496 quemdam
480 1431 577 1476 suum
596 1414 772 1475 occidisset
790 1411 974 1484 concivem,
1000 1412 1032 1473 et
1046 1410 1088 1472 ad

290 1529 424 1594 poenam
437 1512 523 1575 tanti
536 1512 695 1573 facinoris
710 1509 911 1580 evitandam,
935 1509 976 1570 ad
992 1525 1087 1570 eam-

291 1613 365 1673 dem
380 1611 568 1682 ecclesiam,
593 1609 629 1669 in
656 1624 721 1684 qua
742 1608 850 1668 torum
871 1605 1089 1667 exercebatur

291 1709 470 1788 publicum,
499 1706 721 1782 confugisset,
745 1705 942 1782 praepositus
967 1704 999 1765 et
1030 1719 1089 1764 sex

286 1809 391 1887 jurati
416 1805 564 1884 deputati
580 1804 621 1865 ad
646 1803 829 1865 custodiam
852 1801 1087 1872 nundinarum,

290 1905 516 1967 nonvalentes
527 1901 772 1964 multitudinem
783 1900 1088 1978 populiresraenare

290 2001 491 2063 homicidam
510 2001 716 2076 insequentis
741 1998 902 2070 eumdem,
933 2014 952 2058 a
977 1997 1088 2073 priore

291 2099 397 2177 ipsius
413 2099 563 2159 ecclesiae
579 2097 755 2176 petierunt,
771 2097 806 2157 ut
818 2095 872 2156 vel
887 2094 1089 2155 homicidam

236 2237 238 2245 ι
291 2199 387 2259 illum
403 2199 437 2258 in
452 2196 526 2272 ipsa
543 2195 686 2256 ecclesia
707 2193 831 2254 taceret
850 2191 1020 2260 custodiri,
1036 2191 1089 2252 vel

292 2295 378 2372 quod
393 2294 458 2371 ipsi
471 2293 534 2354 hoc
553 2293 693 2368 agerent
706 2291 884 2368 pateretur,
902 2289 1006 2351 donec
1021 2289 1088 2349 tam

290 2395 384 2454 tuum
400 2408 458 2469 pra
474 2407 512 2452 eo
529 2391 614 2468 quod
630 2391 665 2450 in
680 2390 737 2449 tua
753 2388 899 2460 dioecesi,
916 2404 1014 2464 quam
1028 2403 1088 2447 co-

290 2490 429 2551 mitissae
445 2488 623 2565 praedictae,
638 2487 673 2547 in
688 2475 782 2562 ouJus
795 2485 965 2546 territorio
981 2484 1090 2545 luerat

290 2586 480 2665 hujusmodi
497 2583 626 2646 lacinus
650 2584 884 2660 perpetratum,
901 2581 1090 2659 requirere·

289 2686 345 2748 tur
359 2683 601 2761 beneplacitum
617 2681 808 2743 voluntatis.
836 2681 981 2756 Cumque
997 2679 1089 2755 prior

291 2782 361 2860 ipse
380 2783 499 2842 horum
516 2785 670 2841 neutrum
685 2779 816 2840 efficere
838 2777 1009 2847 voluisset,
1023 2776 1089 2852 ipsi

292 2877 387 2955 quasi
415 2876 625 2939 multitudine
660 2875 880 2935 mercatorum
914 2871 1085 2948 compulsi,

291 2974 492 3036 homicidam
516 2972 666 3032 eumdem
687 2971 872 3032 extractum
887 2969 928 3030 ab
947 2970 1031 3046 ipsa,
1055 2972 1089 3030 ct

292 3071 486 3132 distractum
511 3085 569 3146 per
599 3069 743 3130 castrum
779 3068 888 3128 secere
917 3067 1086 3143 suspendi,

291 3167 475 3246 praesertim
491 3183 564 3228 cum
580 3166 751 3228 videretur
769 3165 854 3242 quod
871 3165 1018 3242 ejusdem
1032 3179 1089 3226 ec-

291 3265 401 3328 clesiae
418 3281 485 3326 noa
507 3265 641 3326 deberet
653 3263 861 3325 immunitate
876 3262 1032 3337 gaudere,
1048 3278 1087 3323 6ο

290 3364 376 3442 quod
391 3362 546 3424 violando
569 3361 728 3432 eamdem,
746 3360 851 3436 ipsius
867 3357 1028 3421 beneficio
1052 3375 1087 3420 se

288 3460 478 3523 reddiderat
491 3459 676 3536 indignum.
695 3460 743 3518 Tu
766 3458 909 3534 denique
921 3457 974 3517 his
990 3457 1088 3518 audi-

288 3560 330 3621 tis
347 3559 522 3636 praedictos
539 3558 662 3634 septem
682 3572 743 3618 nec
758 3555 876 3617 citatos
892 3571 953 3616 uec
972 3553 1085 3616 moni-

287 3659 339 3718 tos
363 3655 715 3717 excommunicationis
730 3654 848 3731 laqueo
858 3653 1038 3727 innodasti,
1055 3654 1088 3714 et

289 3755 434 3815 castrum
460 3753 610 3824 pruvini,
641 3751 726 3828 quod
755 3767 821 3812 non
850 3751 891 3812 ad
916 3751 1004 3823 illos,
1029 3750 1086 3811 sed

289 3851 399 3928 potius
426 3849 468 3910 ad
493 3849 696 3910 comitissam
716 3849 749 3910 et
771 3849 876 3908 tilium
899 3865 1011 3921 suum,
1029 3849 1085 3924 qui

290 3947 374 4010 nihil
408 3947 634 4026 commiserat,
669 3947 836 4022 pertinere
869 3946 1085 4020 dignoscitur,

291 4044 493 4122 supposuisti
518 4044 688 4106 sententiae
707 4042 875 4104 interdicti
889 4043 924 4103 in
940 4042 1086 4120 ipsorum

289 4143 518 4222 praejudicium
543 4146 575 4204 et
598 4157 789 4218 gravamen.
808 4143 945 4201 Domum
969 4141 1088 4217 hujus-

289 4240 378 4303 modi
394 4240 568 4302 sententiis
577 4239 674 4318 juxta
690 4239 831 4300 sormam
848 4238 1004 4299 Ecclesiae
1019 4255 1085 4299 non

290 4339 362 4400 sine
378 4337 572 4399 difficultate
586 4336 733 4397 maxima
746 4336 900 4408 relaxati,
918 4335 1084 4413 cupidita-

288 4435 333 4498 tis
343 4435 467 4497 motum
482 4435 698 4511 potiusquam
711 4434 1085 4494 domusbominizelum

290 4549 443 4610 sequens,
455 4532 580 4592 eisdem
593 4531 780 4608 praecepisti
795 4532 972 4609 praeposito
988 4533 1087 4609 etja-

289 4631 383 4701 ratis,
401 4631 560 4690 uteorum
576 4627 714 4705 quilibet
725 4629 814 4690 intra
824 4630 898 4690 octo
911 4628 981 4690 dies
992 4630 1085 4706 quin·

290 4727 448 4805 quaginta
461 4727 602 4803 quatuor
617 4725 719 4787 libras
735 4726 927 4787 Provinien.
941 4725 1002 4787 tibi
1014 4743 1085 4803 per·

289 4825 444 4895 solveret,
468 4825 500 4886 et
519 4823 665 4902 ejusdem
686 4825 787 4886 castri
807 4823 1009 4901 presbyteris
1029 4841 1086 4886 sa-

287 4923 481 4985 tisfacerent
495 4923 535 4983 de
548 4921 771 4984 oblationibus
786 4922 820 4983 et
831 4921 918 4993 aliie,
934 4937 1017 4998 quas
1027 4937 1085 4983 oc-

287 5021 423 5083 casione
436 5020 617 5081 amiserant
631 5019 811 5091 interdicti,
828 5020 860 5080 et
876 5019 1040 5093 remissio,
1055 5021 1084 5082 si

288 5135 385 5196 quam
399 5119 464 5196 ipsi
479 5117 662 5196 presbyteri
684 5117 734 5178 eis
754 5116 827 5177 sine
842 5118 899 5179 tuo
919 5133 1084 5179 consensu

286 5216 445 5288 lacerent,
463 5232 529 5277 non
540 5216 677 5288 valeret,
692 5215 728 5276 ut
742 5214 791 5276 sic
805 5215 839 5275 in
852 5217 885 5276 te
899 5214 982 5276 illud
1000 5232 1082 5292 pro-

287 5313 454 5390 pheticum
477 5313 690 5390 impleretur:
716 5327 735 5372 a
755 5312 877 5373 minori
901 5312 1022 5389 quippe
1041 5313 1082 5374 ad

287 5413 447 5487 majorem
465 5427 579 5472 omnes
598 5410 749 5472 avaritias
765 5409 908 5482 student,
925 5413 989 5471 eta
1005 5427 1083 5486 pro-

286 5507 387 5585 pheta
405 5523 508 5585 usque
527 5508 798 5570 ad·sacerdotem
822 5507 932 5568 cuncti
955 5505 1083 5570 faciunt

287 5604 415 5678 dolum3
436 5621 507 5666 cum
524 5606 558 5666 in
574 5606 637 5668 hoc
652 5606 817 5668 minorum
831 5603 987 5666 videlicet
1007 5604 1083 5668 otti·

907 273 1084 338 HONORII
1106 273 1150 332 111
1172 267 1321 331 OPERA.

1885 265 1947 327 232

1139 429 1274 491 cialium
1282 425 1439 500 videaris,
1453 423 1485 488 et
1496 421 1675 501 prasutum
1686 424 1861 487 avaritiam
1872 423 1948 486 imi-

1139 527 1215 590 tari.
1244 527 1376 587 Eisdem
1400 525 1562 602 practerea
1583 523 1773 600 injunxisti,
1797 524 1832 583 ut
1856 523 1945 600 apud

1141 627 1323 687 Pravinum
1340 623 1448 700 prima
1470 621 1635 682 dominica
1652 621 1727 696 post
1741 623 1945 698 praeceptum

1140 725 1175 784 in
1200 723 1412 800 processione
1441 735 1478 780 se
1501 735 1576 780 cum
1602 718 1707 794 virgis
1729 718 1765 778 in
1787 718 1943 780 manibus

1141 819 1390 898 praesentarent,
1417 817 1582 893 recepturi
1603 816 1775 876 humiliter
1794 817 1945 893 discipli-

1142 935 1236 992 nam;
1254 917 1399 978 secunda
1411 931 1491 976 vero
1507 915 1673 976 dominica
1693 915 1780 990 apud
1804 917 1940 988 Traces,

1142 1033 1181 1078 ac
1206 1015 1324 1076 deinde
1349 1013 1525 1075 dominicis
1543 1013 1684 1088 singulis
1709 1011 1944 1089 persingulas

1142 1115 1301 1176 ecclesias
1319 1111 1527 1174 cathedrales
1544 1110 1725 1188 provinciae
1751 1113 1916 1172 senonen.
1932 1134 1940 1187 ;

1143 1213 1286 1274 cadaver
1300 1226 1430 1288 quoque
1442 1210 1618 1271 homicidae
1631 1208 1793 1286 praedicti,
1807 1209 1860 1270 vel
1872 1209 1944 1271 lur-

1143 1327 1199 1372 cas
1213 1311 1249 1370 in
1265 1293 1383 1388 quibus
1398 1307 1610 1386 pependerat,
1626 1307 1666 1368 ad
1678 1306 1870 1383 praedictam
1886 1325 1944 1369 ec-

1143 1407 1280 1470 clesiam
1308 1424 1328 1468 a
1356 1423 1421 1484 qua
1447 1407 1617 1467 extractus
1644 1404 1763 1477 tuerat,
1795 1405 1941 1484 propriis

1143 1505 1289 1567 humeris
1305 1503 1527 1581 deportarent,
1544 1505 1577 1565 et
1592 1502 1766 1564 visitarent
1780 1502 1869 1564 beati
1883 1506 1944 1565 Ja-

1144 1604 1216 1665 cobi
1230 1604 1358 1671 limina,
1373 1601 1425 1664 vel
1438 1601 1525 1663 irent
1536 1602 1570 1661 in
1580 1602 1704 1662 terram
1713 1599 1941 1677 albigensium

1143 1717 1269 1762 moram
1280 1700 1403 1761 ibidem
1415 1714 1475 1776 per
1486 1699 1706 1776 quadraginta
1719 1698 1791 1759 dias
1802 1699 1939 1776 tacturi3

1143 1800 1176 1860 et
1195 1798 1235 1859 de
1255 1801 1377 1859 caetero
1404 1797 1547 1858 interra
1566 1797 1743 1858 comitissae
1760 1796 1866 1873 ipsius
1888 1797 1939 1858 vel

1143 1897 1313 1958 haeredum
1328 1912 1464 1958 savarum
1477 1894 1644 1956 balluvam
1655 1895 1727 1955 sine
1737 1895 1794 1956 tua
1804 1895 1856 1956 vel
1869 1913 1941 1958 suc-

1144 1993 1286 2056 cessoris
1301 1995 1351 2056 tui
1365 1993 1500 2055 licentia
1513 2008 1579 2054 uon
1594 1992 1791 2070 reciperent,
1805 1992 1839 2052 in
1854 1996 1942 2070 ejus·

1144 2092 1218 2154 dem
1234 2092 1412 2154 comitissae
1428 2107 1467 2152 ac
1482 2091 1587 2168 ipsius
1602 2091 1771 2152 haeredum
1784 2091 1942 2168 praejudi-

1145 2191 1232 2250 cium
1252 2191 1286 2251 et
1303 2205 1504 2266 gravamen:
1521 2204 1595 2250 cum
1614 2188 1662 2250 sic
1677 2205 1733 2250 eos
1749 2187 1805 2266 qui
1820 2189 1940 2266 culpa-

1143 2287 1227 2349 biles
1269 2305 1336 2348 ncn
1375 2288 1529 2360 suerunt,
1564 2287 1720 2364 obsequio
1755 2287 1942 2364 privaveris

1144 2384 1359 2447 subditorum.
1379 2385 1472 2446 Unde
1487 2384 1685 2462 praepositus
1698 2385 1731 2445 et
1737 2384 1844 2460 jnrati
1860 2400 1943 2460 prae-

1145 2483 1222 2544 dicti
1244 2484 1333 2544 terre
1357 2498 1422 2542 non
1438 2483 1587 2544 valentes
1609 2482 1821 2558 asperitatem
1845 2496 1942 2542 man-

1144 2580 1224 2652 dati,
1250 2580 1292 2641 ad
1313 2581 1461 2641 nostram
1490 2579 1692 2640 audientiam
1714 2578 1937 2656 appellarunt.

1144 2679 1225 2738 Cum
1247 2677 1349 2753 igitur
1373 2692 1513 2738 censura
1535 2677 1762 2738 ecclesiastica
1785 2693 1846 2754 pro
1866 2677 1943 2737 ani-

1144 2791 1273 2836 marum
1296 2774 1446 2836 instituta
1470 2775 1577 2836 salute
1604 2777 1637 2836 et
1657 2774 1698 2835 ad
1719 2774 1941 2836 cohibendum

1144 2873 1304 2934 malitiam
1315 2887 1547 2949 perversarum
1559 2873 1600 2933 ad
1612 2872 1761 2933 avaritiae
1777 2873 1941 2948 quaestum

1142 2986 1218 3031 non⁴
1233 2970 1350 3032 debeat
1371 2969 1566 3047 retorqueri,
1584 2969 1826 3030 iratemitatem
1849 2971 1941 3031 tuam

1143 3084 1326 3140 monemus,
1350 3069 1383 3128 et
1405 3067 1622 3128 exhortamur
1645 3067 1678 3126 in
1707 3067 1858 3141 Domino,
1881 3083 1945 3144 per

1143 3166 1325 3242 apostolica
1350 3165 1411 3226 tibi
1439 3166 1563 3242 scripta
1596 3165 1818 3242 praecipiendo
1843 3181 1943 3225 man-

1143 3263 1269 3336 danteS,
1289 3263 1451 3340 quatenus
1470 3279 1536 3324 uon
1558 3279 1631 3341 quae
1654 3265 1722 3334 tua,
1747 3263 1805 3323 sed
1830 3263 1943 3339 potins

1142 3377 1216 3438 quae
1230 3364 1309 3424 Jesu
1321 3362 1443 3422 Christi
1457 3363 1534 3423 sunt
1549 3377 1712 3438 quaerens,
1729 3361 1826 3437 prout
1841 3360 1942 3422 debi-

1141 3459 1210 3520 tum
1227 3459 1404 3535 pastoralis
1419 3459 1521 3520 oflicii
1537 3459 1692 3535 postulat,
1715 3459 1748 3520 et
1764 3457 1941 3519 maturitas

1141 3557 1341 3634 persuadere
1356 3556 1452 3617 debet
1466 3557 1585 3629 aetatiS,
1602 3572 1676 3633 quae
1691 3572 1710 3616 a
1725 3557 1856 3617 senecta
1866 3558 1940 3632 jam

1141 3654 1282 3716 vertitur
1303 3655 1338 3714 in
1355 3655 1499 3730 senium3
1517 3655 1565 3716 sic
1586 3654 1775 3730 huJusmodi
1795 3653 1940 3714 manda-

1140 3751 1210 3813 tum
1232 3768 1292 3828 per
1306 3752 1338 3814 te
1360 3753 1468 3828 ipsum
1488 3751 1622 3814 studeas
1637 3751 1816 3823 moderari,
1841 3753 1877 3811 ut
1897 3749 1941 3811 ab

1141 3850 1194 3909 his
1212 3849 1375 3910 similibus
1390 3849 1502 3911 taliter
1522 3849 1748 3926 conquiescas,
1763 3849 1799 3909 in
1817 3847 1939 3927 hagus-

1142 3947 1940 4024 modisententiisprosareadisgravitatemquam

1141 4045 1235 4106 decet
1251 4045 1373 4107 Christi
1393 4045 1581 4121 pontificem
1595 4044 1796 4116 exhibendo,
1815 4047 1850 4106 ut
1864 4043 1941 4104 ani-

1141 4159 1269 4203 marum
1298 4141 1428 4204 lucrum
1463 4143 1572 4219 potius
1612 4158 1762 4219 quaerere
1790 4141 1938 4202 videaris

1141 4255 1239 4316 quam
1255 4241 1432 4317 quaestum,
1453 4242 1486 4302 et
1506 4240 1547 4301 de
1568 4255 1706 4300 numero
1722 4239 1853 4300 censeri
1872 4255 1939 4300 noa

1141 4338 1247 4414 possis
1265 4338 1410 4410 illorum,
1435 4338 1492 4414 qui
1505 4337 1667 4415 quaestum
1684 4337 1853 4398 aestimant
1866 4337 1939 4414 pie-

1140 4436 1258 4511 tatem;
1276 4436 1332 4496 sed
1348 4437 1456 4512 potius
1468 4437 1504 4496 in
1519 4436 1615 4497 domo
1630 4435 1761 4496 Domini
1775 4435 1870 4512 quasi
1884 4434 1937 4493 lu-

1141 4549 1240 4595 cerna
1269 4550 1371 4610 super
1394 4533 1629 4596 candelabrum
1655 4532 1938 4596 constitutaaliis

1141 4632 1252 4693 lumen
1267 4630 1416 4708 praebeas
1439 4647 1498 4708 per
1521 4631 1719 4708 exemplum,
1741 4630 1775 4692 61
1797 4646 1859 4692 nos
1881 4631 1939 4708 qui

1139 4729 1206 4790 tuis
1230 4729 1319 4790 curis
1345 4728 1487 4790 libenter
1515 4728 1694 4790 deserimus
1719 4728 1940 4805 inquantum

1139 4842 1214 4886 cum
1229 4828 1297 4888 Deo
1314 4828 1347 4889 61
1367 4828 1481 4888 nostra
1496 4842 1671 4903 possumus
1686 4825 1873 4898 honestate,
1897 4825 1941 4887 ad

1140 4939 1252 4985 eorum
1264 4925 1502 4986 correctionem
1518 4939 1616 5002 quam
1627 4939 1801 5001 perperam
1815 4923 1941 4985 diceris

1139 5023 1314 5094 attentare,
1331 5039 1449 5083 manus
1464 5024 1595 5084 nostras
1614 5037 1782 5099 apponere
1796 5036 1863 5082 non
1880 5037 1943 5084 co-

1138 5136 1266 5196 gamur.
1294 5120 1451 5197 Alioquin
1479 5120 1609 5182 dilectis
1642 5119 1721 5180 tiliis
1756 5118 1871 5180 abbati
1904 5121 1941 5182 61

1138 5217 1241 5293 priori
1260 5216 1391 5278 Sanctae
1404 5216 1578 5278 Genoveiae
1594 5217 1807 5286 Parisiensis,
1821 5217 1855 5278 et
1866 5233 1944 5277 ma-

1136 5313 1240 5389 gistro
1257 5318 1293 5375 G.
1312 5315 1472 5375 canonico
1492 5313 1673 5376 Bituricen.
1690 5313 1832 5375 Parisiis
1844 5330 1943 5375 oom-

1137 5412 1281 5473 moranti
1297 5411 1414 5473 damus
1428 5412 1551 5473 nostris
1565 5411 1685 5473 litteris
1701 5411 1736 5472 in
1748 5411 1941 5488 praeceptis,

1136 5510 1173 5569 ut
1194 5509 1283 5570 circa
1298 5509 1531 5587 praedictorum
1553 5508 1722 5588 praepositi
1749 5509 1782 5570 et
1802 5509 1945 5586 jurato-

1135 5623 1209 5668 rum
1229 5607 1385 5669 delictum
1401 5607 1561 5685 inquisita
1575 5607 1607 5670 et
1622 5607 1755 5682 cognita
1777 5607 1940 5682 veritate,
