4200 6394
161 365 205 428 45
256 427 261 438 ,
532 364 588 425 lv.
603 391 640 408 -
663 361 707 424 IN
729 360 1081 425 ANNUNTIATiONE
1101 359 1254 422 BEATAE
1275 359 1437 420 MARIAE.
1770 358 1810 416 ‹tO

164 521 286 584 militat
303 521 409 584 forma
430 536 496 585 non
511 521 670 598 corporis.
683 523 797 583 »Deus
819 521 907 582 enim
923 522 958 582 in
1014 517 1202 596 exemplum
1216 516 1363 580 infamiae
1384 515 1604 594 praeberetur;
1619 515 1761 593 septima
1774 516 1811 576 ut

163 633 303 695 corpore
322 618 432 678 minus
454 617 592 694 pulchro
612 617 720 694 diligit
739 618 868 678 animas
884 617 959 694 pul·
1015 618 1063 678 sic
1091 616 1225 679 castitas
1250 615 1426 692 virginalis
1442 615 1741 686 commendaretur,
1765 629 1809 675 ne

165 714 326 775 chriores.
348 714 448 785 Quasi
464 713 589 776 diceret
608 716 654 774 :O
679 729 783 774 sacrae
798 714 957 790 virgines,
1015 715 1202 792 conjugalis
1231 713 1427 774 castimonia
1455 712 1644 774 laederetur.
1676 712 1807 782 Prima,

165 827 225 876 vos
246 811 387 873 interius
411 811 558 888 pulchrae
576 811 656 872 estis
674 812 709 871 in
724 811 843 872 militia
859 810 960 886 Regis
1016 813 1052 875 ut
1065 811 1290 889 generationis
1310 811 1392 872 ordo
1414 827 1472 887 per
1486 814 1504 872 J
1508 810 1609 887 oseph
1626 811 1807 880 texeretur,

166 911 293 982 aeterni,
309 909 406 980 idest,
424 910 556 971 servitis
575 911 701 970 aeterno
715 909 808 985 Regi,
819 909 874 970 cui
894 924 961 969 non
1016 910 1100 987 quod
1114 926 1182 970 non
1197 909 1247 970 est
1259 909 1462 970 consuetudo
1484 909 1613 970 Sanctae
1630 907 1809 985 scripturae

166 1009 276 1086 placet
288 1006 498 1084 pulchritudo
514 1007 664 1083 corporis
679 1007 737 1068 sed
751 1005 961 1084 pulchritudo
1015 1009 1129 1068 texere
1151 1007 1402 1084 generationem
1428 1007 1604 1068 mulierum
1633 1006 1690 1067 sed
1719 1005 1812 1066 viro-

165 1105 297 1168 mentis.
311 1108 358 1166 De
370 1105 431 1167 tali
446 1103 692 1180 pulchritudine
708 1104 961 1180 intelligendum
1015 1123 1089 1167 rum
1118 1106 1151 1167 et
1172 1106 1245 1166 ideo
1268 1105 1441 1183 generatio
1470 1108 1580 1166 Beatae
1602 1104 1718 1166 Mariae
1743 1119 1810 1164 non

165 1202 313 1280 estquod
326 1203 447 1266 dicitur
461 1203 496 1263 in
509 1202 642 1264 Psalmo
655 1224 662 1262 :
678 1204 962 1278 Concupiotlllecc
1016 1204 1145 1281 poterat
1157 1203 1237 1265 sciri
1252 1204 1318 1264 nisi
1333 1220 1393 1280 per
1409 1204 1658 1280 generationem
1672 1205 1692 1264 J
1694 1201 1808 1279 oseph.

164 1305 324 1363 decorem
350 1302 467 1373 tuom,
498 1303 586 1375 qood
613 1304 688 1375 ipsc
715 1301 767 1361 est
794 1303 962 1361 bonarum
1017 1301 1110 1365 Unde
1134 1301 1346 1377 Evangelista
1368 1322 1374 1360 =
1397 1303 1501 1362 Jacob
1529 1301 1649 1379 genuit
1684 1303 1811 1374 loseph

163 1399 355 1462 Dermtuus
375 1396 544 1478 (Psalll,
569 1396 632 1477 12).
654 1399 694 1460 nt
711 1396 795 1458 illud
813 1397 853 1458 de
877 1396 962 1459 libro
1015 1403 1133 1461 otram
1167 1401 1294 1460 Marica
1325 1401 1367 1460 dc
1392 1413 1460 1474 qua
1487 1400 1591 1460 octus
1622 1398 1675 1460 θεῖ
1710 1400 1813 1460 Jecur

165 1496 370 1573 Sapientiae:
387 1497 531 1569 Oquom
549 1499 693 1570 pulchro
715 1495 767 1556 ast
787 1496 884 1558 costo
897 1511 961 1571 qa·
1016 1495 1123 1577 (Mati.
1146 1511 1170 1566 1,
1185 1494 1249 1577 16).
1264 1497 1350 1558 Nam
1372 1511 1447 1557 cum
1463 1495 1552 1556 dicat
1570 1498 1610 1558 de
1628 1511 1695 1570 quc
1707 1497 1811 1557 matris

165 1595 306 1656 naratio
317 1607 396 1654 oum
409 1593 569 1674 claritate
584 1590 677 1671 (Sap.
693 1609 738 1666 1v,
756 1590 800 1671 1).
1015 1595 1068 1657 θεῖ
1087 1596 1120 1656 et
1141 1608 1208 1656 non
1234 1597 1275 1656 dc
1296 1609 1373 1668 quo,
1395 1593 1546 1670 patenter
1566 1593 1710 1654 ostendit
1725 1593 1811 1670 quod

205 1689 323 1751 Odoris
348 1689 495 1752 suavitas
516 1690 609 1751 tanta
630 1690 734 1752 estin
758 1691 852 1760 flore,
875 1691 961 1768 quod
1016 1692 1123 1754 omnis
1152 1690 1233 1754 ordo
1256 1691 1482 1768 generationis
1509 1706 1608 1766 quam
1634 1691 1810 1760 texuerat,

165 1787 276 1864 ipsum
292 1786 352 1848 Dei
376 1787 481 1848 fllium
504 1787 636 1848 videtur
659 1787 836 1862 delectare,
859 1789 963 1850 etesi
1016 1805 1082 1850 non
1106 1805 1166 1867 pro
1189 1789 1401 1866 loseph,sed
1427 1804 1486 1865 pro
1507 1787 1613 1849 Maria
1628 1787 1812 1863 descriptus

167 1884 513 1962 incomprehensibilis
532 1885 658 1946 habens
682 1887 851 1948 auctorem
878 1886 962 1948 bea·
1015 1887 1097 1948 erat
1124 1887 1163 1948 nt
1188 1887 1262 1948 ideo
1285 1886 1443 1948 divinitus
1464 1886 1676 1963 procuratum
1699 1885 1759 1956 est,
1779 1885 1813 1946 nt

164 1981 330 2044 titudinis.
350 1982 442 2044 Unde
458 1983 651 2044 Ambrosius
667 2005 674 2043 :
691 2000 709 2043 s
725 1983 803 2056 Quis
821 1984 963 2060 virgini·
1014 1985 1074 2048 tali
1089 1985 1161 2046 viro
1174 1985 1277 2046 Beata
1297 1985 1405 2045 Maria
1425 1984 1692 2060 desponsaretur,
1708 1982 1764 2060 qui
1780 1983 1813 2043 et

166 2081 267 2142 tatem
285 2078 431 2141 humano
455 2080 560 2157 possit
586 2081 721 2157 ingenio
744 2081 963 2158 comprehen-
1015 2083 1303 2158 consanguinitate
1324 2082 1374 2142 illi
1391 2083 1599 2160 jungeretur,
1615 2082 1648 2142 et
1662 2084 1734 2159 ejus
1747 2097 1810 2156 ge-

166 2177 247 2238 dera
267 2178 366 2254 atque
385 2179 457 2254 ejus
477 2179 645 2239 auctorem
662 2194 760 2254 quem
783 2195 961 2255 possumus
1015 2180 1221 2242 narationcm
1235 2180 1423 2242 ostenderet
1438 2179 1477 2240 de
1493 2179 1599 2254 regali
1612 2179 1749 2240 semine.

165 2275 348 2347 aestimare,
383 2275 452 2336 nisi
486 2276 735 2337 immaculatum
763 2276 824 2338 Dei
856 2277 960 2337 fllium
1056 2277 1209 2340 Secunda
1220 2279 1255 2339 ut
1265 2278 1380 2354 partus
1391 2276 1521 2338 diabolo
1533 2276 1812 2353 celaretur5quod

166 2377 261 2452 cujus
277 2389 356 2436 caro
371 2389 437 2434 non
459 2372 543 2434 vidit
561 2373 818 2450 corruptionem,
838 2374 962 2437 divini·
1014 2376 1044 2437 si
1072 2375 1225 2438 diabolus
1253 2375 1393 2440 vidisset
1412 2377 1544 2453 partum
1565 2374 1715 2451 Virginis
1739 2374 1811 2434 sine

163 2471 217 2534 tas
237 2487 304 2533 non
330 2471 382 2532 est
406 2471 544 2546 experta
561 2470 841 2546 contagionemi»
860 2473 961 2544 Quasi
1015 2490 1147 2550 sponso,
1178 2473 1353 2552 quaesisset
1372 2473 1459 2534 unde
1482 2473 1639 2544 venisset,
1663 2473 1774 2534 utrum
1793 2487 1813 2532 a

166 2568 312 2630 diceret:
329 2567 418 2629 Odor
438 2567 612 2628 suavitatis
626 2567 662 2630 in
677 2569 829 2630 castitate
844 2571 894 2631 est
908 2571 962 2630 in·
1014 2575 1082 2632 Deo
1097 2588 1140 2633 an
1161 2587 1205 2632 ex
1225 2570 1455 2633 fornicatione.
1475 2573 1514 2632 Et
1537 2570 1699 2646 siquidem
1724 2571 1813 2630 esset

170 2664 488 2743 comprehensibilis,
509 2665 543 2728 et
563 2681 629 2726 non
653 2665 704 2728 est
726 2667 862 2740 mirum,
879 2683 962 2745 quo-
1014 2685 1057 2732 ex
1071 2667 1300 2741 fornicatione,
1318 2667 1510 2745 inquisisset
1525 2683 1544 2728 a
1560 2665 1721 2727 ministris
1741 2665 1811 2726 suis

174 2763 264 2824 niam
288 2764 404 2825 auctor
426 2765 500 2839 ejus
524 2763 575 2825 est
600 2762 689 2824 illius
716 2764 790 2836 Dei,
816 2765 849 2825 et
876 2765 962 2828 siout
1015 2765 1218 2828 daemonibus
1232 2765 1462 2827 fornicationis
1474 2763 1692 2841 principibus,
1706 2763 1735 2822 si
1750 2779 1813 2822 au-

173 2875 253 2922 caro
273 2862 343 2938 eJus
370 2876 437 2921 non
456 2860 539 2922 vidit
558 2861 813 2938 corruptionem,
832 2861 878 2924 ita
900 2877 961 2926 nec
1014 2865 1080 2926 tem
1103 2879 1238 2925 causam
1267 2861 1499 2924 fornicationis
1527 2877 1594 2923 non
1612 2860 1808 2931 invenisset,

171 2957 284 3019 sancta
307 2959 482 3034 virginitas
509 2958 671 3036 patietur,
701 2959 758 3021 sed
784 2960 893 3037 potius
926 2961 961 3022 in
1014 2962 1128 3024 natum
1156 2960 1197 3024 de
1217 2961 1347 3036 virgine
1371 2957 1577 3030 credidisset,
1597 2959 1694 3035 Juxta
1726 2957 1810 3018 illud

172 3070 274 3132 regno
299 3055 586 3132 augmentabitur,
605 3057 736 3134 quando
756 3057 884 3133 angelis
906 3074 962 3120 so-
1013 3060 1142 3121 lsaiae:
1170 3063 1257 3120 Ecce
1286 3061 1385 3134 otrqo
1414 3061 1451 3118 tn
1483 3058 1583 3118 utero
1607 3056 1810 3131 concipiet...

169 3152 324 3216 clabitur.
338 3155 384 3214 De
405 3153 465 3215 tali
491 3151 591 3215 odore
612 3153 734 3216 dicitur
757 3155 792 3214 in
816 3156 960 3218 Canticis
1016 3155 1071 3236 (Ιε.
1090 3172 1148 3228 v11,
1169 3154 1235 3235 14.)
1248 3155 1408 3217 Audierat
1427 3153 1578 3216 diabolus
1591 3153 1758 3214 Christum
1772 3152 1814 3214 de

168 3252 380 3313 canticorum
404 3251 446 3312 ad
464 3267 619 3328 sponsam
642 3254 757 3314 :Odor
774 3255 962 3316 vestimen-
1013 3255 1151 3330 Virgine
1176 3254 1398 3326 nasciturum,
1422 3253 1455 3314 at
1485 3251 1622 3313 timebat
1652 3267 1711 3330 per
1734 3267 1810 3312 eum
1908 3243 1910 3248 ’

166 3350 285 3411 tomam
301 3350 440 3412 tuorum
452 3351 544 3412 sicut
557 3352 643 3412 odor
656 3351 769 3413 thuris
780 3347 888 3430 (Cant.
913 3367 958 3425 1v,
1014 3352 1166 3414 amittere
1180 3367 1286 3427 genus
1305 3351 1498 3412 humanum.
1518 3351 1557 3410 nt
1575 3349 1605 3410 si
1620 3350 1715 3425 virgo
1730 3348 1811 3410 des-

161 3445 231 3527 11).
1014 3451 1153 3526 ponsata
1169 3465 1236 3510 non
1251 3448 1378 3520 fuisset,
1396 3449 1509 3508 natum
1525 3447 1565 3507 de
1582 3446 1713 3520 virgine
1733 3461 1813 3520 cog·

207 3547 336 3620 Sponsa
362 3545 413 3606 est
440 3544 549 3607 tidelis
575 3546 702 3619 anima,
727 3545 960 3608 vestimentum
1014 3547 1172 3619 novisset,
1195 3549 1229 3608 et
1251 3546 1280 3606 si
1300 3545 1521 3621 cognovisset,
1539 3559 1718 3619 numquam
1746 3545 1814 3603 llo-⁴

163 3644 240 3719 eJ'us
255 3641 332 3704 sunt
346 3643 494 3720 corporis
504 3642 662 3704 membra.
679 3643 768 3704 Odor
779 3644 961 3706 vestimen·
1013 3645 1139 3706 minum
1158 3643 1273 3719 gloriae
1291 3641 1522 3713 crucifixisset,
1546 3640 1644 3714 idest,
1660 3640 1812 3716 crucifigi

160 3741 273 3801 torum
294 3741 429 3803 castitas
454 3742 488 3802 et
512 3741 641 3818 puritas
664 3740 900 3802 membrorum.
921 3741 961 3801 Et
1013 3741 1160 3802 fecisset.
1183 3739 1246 3800 Sed
1261 3738 1423 3815 praevenit
1437 3741 1509 3816 ejus
1529 3739 1685 3800 astutiam
1698 3737 1811 3798 divina

161 3838 242 3899 nota
272 3838 357 3915 quod
383 3830 505 3901 dicitur
526 3860 533 3898 ε
555 3839 638 3900 odor
662 3839 958 3908 vestimentorum,
1014 3836 1240 3908 Providentia,
1271 3837 1304 3898 et
1327 3836 1499 3898 abscondit
1518 3836 1726 3898 divinitatem
1750 3852 1810 3896 os-

160 3935 250 4012 quod
266 3935 368 4010 Virgo
396 3949 463 3996 non
486 3935 582 3996 debet
605 3934 728 3996 habere
754 3935 959 3996 solummodo
1013 3934 1151 3998 tendens
1162 3935 1402 3996 humanitatem
1421 3937 1457 3996 ut
1475 3934 1552 3995 dum
1572 3935 1630 3994 ille
1643 3933 1810 3996 hominem

161 4047 266 4094 unum
288 4031 472 4092 membrum
491 4034 631 4104 castum,
657 4033 715 4094 sed
731 4032 842 4094 omnia
857 4033 960 4095 vesti·
1012 4033 1128 4095 videns
1146 4034 1179 4096 et
1196 4035 1299 4094 Deum
1327 4032 1490 4105 nesciens,
1517 4032 1641 4109 injuste
1662 4031 1812 4110 cruciligi

161 4132 285 4201 menta,
302 4129 398 4203 idest,
413 4129 525 4190 omnia
554 4131 703 4206 corporis
732 4131 879 4192 membra
901 4132 961 4193 de-
1013 4130 1181 4193 Christum
1201 4130 1326 4192 faceret
1348 4130 1488 4208 quinon
1502 4130 1680 4201 meruerat,
1697 4145 1812 4191 omnes

161 4227 241 4290 bent
254 4242 330 4288 esse
343 4242 426 4302 pura
441 4227 474 4288 et
490 4228 592 4299 casta,
609 4227 646 4289 ut
659 4244 719 4305 per
733 4229 844 4290 omnia
860 4244 959 4290 mem·
1012 4229 1162 4292 homines
1171 4229 1262 4305 juste
1277 4227 1443 4288 amitteret
1457 4243 1539 4304 quos
1555 4225 1698 4286 tenebat.
1717 4226 1810 4286 Unde

160 4323 222 4385 bra
235 4325 378 4403 respiret
392 4325 474 4386 odor
488 4325 672 4398 suavitatis,
685 4325 781 4400 idest,
797 4326 959 4388 munditia
1011 4326 1090 4390 Job:
1107 4331 1151 4388 Ic
1165 4329 1270 4387 cordis
1283 4328 1357 4397 ejus
1376 4327 1475 4397 quasi
1489 4327 1591 4386 banco
1605 4324 1717 4398 captet
1731 4338 1811 4384 euru

159 4421 330 4499 puritatis.
360 4422 424 4484 Sed
459 4422 536 4484 talis
563 4421 644 4488 odor
677 4423 721 4486 sit
754 4423 842 4486 siout
877 4424 959 4487 odor
1013 4422 1099 4503 (Job.
1115 4439 1169 4495 xc,
1188 4421 1253 4502 19.)
1269 4425 1356 4483 Deus
1370 4421 1470 4498 coepit
1486 4437 1572 4492 eum,
1590 4421 1676 4482 idest
1690 4419 1809 4482 diabo-

159 4519 282 4581 thuris.
299 4519 387 4580 Odor
404 4520 513 4581 thuris
529 4519 669 4582 offertur
686 4523 765 4582 Deo.
782 4522 870 4584 Odor
883 4537 960 4584 ves-
1012 4521 1091 4593 lum,
1120 4519 1215 4598 quasi
1239 4520 1338 4580 hamo
1366 4518 1496 4596 capitur
1519 4518 1630 4595 piscis.
1653 4521 1690 4580 In
1712 4519 1810 4579 hamo

159 4617 375 4679 timentorum
400 4619 450 4680 est
474 4619 561 4680 sicut
584 4619 667 4680 odor
688 4618 808 4691 thuris,
827 4619 958 4697 quando
1011 4618 1137 4682 ferrum
1153 4617 1379 4690 absconditur,
1390 4632 1466 4678 esca
1482 4616 1676 4690 ostenditur,
1685 4617 1717 4678 et
1734 4617 1811 4678 dum

159 4715 290 4792 puritas
305 4715 452 4776 omnium
476 4715 701 4778 membrorum
720 4716 859 4778 offertur
878 4719 956 4791 Dec,
1012 4715 1113 4793 piscis
1130 4731 1241 4777 escam
1256 4716 1417 4778 devorare
1432 4715 1536 4791 putat,
1554 4714 1684 4791 capitur
1699 4714 1809 4775 hamo.

159 4811 327 4885 videlicet,
342 4814 540 4876 conservata
559 4829 620 4892 pro
635 4829 748 4875 amore
761 4814 877 4892 ipsius.
1013 4814 1061 4875 Ita
1077 4813 1217 4890 contigit
1230 4811 1373 4874 diabolo.
1390 4814 1473 4872 bum
1489 4813 1617 4890 putavit
1628 4829 1738 4873 escam
1753 4812 1812 4872 de-

199 4911 253 4970 Aa
271 4911 448 4988 Virginem
463 4912 706 4986 desponsatam
726 4916 803 4974 otro
821 4916 878 4974 cut
896 4928 960 4974 oo-
1012 4927 1143 4984 vorare,
1171 4910 1269 4983 idest,
1300 4909 1423 4971 Christi
1450 4926 1584 4971 carnem
1604 4909 1810 4984 crucifigere,

158 5019 241 5066 man
255 5004 333 5066 orat
352 5008 476 5078 Josepb
496 5009 538 5068 da
561 5011 662 5069 dorm
686 5011 809 5070 David.
826 5009 958 5086 Septem
1013 5010 1128 5088 captus
1144 5008 1303 5078 estferro,
1318 5008 1405 5070 idest
1419 5008 1612 5083 divinitata;
1628 5008 1734 5070 ethoc
1746 5006 1813 5069 fac·

159 5102 202 5164 de
234 5102 346 5164 causis
382 5101 446 5162 fuit
477 5102 676 5180 desponsata
707 5106 810 5167 Beata
838 5107 956 5168 Maria.
1012 5110 1081 5170 tum
1097 5106 1313 5168 estinoculis
1324 5109 1408 5184 ejus,
1422 5106 1509 5168 idest
1521 5106 1653 5168 vidente
1666 5104 1808 5178 diabolo,

159 5199 276 5262 Prma
304 5198 341 5260 ut
370 5198 598 5274 generationis
630 5200 709 5262 ordo
743 5217 802 5279 per
834 5203 958 5281 Joseph
1012 5206 1090 5284 quia
1102 5204 1256 5280 cognovit
1266 5203 1361 5265 illum
1375 5219 1471 5281 quem
1485 5203 1635 5279 crucifigi
1655 5201 1809 5276 faciebat,

158 5297 347 5372 texeretur,
361 5297 506 5358 secunda
526 5299 562 5358 ut
585 5299 699 5375 partus
721 5299 852 5362 diabolo
869 5301 960 5362 cela·
1012 5319 1086 5368 esse
1098 5304 1225 5380 justum
1239 5302 1444 5376 etsanotum,
1456 5319 1522 5364 non
1535 5302 1812 5376 tamencognovit

159 5395 271 5470 retur;
288 5395 386 5456 tertia
401 5395 438 5456 ut
458 5410 563 5472 puero
587 5395 745 5457 nutritius
765 5398 961 5474 providere-
1012 5417 1088 5463 eum
1102 5415 1176 5461 esse
1191 5402 1306 5462 Deum.
1322 5403 1393 5461 Hoc
1405 5397 1592 5461 modovidit
1608 5415 1730 5472 escam,
1743 5417 1810 5462 non

159 5496 227 5566 tur;
243 5493 361 5571 quarta
387 5492 423 5554 ut
449 5493 572 5555 Christi
591 5495 625 5555 et
652 5495 809 5556 Ecclesiae
833 5496 959 5573 myste-
1012 5499 1158 5560 hamum.

159 5592 249 5653 rium
274 5590 483 5666 signaretur;
513 5592 630 5668 quinta
662 5607 704 5653 ne
733 5595 838 5654 mater
866 5595 959 5658 velut
1053 5595 1165 5656 Tertia
1194 5593 1229 5656 ut
1255 5610 1358 5671 puero
1389 5593 1547 5656 nutritius
1567 5595 1808 5673 provideretur,

160 5689 313 5753 adultera
342 5687 564 5768 lapidaretur;
590 5691 684 5752 sexta
704 5706 746 5753 ne
771 5691 958 5770 virginibus
1013 5693 1098 5775 quod
1122 5691 1260 5755 decebat
1286 5694 1321 5754 ut
1349 5707 1431 5770 puer
1456 5693 1594 5756 haberet
1622 5693 1807 5766 nutritium,
