<?xml version="1.0" encoding="UTF-8"?>
<!DOCTYPE html PUBLIC "-//W3C//DTD XHTML 1.0 Transitional//EN"
    "http://www.w3.org/TR/xhtml1/DTD/xhtml1-transitional.dtd">
<html xmlns="http://www.w3.org/1999/xhtml" xml:lang="en" lang="en">
 <head>
  <title>
</title>
<meta http-equiv="Content-Type" content="text/html;charset=utf-8" />
  <meta name='ocr-system' content='tesseract 3.04.00' />
  <meta name='ocr-capabilities' content='ocr_page ocr_carea ocr_par ocr_line ocrx_word'/>
</head>
<body>
  <div class='ocr_page' id='page_1' title='image "./mediiaevibiblio02unkngoog_0382.png"; bbox 0 0 4234 6408; ppageno 0'>
   <div class='ocr_carea' id='block_1_1' title="bbox 175 234 1829 323">
    <p class='ocr_par' dir='ltr' id='par_1_1' title="bbox 175 234 1829 323">
     <span class='ocr_line' id='line_1_1' title="bbox 175 234 1829 323; baseline -0.009 -19"><span class='ocrx_word' id='word_1_1' title='bbox 175 242 234 323; x_wconf 77' lang='lat'>281</span> <span class='ocrx_word' id='word_1_2' title='bbox 313 317 314 322; x_wconf 6' lang='grc' dir='ltr'><strong>Ἰ</strong></span> <span class='ocrx_word' id='word_1_3' title='bbox 817 235 1046 298; x_wconf 79' lang='lat' dir='ltr'>EPIS&#39;IOLAE.</span> <span class='ocrx_word' id='word_1_4' title='bbox 1070 237 1148 297; x_wconf 84' lang='lat' dir='ltr'>LIB.</span> <span class='ocrx_word' id='word_1_5' title='bbox 1172 234 1197 296; x_wconf 88' lang='grc' dir='ltr'>Ι.</span> <span class='ocrx_word' id='word_1_6' title='bbox 1768 239 1829 300; x_wconf 73' lang='lat'>232</span> 
     </span>
    </p>
   </div>
   <div class='ocr_carea' id='block_1_2' title="bbox 172 383 1844 1554">
    <p class='ocr_par' dir='ltr' id='par_1_2' title="bbox 172 383 1844 1554">
     <span class='ocr_line' id='line_1_2' title="bbox 179 383 1828 475; baseline -0.001 -13"><span class='ocrx_word' id='word_1_7' title='bbox 179 415 241 463; x_wconf 89' lang='lat' dir='ltr'>iios</span> <span class='ocrx_word' id='word_1_8' title='bbox 263 396 395 462; x_wconf 77' lang='lat' dir='ltr'><strong>facilem</strong></span> <span class='ocrx_word' id='word_1_9' title='bbox 425 383 573 475; x_wconf 86' lang='lat' dir='ltr'>praebere</span> <span class='ocrx_word' id='word_1_10' title='bbox 601 409 811 467; x_wconf 91' lang='lat' dir='ltr'>consensum,</span> <span class='ocrx_word' id='word_1_11' title='bbox 839 398 873 457; x_wconf 91' lang='lat' dir='ltr'>et</span> <span class='ocrx_word' id='word_1_12' title='bbox 899 396 976 458; x_wconf 86' lang='lat' dir='ltr'>rota</span> <span class='ocrx_word' id='word_1_13' title='bbox 1031 396 1160 458; x_wconf 90' lang='lat' dir='ltr'>litteras</span> <span class='ocrx_word' id='word_1_14' title='bbox 1175 395 1336 460; x_wconf 81' lang='lat' dir='ltr'>facientes</span> <span class='ocrx_word' id='word_1_15' title='bbox 1362 392 1582 474; x_wconf 73' lang='lat' dir='ltr'>presentibus</span> <span class='ocrx_word' id='word_1_16' title='bbox 1601 393 1643 457; x_wconf 94' lang='lat' dir='ltr'>de</span> <span class='ocrx_word' id='word_1_17' title='bbox 1664 396 1764 460; x_wconf 84' lang='lat' dir='ltr'>verbo</span> <span class='ocrx_word' id='word_1_18' title='bbox 1786 399 1828 460; x_wconf 91' lang='lat' dir='ltr'>ad</span> 
     </span>
     <span class='ocr_line' id='line_1_3' title="bbox 180 492 1830 576; baseline 0.001 -19"><span class='ocrx_word' id='word_1_19' title='bbox 180 513 254 576; x_wconf 83' lang='lat' dir='ltr'>quae</span> <span class='ocrx_word' id='word_1_20' title='bbox 282 512 302 556; x_wconf 91' lang='lat' dir='ltr'>a</span> <span class='ocrx_word' id='word_1_21' title='bbox 330 494 471 557; x_wconf 90' lang='lat' dir='ltr'>rationis</span> <span class='ocrx_word' id='word_1_22' title='bbox 505 492 638 554; x_wconf 82' lang='lat' dir='ltr'>tramite</span> <span class='ocrx_word' id='word_1_23' title='bbox 673 507 740 554; x_wconf 88' lang='lat' dir='ltr'>nori</span> <span class='ocrx_word' id='word_1_24' title='bbox 771 493 974 567; x_wconf 82' lang='lat' dir='ltr'><strong>discordant,</strong></span> <span class='ocrx_word' id='word_1_25' title='bbox 1030 494 1168 555; x_wconf 76' lang='lat' dir='ltr'>verbnm</span> <span class='ocrx_word' id='word_1_26' title='bbox 1189 493 1293 555; x_wconf 89' lang='lat' dir='ltr'>inseri</span> <span class='ocrx_word' id='word_1_27' title='bbox 1313 493 1355 555; x_wconf 93' lang='lat' dir='ltr'>ad</span> <span class='ocrx_word' id='word_1_28' title='bbox 1378 493 1554 566; x_wconf 75' lang='lat' dir='ltr'><strong>cautelam,</strong></span> <span class='ocrx_word' id='word_1_29' title='bbox 1578 510 1718 572; x_wconf 88' lang='lat' dir='ltr'>quarum</span> <span class='ocrx_word' id='word_1_30' title='bbox 1733 495 1830 558; x_wconf 90' lang='lat' dir='ltr'>tenor</span> 
     </span>
     <span class='ocr_line' id='line_1_4' title="bbox 179 589 1827 671; baseline -0.001 -15"><span class='ocrx_word' id='word_1_31' title='bbox 179 594 300 656; x_wconf 83' lang='lat' dir='ltr'>effectu</span> <span class='ocrx_word' id='word_1_32' title='bbox 311 591 529 671; x_wconf 88' lang='lat' dir='ltr'>prosequente</span> <span class='ocrx_word' id='word_1_33' title='bbox 538 589 714 668; x_wconf 88' lang='lat' dir='ltr'>complere.</span> <span class='ocrx_word' id='word_1_34' title='bbox 726 591 807 652; x_wconf 81' lang='lat' dir='ltr'>Cum</span> <span class='ocrx_word' id='word_1_35' title='bbox 816 591 919 667; x_wconf 80' lang='lat' dir='ltr'>igitur</span> <span class='ocrx_word' id='word_1_36' title='bbox 928 592 978 653; x_wconf 92' lang='lat' dir='ltr'>in·</span> <span class='ocrx_word' id='word_1_37' title='bbox 1031 592 1082 653; x_wconf 89' lang='lat' dir='ltr'>est</span> <span class='ocrx_word' id='word_1_38' title='bbox 1091 592 1168 654; x_wconf 91' lang='lat' dir='ltr'>talis</span> <span class='ocrx_word' id='word_1_39' title='bbox 1186 613 1193 652; x_wconf 77' lang='grc' dir='ltr'><strong><em>ε</em></strong></span> <span class='ocrx_word' id='word_1_40' title='bbox 1209 592 1380 654; x_wconf 88' lang='lat' dir='ltr'>Joliannes</span> <span class='ocrx_word' id='word_1_41' title='bbox 1399 591 1458 652; x_wconf 85' lang='lat' dir='ltr'>bei</span> <span class='ocrx_word' id='word_1_42' title='bbox 1473 591 1581 668; x_wconf 82' lang='lat' dir='ltr'>gratia</span> <span class='ocrx_word' id='word_1_43' title='bbox 1596 595 1669 655; x_wconf 83' lang='lat' dir='ltr'>Rex</span> <span class='ocrx_word' id='word_1_44' title='bbox 1686 594 1827 670; x_wconf 74' lang='lat' dir='ltr'>anglie,</span> 
     </span>
     <span class='ocr_line' id='line_1_5' title="bbox 181 687 1832 771; baseline 0 -17"><span class='ocrx_word' id='word_1_45' title='bbox 181 691 268 754; x_wconf 86' lang='lat' dir='ltr'>ciltae</span> <span class='ocrx_word' id='word_1_46' title='bbox 283 687 527 752; x_wconf 89' lang='lat' dir='ltr'>recordationis</span> <span class='ocrx_word' id='word_1_47' title='bbox 542 691 689 750; x_wconf 82' lang='lat' dir='ltr'>Ioannes</span> <span class='ocrx_word' id='word_1_48' title='bbox 708 704 770 751; x_wconf 85' lang='lat' dir='ltr'>rex</span> <span class='ocrx_word' id='word_1_49' title='bbox 783 689 912 765; x_wconf 73' lang='lat' dir='ltr'>angliae</span> <span class='ocrx_word' id='word_1_50' title='bbox 925 687 975 770; x_wconf 86' lang='lat' dir='ltr'>(a)</span> <span class='ocrx_word' id='word_1_51' title='bbox 1031 691 1184 752; x_wconf 89' lang='lat' dir='ltr'>dominus</span> <span class='ocrx_word' id='word_1_52' title='bbox 1203 689 1384 762; x_wconf 76' lang='lat' dir='ltr'>Hiberniae,</span> <span class='ocrx_word' id='word_1_53' title='bbox 1404 690 1472 750; x_wconf 85' lang='lat' dir='ltr'>dux</span> <span class='ocrx_word' id='word_1_54' title='bbox 1483 690 1709 764; x_wconf 89' lang='lat' dir='ltr'>Normanniae‚</span> <span class='ocrx_word' id='word_1_55' title='bbox 1726 694 1832 771; x_wconf 79' lang='lat' dir='ltr'>Aqui-</span> 
     </span>
     <span class='ocr_line' id='line_1_6' title="bbox 181 786 1829 868; baseline 0.001 -17"><span class='ocrx_word' id='word_1_56' title='bbox 181 791 217 851; x_wconf 90' lang='lat' dir='ltr'>in</span> <span class='ocrx_word' id='word_1_57' title='bbox 240 789 380 850; x_wconf 89' lang='lat' dir='ltr'>ecclesia</span> <span class='ocrx_word' id='word_1_58' title='bbox 402 786 443 848; x_wconf 92' lang='lat' dir='ltr'>de</span> <span class='ocrx_word' id='word_1_59' title='bbox 461 787 636 854; x_wconf 90' lang='lat' dir='ltr'>Holoham,</span> <span class='ocrx_word' id='word_1_60' title='bbox 651 787 806 849; x_wconf 82' lang='lat' dir='ltr'>dioecesis</span> <span class='ocrx_word' id='word_1_61' title='bbox 819 788 978 850; x_wconf 89' lang='lat' dir='ltr'>Norwin-</span> <span class='ocrx_word' id='word_1_62' title='bbox 1030 789 1142 859; x_wconf 83' lang='lat' dir='ltr'>tantae,</span> <span class='ocrx_word' id='word_1_63' title='bbox 1157 788 1190 850; x_wconf 92' lang='lat' dir='ltr'>et</span> <span class='ocrx_word' id='word_1_64' title='bbox 1209 804 1320 850; x_wconf 90' lang='lat' dir='ltr'>comes</span> <span class='ocrx_word' id='word_1_65' title='bbox 1330 788 1541 866; x_wconf 74' lang='lat' dir='ltr'>andegaviae,</span> <span class='ocrx_word' id='word_1_66' title='bbox 1556 789 1829 868; x_wconf 78' lang='lat' dir='ltr'>archiepiscopis,</span> 
     </span>
     <span class='ocr_line' id='line_1_7' title="bbox 185 884 1829 964; baseline 0.002 -16"><span class='ocrx_word' id='word_1_67' title='bbox 185 902 268 957; x_wconf 84' lang='lat' dir='ltr'>cen,</span> <span class='ocrx_word' id='word_1_68' title='bbox 290 885 324 945; x_wconf 90' lang='lat' dir='ltr'>iii</span> <span class='ocrx_word' id='word_1_69' title='bbox 348 900 413 961; x_wconf 85' lang='lat' dir='ltr'>qua</span> <span class='ocrx_word' id='word_1_70' title='bbox 433 884 523 945; x_wconf 92' lang='lat' dir='ltr'>idem</span> <span class='ocrx_word' id='word_1_71' title='bbox 544 899 606 946; x_wconf 88' lang='lat' dir='ltr'>rex</span> <span class='ocrx_word' id='word_1_72' title='bbox 633 900 693 962; x_wconf 92' lang='lat' dir='ltr'>pro</span> <span class='ocrx_word' id='word_1_73' title='bbox 716 884 892 948; x_wconf 78' lang='lat' dir='ltr'>medietate</span> <span class='ocrx_word' id='word_1_74' title='bbox 918 887 976 962; x_wconf 90' lang='lat' dir='ltr'>jus</span> <span class='ocrx_word' id='word_1_75' title='bbox 1031 886 1208 964; x_wconf 78' lang='lat' dir='ltr'>episcopie,</span> <span class='ocrx_word' id='word_1_76' title='bbox 1221 885 1405 960; x_wconf 91' lang='lat' dir='ltr'>abbatibus,</span> <span class='ocrx_word' id='word_1_77' title='bbox 1424 886 1614 959; x_wconf 86' lang='lat' dir='ltr'>comitibus,</span> <span class='ocrx_word' id='word_1_78' title='bbox 1635 886 1829 962; x_wconf 88' lang='lat' dir='ltr'>baronibus,</span> 
     </span>
     <span class='ocr_line' id='line_1_8' title="bbox 172 981 1831 1063; baseline 0.001 -14"><span class='ocrx_word' id='word_1_79' title='bbox 172 1046 173 1049; x_wconf 74' lang='grc'>,</span> <span class='ocrx_word' id='word_1_80' title='bbox 180 983 374 1061; x_wconf 87' lang='lat' dir='ltr'>patronatus</span> <span class='ocrx_word' id='word_1_81' title='bbox 396 981 528 1053; x_wconf 88' lang='lat' dir='ltr'>habeat,</span> <span class='ocrx_word' id='word_1_82' title='bbox 562 983 790 1046; x_wconf 85' lang='lat' dir='ltr'>consentiente</span> <span class='ocrx_word' id='word_1_83' title='bbox 817 985 976 1062; x_wconf 79' lang='lat' dir='ltr'>magistro</span> <span class='ocrx_word' id='word_1_84' title='bbox 1027 985 1243 1062; x_wconf 88' lang='lat' dir='ltr'>jnsticiariis,</span> <span class='ocrx_word' id='word_1_85' title='bbox 1270 983 1531 1057; x_wconf 84' lang='lat' dir='ltr'>vicecomitibus,</span> <span class='ocrx_word' id='word_1_86' title='bbox 1569 985 1756 1063; x_wconf 88' lang='lat' dir='ltr'>praepositis</span> <span class='ocrx_word' id='word_1_87' title='bbox 1797 988 1831 1051; x_wconf 89' lang='lat' dir='ltr'>et</span> 
     </span>
     <span class='ocr_line' id='line_1_9' title="bbox 183 1080 1827 1161; baseline 0.002 -19"><span class='ocrx_word' id='word_1_88' title='bbox 183 1080 326 1142; x_wconf 81' lang='lat' dir='ltr'>Itoberto</span> <span class='ocrx_word' id='word_1_89' title='bbox 345 1080 550 1153; x_wconf 78' lang='lat' dir='ltr'>Glocestriae,</span> <span class='ocrx_word' id='word_1_90' title='bbox 570 1080 770 1144; x_wconf 89' lang='lat' dir='ltr'>cancellario</span> <span class='ocrx_word' id='word_1_91' title='bbox 783 1083 974 1156; x_wconf 76' lang='lat' dir='ltr'>cicestren,</span> <span class='ocrx_word' id='word_1_92' title='bbox 1032 1083 1184 1145; x_wconf 87' lang='lat' dir='ltr'>omnibus</span> <span class='ocrx_word' id='word_1_93' title='bbox 1207 1083 1340 1161; x_wconf 89' lang='lat' dir='ltr'>bajulis,</span> <span class='ocrx_word' id='word_1_94' title='bbox 1362 1083 1395 1145; x_wconf 89' lang='lat' dir='ltr'>et</span> <span class='ocrx_word' id='word_1_95' title='bbox 1416 1082 1568 1144; x_wconf 83' lang='lat' dir='ltr'>fidelihus</span> <span class='ocrx_word' id='word_1_96' title='bbox 1588 1085 1660 1144; x_wconf 90' lang='lat' dir='ltr'>suis</span> <span class='ocrx_word' id='word_1_97' title='bbox 1675 1085 1827 1147; x_wconf 88' lang='lat' dir='ltr'>salutem.</span> 
     </span>
     <span class='ocr_line' id='line_1_10' title="bbox 179 1177 1844 1258; baseline 0.002 -17"><span class='ocrx_word' id='word_1_98' title='bbox 179 1180 260 1241; x_wconf 89' lang='lat' dir='ltr'>tunc</span> <span class='ocrx_word' id='word_1_99' title='bbox 274 1178 484 1241; x_wconf 91' lang='lat' dir='ltr'>medietatem</span> <span class='ocrx_word' id='word_1_100' title='bbox 497 1177 651 1239; x_wconf 84' lang='lat' dir='ltr'>beneficii</span> <span class='ocrx_word' id='word_1_101' title='bbox 665 1180 813 1257; x_wconf 90' lang='lat' dir='ltr'>ejusdem</span> <span class='ocrx_word' id='word_1_102' title='bbox 827 1181 977 1242; x_wconf 84' lang='lat' dir='ltr'>scelestae</span> <span class='ocrx_word' id='word_1_103' title='bbox 1033 1182 1153 1244; x_wconf 88' lang='lat' dir='ltr'>Sciatis</span> <span class='ocrx_word' id='word_1_104' title='bbox 1169 1197 1229 1243; x_wconf 92' lang='lat' dir='ltr'>nos</span> <span class='ocrx_word' id='word_1_105' title='bbox 1242 1181 1365 1245; x_wconf 91' lang='lat' dir='ltr'>intuitu</span> <span class='ocrx_word' id='word_1_106' title='bbox 1380 1181 1450 1253; x_wconf 87' lang='lat' dir='ltr'>Dei,</span> <span class='ocrx_word' id='word_1_107' title='bbox 1468 1182 1500 1243; x_wconf 88' lang='lat' dir='ltr'>et</span> <span class='ocrx_word' id='word_1_108' title='bbox 1512 1198 1572 1258; x_wconf 92' lang='lat' dir='ltr'>pro</span> <span class='ocrx_word' id='word_1_109' title='bbox 1587 1182 1694 1244; x_wconf 90' lang='lat' dir='ltr'>salute</span> <span class='ocrx_word' id='word_1_110' title='bbox 1708 1181 1844 1245; x_wconf 64' lang='lat' dir='ltr'>animae&#39;</span> 
     </span>
     <span class='ocr_line' id='line_1_11' title="bbox 181 1275 1831 1356; baseline 0.003 -19"><span class='ocrx_word' id='word_1_111' title='bbox 181 1276 384 1353; x_wconf 87' lang='lat' dir='ltr'>possidente,</span> <span class='ocrx_word' id='word_1_112' title='bbox 417 1292 565 1338; x_wconf 87' lang='lat' dir='ltr'>annuum</span> <span class='ocrx_word' id='word_1_113' title='bbox 605 1275 803 1338; x_wconf 81' lang='lat' dir='ltr'>beneficium</span> <span class='ocrx_word' id='word_1_114' title='bbox 843 1279 977 1356; x_wconf 79' lang='lat' dir='ltr'>triginta</span> <span class='ocrx_word' id='word_1_115' title='bbox 1033 1279 1170 1352; x_wconf 84' lang='lat' dir='ltr'>nostrae,</span> <span class='ocrx_word' id='word_1_116' title='bbox 1196 1279 1230 1342; x_wconf 89' lang='lat' dir='ltr'>et</span> <span class='ocrx_word' id='word_1_117' title='bbox 1255 1278 1441 1340; x_wconf 90' lang='lat' dir='ltr'>animarum</span> <span class='ocrx_word' id='word_1_118' title='bbox 1470 1281 1729 1352; x_wconf 89' lang='lat' dir='ltr'>antecessorum,</span> <span class='ocrx_word' id='word_1_119' title='bbox 1756 1297 1831 1342; x_wconf 88' lang='lat' dir='ltr'>om-</span> 
     </span>
     <span class='ocr_line' id='line_1_12' title="bbox 182 1371 1829 1454; baseline 0.002 -18"><span class='ocrx_word' id='word_1_120' title='bbox 182 1375 395 1436; x_wconf 87' lang='lat' dir='ltr'>marcharum</span> <span class='ocrx_word' id='word_1_121' title='bbox 411 1371 457 1453; x_wconf 82' lang='lat' dir='ltr'>(b)</span> <span class='ocrx_word' id='word_1_122' title='bbox 468 1375 504 1435; x_wconf 94' lang='lat' dir='ltr'>in</span> <span class='ocrx_word' id='word_1_123' title='bbox 520 1374 762 1452; x_wconf 88' lang='lat' dir='ltr'>eleemosynam</span> <span class='ocrx_word' id='word_1_124' title='bbox 776 1379 977 1439; x_wconf 88' lang='lat' dir='ltr'>monasterio</span> <span class='ocrx_word' id='word_1_125' title='bbox 1032 1377 1188 1454; x_wconf 86' lang='lat' dir='ltr'>niumque</span> <span class='ocrx_word' id='word_1_126' title='bbox 1199 1378 1464 1438; x_wconf 88' lang='lat' dir='ltr'>etsuccessorum</span> <span class='ocrx_word' id='word_1_127' title='bbox 1475 1377 1675 1450; x_wconf 88' lang='lat' dir='ltr'>nostrorum,</span> <span class='ocrx_word' id='word_1_128' title='bbox 1686 1376 1829 1452; x_wconf 90' lang='lat' dir='ltr'>dedisse,</span> 
     </span>
     <span class='ocr_line' id='line_1_13' title="bbox 180 1472 1832 1554; baseline 0.002 -20"><span class='ocrx_word' id='word_1_129' title='bbox 180 1474 293 1535; x_wconf 85' lang='lat' dir='ltr'>vestro</span> <span class='ocrx_word' id='word_1_130' title='bbox 326 1472 531 1534; x_wconf 88' lang='lat' dir='ltr'>concesserit</span> <span class='ocrx_word' id='word_1_131' title='bbox 563 1473 685 1536; x_wconf 89' lang='lat' dir='ltr'>intuitu</span> <span class='ocrx_word' id='word_1_132' title='bbox 716 1474 861 1551; x_wconf 91' lang='lat' dir='ltr'>pietatis,</span> <span class='ocrx_word' id='word_1_133' title='bbox 892 1475 977 1554; x_wconf 89' lang='lat' dir='ltr'>quod</span> <span class='ocrx_word' id='word_1_134' title='bbox 1033 1474 1248 1548; x_wconf 87' lang='lat' dir='ltr'>concessisse,</span> <span class='ocrx_word' id='word_1_135' title='bbox 1267 1475 1300 1536; x_wconf 92' lang='lat' dir='ltr'>et</span> <span class='ocrx_word' id='word_1_136' title='bbox 1309 1474 1372 1535; x_wconf 90' lang='lat' dir='ltr'>liao</span> <span class='ocrx_word' id='word_1_137' title='bbox 1383 1475 1476 1536; x_wconf 88' lang='lat' dir='ltr'>carta</span> <span class='ocrx_word' id='word_1_138' title='bbox 1487 1476 1603 1537; x_wconf 88' lang='lat' dir='ltr'>nostra</span> <span class='ocrx_word' id='word_1_139' title='bbox 1614 1473 1832 1536; x_wconf 84' lang='lat' dir='ltr'>confirmasse</span> 
     </span>
    </p>
   </div>
   <div class='ocr_carea' id='block_1_3' title="bbox 178 1569 1011 3996">
    <p class='ocr_par' dir='ltr' id='par_1_3' title="bbox 178 1569 1011 3996">
     <span class='ocr_line' id='line_1_14' title="bbox 181 1569 979 1650; baseline 0.001 -18"><span class='ocrx_word' id='word_1_140' title='bbox 181 1569 388 1650; x_wconf 90' lang='lat' dir='ltr'>postmodum</span> <span class='ocrx_word' id='word_1_141' title='bbox 412 1569 614 1631; x_wconf 85' lang='lat' dir='ltr'>venerabilis</span> <span class='ocrx_word' id='word_1_142' title='bbox 633 1570 737 1633; x_wconf 82' lang='lat' dir='ltr'>trater</span> <span class='ocrx_word' id='word_1_143' title='bbox 758 1575 873 1635; x_wconf 87' lang='lat' dir='ltr'>noster</span> <span class='ocrx_word' id='word_1_144' title='bbox 894 1576 979 1636; x_wconf 86' lang='lat' dir='ltr'>Tus-</span> 
     </span>
     <span class='ocr_line' id='line_1_15' title="bbox 182 1666 980 1746; baseline 0.005 -17"><span class='ocrx_word' id='word_1_145' title='bbox 182 1668 322 1730; x_wconf 89' lang='lat' dir='ltr'>culanus</span> <span class='ocrx_word' id='word_1_146' title='bbox 342 1666 516 1744; x_wconf 87' lang='lat' dir='ltr'>episcopus</span> <span class='ocrx_word' id='word_1_147' title='bbox 541 1669 739 1746; x_wconf 79' lang='lat' dir='ltr'>apostoticae</span> <span class='ocrx_word' id='word_1_148' title='bbox 756 1672 850 1733; x_wconf 89' lang='lat' dir='ltr'>Sedis</span> <span class='ocrx_word' id='word_1_149' title='bbox 862 1672 980 1733; x_wconf 80' lang='lat' dir='ltr'>initn-</span> 
     </span>
     <span class='ocr_line' id='line_1_16' title="bbox 178 1763 977 1847; baseline 0.008 -22"><span class='ocrx_word' id='word_1_150' title='bbox 178 1765 249 1842; x_wconf 71' lang='lat' dir='ltr'>glis</span> <span class='ocrx_word' id='word_1_151' title='bbox 275 1765 354 1827; x_wconf 91' lang='lat' dir='ltr'>tuno</span> <span class='ocrx_word' id='word_1_152' title='bbox 375 1764 503 1841; x_wconf 81' lang='lat' dir='ltr'>legatus</span> <span class='ocrx_word' id='word_1_153' title='bbox 517 1763 574 1847; x_wconf 88' lang='lat' dir='ltr'>(c),</span> <span class='ocrx_word' id='word_1_154' title='bbox 591 1767 805 1830; x_wconf 85' lang='lat' dir='ltr'>Norwtncen.</span> <span class='ocrx_word' id='word_1_155' title='bbox 821 1771 898 1832; x_wconf 88' lang='lat' dir='ltr'>sede</span> <span class='ocrx_word' id='word_1_156' title='bbox 913 1785 977 1831; x_wconf 83' lang='lat' dir='ltr'>ra·</span> 
     </span>
     <span class='ocr_line' id='line_1_17' title="bbox 178 1863 978 1941; baseline 0.005 -15"><span class='ocrx_word' id='word_1_157' title='bbox 178 1865 288 1937; x_wconf 88' lang='lat' dir='ltr'>cante,</span> <span class='ocrx_word' id='word_1_158' title='bbox 309 1864 375 1941; x_wconf 93' lang='lat' dir='ltr'>ipsi</span> <span class='ocrx_word' id='word_1_159' title='bbox 398 1863 601 1926; x_wconf 88' lang='lat' dir='ltr'>monasterio</span> <span class='ocrx_word' id='word_1_160' title='bbox 621 1865 840 1941; x_wconf 74' lang='lat' dir='ltr'>confirmarit,</span> <span class='ocrx_word' id='word_1_161' title='bbox 865 1869 910 1941; x_wconf 91' lang='lat' dir='ltr'>te,</span> <span class='ocrx_word' id='word_1_162' title='bbox 930 1868 978 1930; x_wconf 86' lang='lat' dir='ltr'>fili</span> 
     </span>
     <span class='ocr_line' id='line_1_18' title="bbox 179 1960 976 2042; baseline 0.005 -20"><span class='ocrx_word' id='word_1_163' title='bbox 179 1960 294 2034; x_wconf 72' lang='lat' dir='ltr'>abbas</span> <span class='ocrx_word' id='word_1_164' title='bbox 318 1976 419 2022; x_wconf 90' lang='lat' dir='ltr'>manu</span> <span class='ocrx_word' id='word_1_165' title='bbox 434 1962 569 2038; x_wconf 88' lang='lat' dir='ltr'>propria</span> <span class='ocrx_word' id='word_1_166' title='bbox 590 1961 773 2026; x_wconf 80' lang='lat' dir='ltr'>investiens</span> <span class='ocrx_word' id='word_1_167' title='bbox 789 1965 830 2026; x_wconf 91' lang='lat' dir='ltr'>de</span> <span class='ocrx_word' id='word_1_168' title='bbox 843 1965 976 2042; x_wconf 83' lang='lat' dir='ltr'>eodem3</span> 
     </span>
     <span class='ocr_line' id='line_1_19' title="bbox 182 2058 979 2125; baseline 0.005 -5"><span class='ocrx_word' id='word_1_169' title='bbox 182 2075 243 2120; x_wconf 90' lang='lat' dir='ltr'>nec</span> <span class='ocrx_word' id='word_1_170' title='bbox 255 2075 321 2120; x_wconf 92' lang='lat' dir='ltr'>non</span> <span class='ocrx_word' id='word_1_171' title='bbox 332 2059 364 2120; x_wconf 91' lang='lat' dir='ltr'>et</span> <span class='ocrx_word' id='word_1_172' title='bbox 375 2058 577 2120; x_wconf 88' lang='lat' dir='ltr'>venerabilis</span> <span class='ocrx_word' id='word_1_173' title='bbox 590 2059 693 2122; x_wconf 85' lang='lat' dir='ltr'>trater</span> <span class='ocrx_word' id='word_1_174' title='bbox 705 2063 819 2124; x_wconf 89' lang='lat' dir='ltr'>noster</span> <span class='ocrx_word' id='word_1_175' title='bbox 834 2063 979 2125; x_wconf 85' lang='lat' dir='ltr'>Cantua-</span> 
     </span>
     <span class='ocr_line' id='line_1_20' title="bbox 180 2156 978 2235; baseline 0.005 -17"><span class='ocrx_word' id='word_1_176' title='bbox 180 2157 303 2218; x_wconf 90' lang='lat' dir='ltr'>riensis</span> <span class='ocrx_word' id='word_1_177' title='bbox 338 2156 621 2235; x_wconf 89' lang='lat' dir='ltr'>archiepiscopus,</span> <span class='ocrx_word' id='word_1_178' title='bbox 658 2158 784 2221; x_wconf 79' lang='lat' dir='ltr'>sanctae</span> <span class='ocrx_word' id='word_1_179' title='bbox 819 2161 978 2222; x_wconf 83' lang='lat' dir='ltr'>Romanae</span> 
     </span>
     <span class='ocr_line' id='line_1_21' title="bbox 181 2253 979 2336; baseline 0.004 -20"><span class='ocrx_word' id='word_1_180' title='bbox 181 2255 338 2316; x_wconf 86' lang='lat' dir='ltr'>Ecclesiae</span> <span class='ocrx_word' id='word_1_181' title='bbox 374 2255 559 2316; x_wconf 89' lang='lat' dir='ltr'>cardinalis</span> <span class='ocrx_word' id='word_1_182' title='bbox 599 2253 661 2336; x_wconf 91' lang='lat' dir='ltr'>(d),</span> <span class='ocrx_word' id='word_1_183' title='bbox 705 2257 979 2334; x_wconf 87' lang='lat' dir='ltr'>metropolitanus</span> 
     </span>
     <span class='ocr_line' id='line_1_22' title="bbox 181 2352 978 2432; baseline 0.003 -18"><span class='ocrx_word' id='word_1_184' title='bbox 181 2352 337 2414; x_wconf 75' lang='lat' dir='ltr'>Ecclesiae</span> <span class='ocrx_word' id='word_1_185' title='bbox 359 2355 561 2426; x_wconf 86' lang='lat' dir='ltr'>memoratae,</span> <span class='ocrx_word' id='word_1_186' title='bbox 584 2354 825 2416; x_wconf 88' lang='lat' dir='ltr'>institutionem</span> <span class='ocrx_word' id='word_1_187' title='bbox 847 2356 978 2432; x_wconf 85' lang='lat' dir='ltr'>praefati</span> 
     </span>
     <span class='ocr_line' id='line_1_23' title="bbox 180 2450 978 2530; baseline 0.004 -18"><span class='ocrx_word' id='word_1_188' title='bbox 180 2450 281 2526; x_wconf 79' lang='lat' dir='ltr'>legati</span> <span class='ocrx_word' id='word_1_189' title='bbox 318 2452 490 2526; x_wconf 76' lang='lat' dir='ltr'>gratanter</span> <span class='ocrx_word' id='word_1_190' title='bbox 522 2452 714 2528; x_wconf 89' lang='lat' dir='ltr'>acceptans,</span> <span class='ocrx_word' id='word_1_191' title='bbox 750 2453 978 2530; x_wconf 88' lang='lat' dir='ltr'>praescriptam</span> 
     </span>
     <span class='ocr_line' id='line_1_24' title="bbox 181 2549 979 2628; baseline 0.003 -18"><span class='ocrx_word' id='word_1_192' title='bbox 181 2549 430 2611; x_wconf 90' lang='lat' dir='ltr'>concessionem</span> <span class='ocrx_word' id='word_1_193' title='bbox 460 2549 587 2626; x_wconf 85' lang='lat' dir='ltr'>reglam</span> <span class='ocrx_word' id='word_1_194' title='bbox 616 2549 836 2622; x_wconf 84' lang='lat' dir='ltr'>confirmarit,</span> <span class='ocrx_word' id='word_1_195' title='bbox 879 2567 979 2628; x_wconf 86' lang='lat' dir='ltr'>super</span> 
     </span>
     <span class='ocr_line' id='line_1_25' title="bbox 178 2633 980 2726; baseline 0.004 -19"><span class='ocrx_word' id='word_1_196' title='bbox 178 2663 245 2724; x_wconf 77' lang='lat' dir='ltr'>qno</span> <span class='ocrx_word' id='word_1_197' title='bbox 258 2646 371 2708; x_wconf 87' lang='lat' dir='ltr'>dilecti</span> <span class='ocrx_word' id='word_1_198' title='bbox 387 2646 448 2707; x_wconf 85' lang='lat' dir='ltr'>filii</span> <span class='ocrx_word' id='word_1_199' title='bbox 462 2647 556 2724; x_wconf 92' lang='lat' dir='ltr'>prior</span> <span class='ocrx_word' id='word_1_200' title='bbox 578 2647 611 2709; x_wconf 91' lang='lat' dir='ltr'>et</span> <span class='ocrx_word' id='word_1_201' title='bbox 625 2648 805 2726; x_wconf 89' lang='lat' dir='ltr'>capitulum</span> <span class='ocrx_word' id='word_1_202' title='bbox 820 2633 980 2710; x_wconf 82' lang='lat' dir='ltr'>Norwin-</span> 
     </span>
     <span class='ocr_line' id='line_1_26' title="bbox 181 2744 978 2823; baseline 0.003 -18"><span class='ocrx_word' id='word_1_203' title='bbox 181 2760 253 2806; x_wconf 91' lang='lat' dir='ltr'>cen.</span> <span class='ocrx_word' id='word_1_204' title='bbox 289 2761 385 2805; x_wconf 92' lang='lat' dir='ltr'>suum</span> <span class='ocrx_word' id='word_1_205' title='bbox 419 2744 513 2806; x_wconf 86' lang='lat' dir='ltr'>vobis</span> <span class='ocrx_word' id='word_1_206' title='bbox 549 2745 765 2823; x_wconf 84' lang='lat' dir='ltr'>praestiterint</span> <span class='ocrx_word' id='word_1_207' title='bbox 801 2762 978 2808; x_wconf 90' lang='lat' dir='ltr'>assensum</span> 
     </span>
     <span class='ocr_line' id='line_1_27' title="bbox 181 2841 980 2922; baseline 0.005 -20"><span class='ocrx_word' id='word_1_208' title='bbox 181 2841 365 2905; x_wconf 90' lang='lat' dir='ltr'>liberaliter</span> <span class='ocrx_word' id='word_1_209' title='bbox 378 2843 411 2904; x_wconf 92' lang='lat' dir='ltr'>et</span> <span class='ocrx_word' id='word_1_210' title='bbox 425 2841 578 2916; x_wconf 89' lang='lat' dir='ltr'>libenter,</span> <span class='ocrx_word' id='word_1_211' title='bbox 596 2843 682 2906; x_wconf 89' lang='lat' dir='ltr'>sicut</span> <span class='ocrx_word' id='word_1_212' title='bbox 705 2843 741 2905; x_wconf 92' lang='lat' dir='ltr'>in</span> <span class='ocrx_word' id='word_1_213' title='bbox 765 2845 980 2922; x_wconf 83' lang='lat' dir='ltr'>praescripto-</span> 
     </span>
     <span class='ocr_line' id='line_1_28' title="bbox 180 2939 977 3020; baseline 0.005 -20"><span class='ocrx_word' id='word_1_214' title='bbox 180 2955 255 3001; x_wconf 86' lang='lat' dir='ltr'>rum</span> <span class='ocrx_word' id='word_1_215' title='bbox 277 2941 381 3017; x_wconf 84' lang='lat' dir='ltr'>regis,</span> <span class='ocrx_word' id='word_1_216' title='bbox 416 2939 528 3016; x_wconf 83' lang='lat' dir='ltr'>legati,</span> <span class='ocrx_word' id='word_1_217' title='bbox 555 2940 821 3019; x_wconf 86' lang='lat' dir='ltr'>archiepiscopi,</span> <span class='ocrx_word' id='word_1_218' title='bbox 843 2943 977 3020; x_wconf 75' lang='lat' dir='ltr'>prloriS,</span> 
     </span>
     <span class='ocr_line' id='line_1_29' title="bbox 181 3038 977 3116; baseline 0.005 -16"><span class='ocrx_word' id='word_1_219' title='bbox 181 3039 317 3116; x_wconf 91' lang='lat' dir='ltr'>capituli</span> <span class='ocrx_word' id='word_1_220' title='bbox 332 3038 365 3100; x_wconf 91' lang='lat' dir='ltr'>et</span> <span class='ocrx_word' id='word_1_221' title='bbox 380 3038 573 3100; x_wconf 88' lang='lat' dir='ltr'>cancellarii</span> <span class='ocrx_word' id='word_1_222' title='bbox 597 3039 720 3102; x_wconf 89' lang='lat' dir='ltr'>littaris</span> <span class='ocrx_word' id='word_1_223' title='bbox 735 3039 844 3102; x_wconf 81' lang='lat' dir='ltr'>felicis</span> <span class='ocrx_word' id='word_1_224' title='bbox 858 3057 977 3104; x_wconf 89' lang='lat' dir='ltr'>recor-</span> 
     </span>
     <span class='ocr_line' id='line_1_30' title="bbox 179 3136 980 3216; baseline 0.004 -18"><span class='ocrx_word' id='word_1_225' title='bbox 179 3136 325 3198; x_wconf 91' lang='lat' dir='ltr'>dationis</span> <span class='ocrx_word' id='word_1_226' title='bbox 360 3137 576 3198; x_wconf 91' lang='lat' dir='ltr'>Innocentius</span> <span class='ocrx_word' id='word_1_227' title='bbox 618 3140 709 3215; x_wconf 87' lang='lat' dir='ltr'>Papa</span> <span class='ocrx_word' id='word_1_228' title='bbox 749 3139 980 3216; x_wconf 88' lang='lat' dir='ltr'>praedecessor</span> 
     </span>
     <span class='ocr_line' id='line_1_31' title="bbox 180 3233 978 3312; baseline 0.006 -18"><span class='ocrx_word' id='word_1_229' title='bbox 180 3238 295 3296; x_wconf 90' lang='lat' dir='ltr'>noster</span> <span class='ocrx_word' id='word_1_230' title='bbox 306 3235 476 3312; x_wconf 82' lang='lat' dir='ltr'>perspexit</span> <span class='ocrx_word' id='word_1_231' title='bbox 491 3233 623 3311; x_wconf 88' lang='lat' dir='ltr'>plenius</span> <span class='ocrx_word' id='word_1_232' title='bbox 638 3235 801 3297; x_wconf 87' lang='lat' dir='ltr'>contineri</span> <span class='ocrx_word' id='word_1_233' title='bbox 816 3258 824 3298; x_wconf 88' lang='lat'>:</span> <span class='ocrx_word' id='word_1_234' title='bbox 846 3237 915 3299; x_wconf 91' lang='lat' dir='ltr'>Nos</span> <span class='ocrx_word' id='word_1_235' title='bbox 937 3237 978 3298; x_wconf 92' lang='lat' dir='ltr'>ad</span> 
     </span>
     <span class='ocr_line' id='line_1_32' title="bbox 178 3330 977 3410; baseline 0.001 -17"><span class='ocrx_word' id='word_1_236' title='bbox 178 3330 351 3410; x_wconf 79' lang='lat' dir='ltr'>exemplar</span> <span class='ocrx_word' id='word_1_237' title='bbox 381 3332 530 3410; x_wconf 90' lang='lat' dir='ltr'>ejusdem</span> <span class='ocrx_word' id='word_1_238' title='bbox 568 3333 826 3410; x_wconf 87' lang='lat' dir='ltr'>praedecessoris</span> <span class='ocrx_word' id='word_1_239' title='bbox 858 3336 977 3408; x_wconf 89' lang='lat' dir='ltr'>nostri,</span> 
     </span>
     <span class='ocr_line' id='line_1_33' title="bbox 179 3430 979 3508; baseline 0.003 -17"><span class='ocrx_word' id='word_1_240' title='bbox 179 3430 351 3508; x_wconf 80' lang='lat' dir='ltr'>praelatam</span> <span class='ocrx_word' id='word_1_241' title='bbox 367 3431 615 3492; x_wconf 90' lang='lat' dir='ltr'>concessionem</span> <span class='ocrx_word' id='word_1_242' title='bbox 639 3430 767 3506; x_wconf 85' lang='lat' dir='ltr'>regiam</span> <span class='ocrx_word' id='word_1_243' title='bbox 787 3433 927 3507; x_wconf 82' lang='lat' dir='ltr'>gratam,</span> <span class='ocrx_word' id='word_1_244' title='bbox 947 3431 979 3493; x_wconf 88' lang='lat' dir='ltr'>et</span> 
     </span>
     <span class='ocr_line' id='line_1_34' title="bbox 180 3526 979 3602; baseline 0.003 -14"><span class='ocrx_word' id='word_1_245' title='bbox 180 3530 286 3589; x_wconf 90' lang='lat' dir='ltr'>ratam</span> <span class='ocrx_word' id='word_1_246' title='bbox 305 3526 482 3600; x_wconf 89' lang='lat' dir='ltr'>habentes,</span> <span class='ocrx_word' id='word_1_247' title='bbox 508 3528 632 3588; x_wconf 89' lang='lat' dir='ltr'>dictum</span> <span class='ocrx_word' id='word_1_248' title='bbox 657 3527 865 3602; x_wconf 87' lang='lat' dir='ltr'>beneficium,</span> <span class='ocrx_word' id='word_1_249' title='bbox 893 3529 979 3590; x_wconf 89' lang='lat' dir='ltr'>sicut</span> 
     </span>
     <span class='ocr_line' id='line_1_35' title="bbox 179 3624 980 3704; baseline 0.002 -17"><span class='ocrx_word' id='word_1_250' title='bbox 179 3624 262 3687; x_wconf 91' lang='lat' dir='ltr'>illud</span> <span class='ocrx_word' id='word_1_251' title='bbox 285 3625 375 3704; x_wconf 91' lang='lat' dir='ltr'>juste</span> <span class='ocrx_word' id='word_1_252' title='bbox 396 3641 436 3686; x_wconf 90' lang='lat' dir='ltr'>ac</span> <span class='ocrx_word' id='word_1_253' title='bbox 458 3625 595 3703; x_wconf 80' lang='lat' dir='ltr'>pacifice</span> <span class='ocrx_word' id='word_1_254' title='bbox 616 3625 804 3703; x_wconf 72' lang='lat' dir='ltr'>possidetis</span> <span class='ocrx_word' id='word_1_255' title='bbox 830 3626 924 3689; x_wconf 87' lang='lat' dir='ltr'>volits</span> <span class='ocrx_word' id='word_1_256' title='bbox 946 3630 980 3689; x_wconf 89' lang='lat' dir='ltr'>et</span> 
     </span>
     <span class='ocr_line' id='line_1_36' title="bbox 181 3724 980 3801; baseline 0.001 -17"><span class='ocrx_word' id='word_1_257' title='bbox 181 3739 241 3801; x_wconf 91' lang='lat' dir='ltr'>per</span> <span class='ocrx_word' id='word_1_258' title='bbox 252 3739 310 3785; x_wconf 86' lang='lat' dir='ltr'>ros</span> <span class='ocrx_word' id='word_1_259' title='bbox 326 3724 528 3785; x_wconf 90' lang='lat' dir='ltr'>monasterio</span> <span class='ocrx_word' id='word_1_260' title='bbox 543 3725 655 3785; x_wconf 86' lang='lat' dir='ltr'>vestro</span> <span class='ocrx_word' id='word_1_261' title='bbox 666 3725 864 3785; x_wconf 85' lang='lat' dir='ltr'>auctoritate</span> <span class='ocrx_word' id='word_1_262' title='bbox 878 3727 980 3801; x_wconf 75' lang='lat' dir='ltr'>Apos-</span> 
     </span>
     <span class='ocr_line' id='line_1_37' title="bbox 181 3821 1011 3899; baseline -0.002 -15"><span class='ocrx_word' id='word_1_263' title='bbox 181 3822 282 3884; x_wconf 88' lang='lat' dir='ltr'>tolica</span> <span class='ocrx_word' id='word_1_264' title='bbox 310 3821 557 3888; x_wconf 86' lang='lat' dir='ltr'>confirmamus,</span> <span class='ocrx_word' id='word_1_265' title='bbox 594 3821 627 3882; x_wconf 92' lang='lat' dir='ltr'>et</span> <span class='ocrx_word' id='word_1_266' title='bbox 660 3821 835 3898; x_wconf 89' lang='lat' dir='ltr'>praesentis</span> <span class='ocrx_word' id='word_1_267' title='bbox 864 3821 979 3899; x_wconf 90' lang='lat' dir='ltr'>scripti</span> <span class='ocrx_word' id='word_1_268' title='bbox 1010 3865 1011 3868; x_wconf 63' lang='lat'>,</span> 
     </span>
     <span class='ocr_line' id='line_1_38' title="bbox 181 3917 979 3996; baseline -0.001 -15"><span class='ocrx_word' id='word_1_269' title='bbox 181 3919 368 3996; x_wconf 90' lang='lat' dir='ltr'>patrocinio</span> <span class='ocrx_word' id='word_1_270' title='bbox 413 3917 676 3990; x_wconf 89' lang='lat' dir='ltr'>communimus,</span> <span class='ocrx_word' id='word_1_271' title='bbox 714 3917 864 3996; x_wconf 74' lang='lat' dir='ltr'>separati</span> <span class='ocrx_word' id='word_1_272' title='bbox 889 3920 979 3996; x_wconf 79' lang='lat' dir='ltr'>regis</span> 
     </span>
    </p>
   </div>
   <div class='ocr_carea' id='block_1_4' title="bbox 178 4102 979 5670">
    <p class='ocr_par' dir='ltr' id='par_1_4' title="bbox 178 4102 979 5670">
     <span class='ocr_line' id='line_1_39' title="bbox 216 4102 979 4186; baseline 0.007 -28"><span class='ocrx_word' id='word_1_273' title='bbox 216 4103 259 4176; x_wconf 83' lang='lat' dir='ltr'>(a)</span> <span class='ocrx_word' id='word_1_274' title='bbox 282 4102 356 4162; x_wconf 85' lang='lat' dir='ltr'>Vixit</span> <span class='ocrx_word' id='word_1_275' title='bbox 370 4115 485 4178; x_wconf 77' lang='lat' dir='ltr'>coetus</span> <span class='ocrx_word' id='word_1_276' title='bbox 504 4103 663 4161; x_wconf 89' lang='lat' dir='ltr'>Innocentii</span> <span class='ocrx_word' id='word_1_277' title='bbox 678 4105 735 4174; x_wconf 85' lang='lat'>1113</span> <span class='ocrx_word' id='word_1_278' title='bbox 751 4103 891 4186; x_wconf 82' lang='lat' dir='ltr'>siquidem</span> <span class='ocrx_word' id='word_1_279' title='bbox 907 4111 979 4164; x_wconf 88' lang='lat' dir='ltr'>teste</span> 
     </span>
     <span class='ocr_line' id='line_1_40' title="bbox 179 4173 975 4250; baseline 0 -16"><span class='ocrx_word' id='word_1_280' title='bbox 179 4175 305 4248; x_wconf 84' lang='lat' dir='ltr'>Rogerio</span> <span class='ocrx_word' id='word_1_281' title='bbox 327 4173 483 4232; x_wconf 82' lang='lat' dir='ltr'>iloredeiio</span> <span class='ocrx_word' id='word_1_282' title='bbox 503 4173 621 4246; x_wconf 80' lang='lat' dir='ltr'>iiuJ&#39;usce</span> <span class='ocrx_word' id='word_1_283' title='bbox 634 4177 727 4250; x_wconf 80' lang='lat' dir='ltr'>aetatis</span> <span class='ocrx_word' id='word_1_284' title='bbox 743 4183 880 4249; x_wconf 77' lang='lat' dir='ltr'>scriptore</span> <span class='ocrx_word' id='word_1_285' title='bbox 901 4177 975 4234; x_wconf 89' lang='lat' dir='ltr'>ocle-</span> 
     </span>
     <span class='ocr_line' id='line_1_41' title="bbox 179 4244 978 4320; baseline 0.001 -16"><span class='ocrx_word' id='word_1_286' title='bbox 179 4245 315 4315; x_wconf 88' lang='lat' dir='ltr'>bcrrimo,</span> <span class='ocrx_word' id='word_1_287' title='bbox 331 4244 378 4303; x_wconf 90' lang='lat' dir='ltr'>die</span> <span class='ocrx_word' id='word_1_288' title='bbox 392 4245 427 4304; x_wconf 80' lang='lat'>2⁷</span> <span class='ocrx_word' id='word_1_289' title='bbox 442 4245 509 4302; x_wconf 89' lang='lat' dir='ltr'>maii</span> <span class='ocrx_word' id='word_1_290' title='bbox 529 4260 576 4304; x_wconf 91' lang='lat' dir='ltr'>an.</span> <span class='ocrx_word' id='word_1_291' title='bbox 599 4247 679 4315; x_wconf 81' lang='lat' dir='ltr'>llas,</span> <span class='ocrx_word' id='word_1_292' title='bbox 695 4247 724 4303; x_wconf 94' lang='lat' dir='ltr'>in</span> <span class='ocrx_word' id='word_1_293' title='bbox 739 4247 853 4320; x_wconf 82' lang='lat' dir='ltr'>Angites</span> <span class='ocrx_word' id='word_1_294' title='bbox 869 4248 978 4320; x_wconf 84' lang='lat' dir='ltr'>Regem</span> 
     </span>
     <span class='ocr_line' id='line_1_42' title="bbox 179 4317 975 4389; baseline 0.001 -15"><span class='ocrx_word' id='word_1_295' title='bbox 179 4319 312 4375; x_wconf 87' lang='lat' dir='ltr'>inunctus</span> <span class='ocrx_word' id='word_1_296' title='bbox 326 4324 378 4375; x_wconf 88' lang='lat' dir='ltr'>est.</span> <span class='ocrx_word' id='word_1_297' title='bbox 395 4317 564 4376; x_wconf 74' lang='lat' dir='ltr'>consulatur</span> <span class='ocrx_word' id='word_1_298' title='bbox 583 4325 726 4389; x_wconf 87' lang='lat' dir='ltr'>postrema</span> <span class='ocrx_word' id='word_1_299' title='bbox 743 4317 896 4375; x_wconf 78' lang='lat' dir='ltr'>Annalium</span> <span class='ocrx_word' id='word_1_300' title='bbox 920 4321 975 4376; x_wconf 83' lang='lat' dir='ltr'>Ito·</span> 
     </span>
     <span class='ocr_line' id='line_1_43' title="bbox 179 4388 979 4518; baseline 0.003 -72"><span class='ocrx_word' id='word_1_301' title='bbox 179 4389 252 4518; x_wconf 50' lang='lat' dir='ltr'>gerii</span> <span class='ocrx_word' id='word_1_302' title='bbox 273 4404 349 4461; x_wconf 89' lang='lat' dir='ltr'>pars,</span> <span class='ocrx_word' id='word_1_303' title='bbox 372 4403 436 4472; x_wconf 79' lang='lat' dir='ltr'>qiiae</span> <span class='ocrx_word' id='word_1_304' title='bbox 456 4388 492 4446; x_wconf 90' lang='lat' dir='ltr'>ad</span> <span class='ocrx_word' id='word_1_305' title='bbox 513 4388 594 4446; x_wconf 88' lang='lat' dir='ltr'>initia</span> <span class='ocrx_word' id='word_1_306' title='bbox 613 4403 703 4462; x_wconf 87' lang='lat' dir='ltr'>usque</span> <span class='ocrx_word' id='word_1_307' title='bbox 724 4390 844 4447; x_wconf 84' lang='lat' dir='ltr'>Ioannis</span> <span class='ocrx_word' id='word_1_308' title='bbox 865 4391 979 4463; x_wconf 82' lang='lat' dir='ltr'>Angliie</span> 
     </span>
     <span class='ocr_line' id='line_1_44' title="bbox 204 4460 977 4616; baseline 0.004 -29"><span class='ocrx_word' id='word_1_309' title='bbox 204 4460 649 4614; x_wconf 41' lang='lat' dir='ltr'>egtsegssidulgetrtizsseborumfflro</span> <span class='ocrx_word' id='word_1_310' title='bbox 659 4530 786 4588; x_wconf 89' lang='lat' dir='ltr'>locorum</span> <span class='ocrx_word' id='word_1_311' title='bbox 802 4529 977 4616; x_wconf 78' lang='lat' dir='ltr'>diversitate,</span> 
     </span>
     <span class='ocr_line' id='line_1_45' title="bbox 179 4603 979 4676; baseline 0.003 -18"><span class='ocrx_word' id='word_1_312' title='bbox 179 4617 273 4668; x_wconf 88' lang='lat' dir='ltr'>vaor;</span> <span class='ocrx_word' id='word_1_313' title='bbox 293 4617 372 4659; x_wconf 87' lang='lat' dir='ltr'>varia</span> <span class='ocrx_word' id='word_1_314' title='bbox 396 4609 466 4659; x_wconf 89' lang='lat' dir='ltr'>item</span> <span class='ocrx_word' id='word_1_315' title='bbox 483 4609 620 4674; x_wconf 89' lang='lat' dir='ltr'>acceptio.</span> <span class='ocrx_word' id='word_1_316' title='bbox 643 4603 685 4660; x_wconf 90' lang='lat' dir='ltr'>De</span> <span class='ocrx_word' id='word_1_317' title='bbox 706 4603 833 4660; x_wconf 87' lang='lat' dir='ltr'>meroliis</span> <span class='ocrx_word' id='word_1_318' title='bbox 857 4611 979 4676; x_wconf 76' lang='lat' dir='ltr'>anglicis</span> 
     </span>
     <span class='ocr_line' id='line_1_46' title="bbox 178 4671 976 4746; baseline 0.003 -16"><span class='ocrx_word' id='word_1_319' title='bbox 178 4672 286 4730; x_wconf 89' lang='lat' dir='ltr'>bullam</span> <span class='ocrx_word' id='word_1_320' title='bbox 303 4671 350 4729; x_wconf 89' lang='lat' dir='ltr'>liic</span> <span class='ocrx_word' id='word_1_321' title='bbox 364 4672 452 4744; x_wconf 85' lang='lat' dir='ltr'>loqul,</span> <span class='ocrx_word' id='word_1_322' title='bbox 465 4687 551 4730; x_wconf 91' lang='lat' dir='ltr'>nemo</span> <span class='ocrx_word' id='word_1_323' title='bbox 569 4672 749 4742; x_wconf 88' lang='lat' dir='ltr'>dubitaverit,</span> <span class='ocrx_word' id='word_1_324' title='bbox 774 4677 823 4746; x_wconf 85' lang='lat' dir='ltr'>qni</span> <span class='ocrx_word' id='word_1_325' title='bbox 839 4677 914 4732; x_wconf 89' lang='lat' dir='ltr'>norit</span> <span class='ocrx_word' id='word_1_326' title='bbox 928 4675 976 4732; x_wconf 87' lang='lat' dir='ltr'>tri-</span> 
     </span>
     <span class='ocr_line' id='line_1_47' title="bbox 180 4741 978 4886; baseline 0.005 -15"><span class='ocrx_word' id='word_1_327' title='bbox 180 4741 811 4886; x_wconf 50' lang='lat' dir='ltr'>arrcirratacarrinatis</span> <span class='ocrx_word' id='word_1_328' title='bbox 828 4747 978 4877; x_wconf 79' lang='lat' dir='ltr'>parta</span> 
     </span>
     <span class='ocr_line' id='line_1_48' title="bbox 179 4853 978 4958; baseline 0.005 -16"><span class='ocrx_word' id='word_1_329' title='bbox 179 4883 333 4956; x_wconf 75' lang='lat' dir='ltr'>duplicas,</span> <span class='ocrx_word' id='word_1_330' title='bbox 346 4853 588 4954; x_wconf 62' lang='lat' dir='ltr'>efiorttcyorum</span> <span class='ocrx_word' id='word_1_331' title='bbox 605 4885 721 4958; x_wconf 90' lang='lat' dir='ltr'>perinde</span> <span class='ocrx_word' id='word_1_332' title='bbox 736 4888 832 4945; x_wconf 90' lang='lat' dir='ltr'>valere</span> <span class='ocrx_word' id='word_1_333' title='bbox 859 4894 978 4946; x_wconf 88' lang='lat' dir='ltr'>testatur</span> 
     </span>
     <span class='ocr_line' id='line_1_49' title="bbox 179 4933 979 5036; baseline 0.003 -20"><span class='ocrx_word' id='word_1_334' title='bbox 179 4957 315 5029; x_wconf 74' lang='lat' dir='ltr'>(langius,</span> <span class='ocrx_word' id='word_1_335' title='bbox 344 4954 436 5036; x_wconf 75' lang='lat' dir='ltr'>quiin</span> <span class='ocrx_word' id='word_1_336' title='bbox 454 4954 749 5034; x_wconf 27' lang='lat' dir='ltr'>singulealmarclias</span> <span class='ocrx_word' id='word_1_337' title='bbox 770 4933 925 5017; x_wconf 82' lang='lat' dir='ltr'>solidorum</span> <span class='ocrx_word' id='word_1_338' title='bbox 950 4968 979 5019; x_wconf 89' lang='lat' dir='ltr'>et</span> 
     </span>
     <span class='ocr_line' id='line_1_50' title="bbox 180 5025 978 5101; baseline 0.001 -15"><span class='ocrx_word' id='word_1_339' title='bbox 180 5037 301 5101; x_wconf 82' lang='lat' dir='ltr'>quatuor</span> <span class='ocrx_word' id='word_1_340' title='bbox 323 5025 504 5082; x_wconf 88' lang='lat' dir='ltr'>denariorum</span> <span class='ocrx_word' id='word_1_341' title='bbox 527 5031 650 5097; x_wconf 89' lang='lat' dir='ltr'>pretium</span> <span class='ocrx_word' id='word_1_342' title='bbox 673 5029 791 5087; x_wconf 79' lang='lat' dir='ltr'>confert.</span> <span class='ocrx_word' id='word_1_343' title='bbox 817 5030 924 5089; x_wconf 86' lang='lat' dir='ltr'>Verum</span> <span class='ocrx_word' id='word_1_344' title='bbox 949 5037 978 5087; x_wconf 93' lang='lat' dir='ltr'>et</span> 
     </span>
     <span class='ocr_line' id='line_1_51' title="bbox 179 5094 978 5173; baseline 0.003 -17"><span class='ocrx_word' id='word_1_345' title='bbox 179 5099 237 5168; x_wconf 89' lang='lat' dir='ltr'>liic,</span> <span class='ocrx_word' id='word_1_346' title='bbox 251 5099 279 5154; x_wconf 93' lang='lat' dir='ltr'>in</span> <span class='ocrx_word' id='word_1_347' title='bbox 293 5102 398 5154; x_wconf 87' lang='lat' dir='ltr'>statuto</span> <span class='ocrx_word' id='word_1_348' title='bbox 412 5094 568 5152; x_wconf 90' lang='lat' dir='ltr'>solidorum</span> <span class='ocrx_word' id='word_1_349' title='bbox 588 5097 683 5153; x_wconf 87' lang='lat' dir='ltr'>valore</span> <span class='ocrx_word' id='word_1_350' title='bbox 698 5099 978 5173; x_wconf 79' lang='lat' dir='ltr'>taxando,ambages</span> 
     </span>
     <span class='ocr_line' id='line_1_52' title="bbox 178 5165 976 5243; baseline 0.001 -15"><span class='ocrx_word' id='word_1_351' title='bbox 178 5175 340 5229; x_wconf 87' lang='lat' dir='ltr'>occurrunt.</span> <span class='ocrx_word' id='word_1_352' title='bbox 355 5169 390 5226; x_wconf 90' lang='lat' dir='ltr'>Ut</span> <span class='ocrx_word' id='word_1_353' title='bbox 406 5165 441 5223; x_wconf 91' lang='lat' dir='ltr'>ab</span> <span class='ocrx_word' id='word_1_354' title='bbox 457 5165 535 5222; x_wconf 88' lang='lat' dir='ltr'>hisce</span> <span class='ocrx_word' id='word_1_355' title='bbox 547 5165 759 5226; x_wconf 82' lang='lat' dir='ltr'>difflouttsttbus</span> <span class='ocrx_word' id='word_1_356' title='bbox 773 5185 826 5227; x_wconf 89' lang='lat' dir='ltr'>nos</span> <span class='ocrx_word' id='word_1_357' title='bbox 841 5172 976 5243; x_wconf 84' lang='lat' dir='ltr'>expedia·</span> 
     </span>
     <span class='ocr_line' id='line_1_53' title="bbox 180 5235 976 5314; baseline 0 -15"><span class='ocrx_word' id='word_1_358' title='bbox 180 5257 254 5310; x_wconf 90' lang='lat' dir='ltr'>mos,</span> <span class='ocrx_word' id='word_1_359' title='bbox 271 5253 356 5313; x_wconf 84' lang='lat' dir='ltr'>quam</span> <span class='ocrx_word' id='word_1_360' title='bbox 369 5235 531 5296; x_wconf 89' lang='lat' dir='ltr'>Grimaldus</span> <span class='ocrx_word' id='word_1_361' title='bbox 546 5237 574 5294; x_wconf 90' lang='lat' dir='ltr'>in</span> <span class='ocrx_word' id='word_1_362' title='bbox 591 5251 678 5310; x_wconf 87' lang='lat' dir='ltr'>opere</span> <span class='ocrx_word' id='word_1_363' title='bbox 697 5239 732 5295; x_wconf 90' lang='lat' dir='ltr'>de</span> <span class='ocrx_word' id='word_1_364' title='bbox 756 5241 870 5310; x_wconf 68' lang='lat' dir='ltr'>Veron„</span> <span class='ocrx_word' id='word_1_365' title='bbox 886 5257 914 5314; x_wconf 85' lang='lat' dir='ltr'>p.</span> <span class='ocrx_word' id='word_1_366' title='bbox 933 5244 976 5312; x_wconf 92' lang='lat' dir='ltr'>ll,</span> 
     </span>
     <span class='ocr_line' id='line_1_54' title="bbox 180 5307 975 5382; baseline -0.001 -12"><span class='ocrx_word' id='word_1_367' title='bbox 180 5312 362 5370; x_wconf 86' lang='lat' dir='ltr'>marcharum</span> <span class='ocrx_word' id='word_1_368' title='bbox 380 5323 544 5366; x_wconf 90' lang='lat' dir='ltr'>mensuram</span> <span class='ocrx_word' id='word_1_369' title='bbox 562 5307 669 5377; x_wconf 87' lang='lat' dir='ltr'>statuit,</span> <span class='ocrx_word' id='word_1_370' title='bbox 685 5309 870 5382; x_wconf 85' lang='lat' dir='ltr'>explicamus.</span> <span class='ocrx_word' id='word_1_371' title='bbox 886 5313 975 5370; x_wconf 83' lang='lat' dir='ltr'>Addi-</span> 
     </span>
     <span class='ocr_line' id='line_1_55' title="bbox 179 5377 979 5512; baseline -0.004 -72"><span class='ocrx_word' id='word_1_372' title='bbox 179 5385 231 5454; x_wconf 85' lang='lat' dir='ltr'>dit,</span> <span class='ocrx_word' id='word_1_373' title='bbox 244 5385 281 5440; x_wconf 89' lang='lat' dir='ltr'>ita</span> <span class='ocrx_word' id='word_1_374' title='bbox 292 5383 328 5439; x_wconf 91' lang='lat' dir='ltr'>de</span> <span class='ocrx_word' id='word_1_375' title='bbox 341 5381 460 5462; x_wconf 83' lang='lat' dir='ltr'>NIcolao</span> <span class='ocrx_word' id='word_1_376' title='bbox 470 5381 511 5438; x_wconf 96' lang='lat' dir='ltr'>III</span> <span class='ocrx_word' id='word_1_377' title='bbox 526 5377 689 5438; x_wconf 86' lang='lat' dir='ltr'>Grimaldus</span> <span class='ocrx_word' id='word_1_378' title='bbox 702 5380 835 5452; x_wconf 88' lang='lat' dir='ltr'>loquitur,</span> <span class='ocrx_word' id='word_1_379' title='bbox 847 5383 979 5512; x_wconf 48' lang='grc' dir='ltr'><strong><em>ᾳαίηἵξόι-</em></strong></span> 
     </span>
     <span class='ocr_line' id='line_1_56' title="bbox 179 5453 976 5522; baseline 0 -11"><span class='ocrx_word' id='word_1_380' title='bbox 179 5459 224 5511; x_wconf 85' lang='lat' dir='ltr'>tos</span> <span class='ocrx_word' id='word_1_381' title='bbox 236 5453 909 5522; x_wconf 68' lang='lat' dir='ltr'>morobasstertmyorum;sootsemumoaetel</span> <span class='ocrx_word' id='word_1_382' title='bbox 969 5497 976 5511; x_wconf 91' lang='lat'><strong>.</strong></span> 
     </span>
     <span class='ocr_line' id='line_1_57' title="bbox 179 5522 978 5596; baseline 0 -13"><span class='ocrx_word' id='word_1_383' title='bbox 179 5525 331 5592; x_wconf 83' lang='lat' dir='ltr'>Nimirum,</span> <span class='ocrx_word' id='word_1_384' title='bbox 352 5531 384 5580; x_wconf 91' lang='lat' dir='ltr'>ut</span> <span class='ocrx_word' id='word_1_385' title='bbox 402 5522 432 5580; x_wconf 92' lang='lat' dir='ltr'>in</span> <span class='ocrx_word' id='word_1_386' title='bbox 450 5537 512 5579; x_wconf 90' lang='lat' dir='ltr'>mai</span> <span class='ocrx_word' id='word_1_387' title='bbox 536 5523 582 5580; x_wconf 87' lang='lat' dir='ltr'>iiie</span> <span class='ocrx_word' id='word_1_388' title='bbox 608 5522 751 5592; x_wconf 89' lang='lat' dir='ltr'>observat,</span> <span class='ocrx_word' id='word_1_389' title='bbox 775 5524 978 5596; x_wconf 81' lang='lat' dir='ltr'>startiayorom</span> 
     </span>
     <span class='ocr_line' id='line_1_58' title="bbox 179 5592 976 5670; baseline 0.004 -17"><span class='ocrx_word' id='word_1_390' title='bbox 179 5596 297 5653; x_wconf 80' lang='lat' dir='ltr'>morato</span> <span class='ocrx_word' id='word_1_391' title='bbox 309 5595 385 5654; x_wconf 88' lang='lat' dir='ltr'>valet</span> <span class='ocrx_word' id='word_1_392' title='bbox 401 5593 487 5669; x_wconf 87' lang='lat' dir='ltr'>julias</span> <span class='ocrx_word' id='word_1_393' title='bbox 505 5631 515 5653; x_wconf 65' lang='lat' dir='ltr'>i</span> <span class='ocrx_word' id='word_1_394' title='bbox 531 5595 622 5656; x_wconf 83' lang='lat' dir='ltr'>xvli.</span> <span class='ocrx_word' id='word_1_395' title='bbox 642 5593 670 5653; x_wconf 86' lang='lat' dir='ltr'>st</span> <span class='ocrx_word' id='word_1_396' title='bbox 692 5592 756 5652; x_wconf 80' lang='lat' dir='ltr'>hacc</span> <span class='ocrx_word' id='word_1_397' title='bbox 768 5593 823 5654; x_wconf 85' lang='lat' dir='ltr'>sibi</span> <span class='ocrx_word' id='word_1_398' title='bbox 834 5603 976 5670; x_wconf 87' lang='lat' dir='ltr'>consterit,</span> 
     </span>
    </p>
   </div>
   <div class='ocr_carea' id='block_1_5' title="bbox 1032 1571 1836 3994">
    <p class='ocr_par' dir='ltr' id='par_1_5' title="bbox 1032 1571 1836 3994">
     <span class='ocr_line' id='line_1_59' title="bbox 1033 1571 1833 1649; baseline 0 -14"><span class='ocrx_word' id='word_1_399' title='bbox 1033 1576 1100 1635; x_wconf 88' lang='lat' dir='ltr'>Deo</span> <span class='ocrx_word' id='word_1_400' title='bbox 1122 1573 1155 1635; x_wconf 88' lang='lat' dir='ltr'>et</span> <span class='ocrx_word' id='word_1_401' title='bbox 1186 1573 1296 1634; x_wconf 88' lang='lat' dir='ltr'>Beatae</span> <span class='ocrx_word' id='word_1_402' title='bbox 1319 1571 1450 1649; x_wconf 85' lang='lat' dir='ltr'>Virgini</span> <span class='ocrx_word' id='word_1_403' title='bbox 1469 1573 1601 1646; x_wconf 89' lang='lat' dir='ltr'>Mariae,</span> <span class='ocrx_word' id='word_1_404' title='bbox 1622 1573 1656 1633; x_wconf 92' lang='lat' dir='ltr'>et</span> <span class='ocrx_word' id='word_1_405' title='bbox 1673 1572 1784 1635; x_wconf 88' lang='lat' dir='ltr'>abbati</span> <span class='ocrx_word' id='word_1_406' title='bbox 1799 1575 1833 1636; x_wconf 93' lang='lat' dir='ltr'>et</span> 
     </span>
     <span class='ocr_line' id='line_1_60' title="bbox 1033 1670 1833 1735; baseline 0.001 -3"><span class='ocrx_word' id='word_1_407' title='bbox 1033 1671 1205 1733; x_wconf 88' lang='lat' dir='ltr'>monachis</span> <span class='ocrx_word' id='word_1_408' title='bbox 1242 1670 1435 1732; x_wconf 90' lang='lat' dir='ltr'>monasterii</span> <span class='ocrx_word' id='word_1_409' title='bbox 1475 1670 1582 1733; x_wconf 89' lang='lat' dir='ltr'>sancti</span> <span class='ocrx_word' id='word_1_410' title='bbox 1620 1671 1757 1733; x_wconf 89' lang='lat' dir='ltr'>Martini</span> <span class='ocrx_word' id='word_1_411' title='bbox 1791 1673 1833 1735; x_wconf 92' lang='lat' dir='ltr'>de</span> 
     </span>
     <span class='ocr_line' id='line_1_61' title="bbox 1033 1769 1833 1856; baseline 0.001 -25"><span class='ocrx_word' id='word_1_412' title='bbox 1033 1769 1143 1831; x_wconf 91' lang='lat' dir='ltr'>Monte</span> <span class='ocrx_word' id='word_1_413' title='bbox 1160 1769 1346 1832; x_wconf 83' lang='lat' dir='ltr'>viterbien.</span> <span class='ocrx_word' id='word_1_414' title='bbox 1362 1769 1398 1830; x_wconf 91' lang='lat' dir='ltr'>iii</span> <span class='ocrx_word' id='word_1_415' title='bbox 1417 1769 1547 1856; x_wconf 85' lang='lat' dir='ltr'>Tuscia,</span> <span class='ocrx_word' id='word_1_416' title='bbox 1574 1769 1615 1830; x_wconf 93' lang='lat' dir='ltr'>ad</span> <span class='ocrx_word' id='word_1_417' title='bbox 1639 1769 1833 1846; x_wconf 88' lang='lat' dir='ltr'>petitionem</span> 
     </span>
     <span class='ocr_line' id='line_1_62' title="bbox 1032 1866 1833 1945; baseline -0.001 -16"><span class='ocrx_word' id='word_1_418' title='bbox 1032 1866 1236 1929; x_wconf 81' lang='lat' dir='ltr'>venerabilis</span> <span class='ocrx_word' id='word_1_419' title='bbox 1261 1867 1327 1929; x_wconf 82' lang='lat' dir='ltr'>viri</span> <span class='ocrx_word' id='word_1_420' title='bbox 1352 1867 1490 1929; x_wconf 86' lang='lat' dir='ltr'>Ioannis</span> <span class='ocrx_word' id='word_1_421' title='bbox 1508 1867 1656 1945; x_wconf 85' lang='lat' dir='ltr'>ejusdem</span> <span class='ocrx_word' id='word_1_422' title='bbox 1683 1867 1749 1930; x_wconf 90' lang='lat' dir='ltr'>loci</span> <span class='ocrx_word' id='word_1_423' title='bbox 1767 1867 1833 1929; x_wconf 91' lang='lat' dir='ltr'>ab·</span> 
     </span>
     <span class='ocr_line' id='line_1_63' title="bbox 1032 1963 1832 2042; baseline 0 -16"><span class='ocrx_word' id='word_1_424' title='bbox 1032 1964 1131 2037; x_wconf 91' lang='lat' dir='ltr'>batis,</span> <span class='ocrx_word' id='word_1_425' title='bbox 1158 1965 1215 2042; x_wconf 91' lang='lat' dir='ltr'>qui</span> <span class='ocrx_word' id='word_1_426' title='bbox 1235 1979 1310 2026; x_wconf 91' lang='lat' dir='ltr'>oum</span> <span class='ocrx_word' id='word_1_427' title='bbox 1329 1963 1513 2025; x_wconf 80' lang='lat' dir='ltr'>venerabili</span> <span class='ocrx_word' id='word_1_428' title='bbox 1529 1965 1622 2041; x_wconf 89' lang='lat' dir='ltr'>patre</span> <span class='ocrx_word' id='word_1_429' title='bbox 1637 1967 1750 2027; x_wconf 89' lang='lat' dir='ltr'>nostro</span> <span class='ocrx_word' id='word_1_430' title='bbox 1767 1965 1832 2026; x_wconf 89' lang='lat' dir='ltr'>do-</span> 
     </span>
     <span class='ocr_line' id='line_1_64' title="bbox 1032 2062 1834 2141; baseline 0.001 -18"><span class='ocrx_word' id='word_1_431' title='bbox 1032 2063 1123 2123; x_wconf 90' lang='lat' dir='ltr'>mino</span> <span class='ocrx_word' id='word_1_432' title='bbox 1149 2062 1288 2123; x_wconf 89' lang='lat' dir='ltr'>Nicolao</span> <span class='ocrx_word' id='word_1_433' title='bbox 1312 2062 1501 2124; x_wconf 81' lang='lat' dir='ltr'>Tusculano</span> <span class='ocrx_word' id='word_1_434' title='bbox 1525 2063 1691 2140; x_wconf 81' lang='lat' dir='ltr'>epIscopo,</span> <span class='ocrx_word' id='word_1_435' title='bbox 1725 2064 1834 2141; x_wconf 82' lang='lat' dir='ltr'>Apos-</span> 
     </span>
     <span class='ocr_line' id='line_1_65' title="bbox 1032 2157 1833 2235; baseline 0.004 -15"><span class='ocrx_word' id='word_1_436' title='bbox 1032 2158 1141 2221; x_wconf 89' lang='lat' dir='ltr'>tolicae</span> <span class='ocrx_word' id='word_1_437' title='bbox 1183 2157 1277 2221; x_wconf 90' lang='lat' dir='ltr'>Sedis</span> <span class='ocrx_word' id='word_1_438' title='bbox 1318 2160 1453 2235; x_wconf 77' lang='lat' dir='ltr'>negato,</span> <span class='ocrx_word' id='word_1_439' title='bbox 1494 2158 1536 2221; x_wconf 91' lang='lat' dir='ltr'>ad</span> <span class='ocrx_word' id='word_1_440' title='bbox 1572 2175 1633 2221; x_wconf 91' lang='lat' dir='ltr'>nos</span> <span class='ocrx_word' id='word_1_441' title='bbox 1665 2160 1757 2223; x_wconf 80' lang='lat' dir='ltr'>yenit</span> <span class='ocrx_word' id='word_1_442' title='bbox 1796 2160 1833 2224; x_wconf 90' lang='lat' dir='ltr'>in</span> 
     </span>
     <span class='ocr_line' id='line_1_66' title="bbox 1032 2257 1835 2335; baseline 0.004 -16"><span class='ocrx_word' id='word_1_443' title='bbox 1032 2257 1198 2334; x_wconf 73' lang='lat' dir='ltr'>angimur,</span> <span class='ocrx_word' id='word_1_444' title='bbox 1224 2257 1259 2318; x_wconf 91' lang='lat' dir='ltr'>in</span> <span class='ocrx_word' id='word_1_445' title='bbox 1283 2273 1401 2334; x_wconf 92' lang='lat' dir='ltr'>puram</span> <span class='ocrx_word' id='word_1_446' title='bbox 1423 2258 1456 2320; x_wconf 92' lang='lat' dir='ltr'>et</span> <span class='ocrx_word' id='word_1_447' title='bbox 1474 2259 1667 2335; x_wconf 90' lang='lat' dir='ltr'>perpetuam</span> <span class='ocrx_word' id='word_1_448' title='bbox 1685 2259 1835 2322; x_wconf 89' lang='lat' dir='ltr'>eleemo-</span> 
     </span>
     <span class='ocr_line' id='line_1_67' title="bbox 1033 2354 1832 2433; baseline 0.003 -17"><span class='ocrx_word' id='word_1_449' title='bbox 1033 2371 1173 2433; x_wconf 89' lang='lat' dir='ltr'>synam,</span> <span class='ocrx_word' id='word_1_450' title='bbox 1204 2354 1402 2416; x_wconf 87' lang='lat' dir='ltr'>benelioium</span> <span class='ocrx_word' id='word_1_451' title='bbox 1430 2356 1579 2432; x_wconf 83' lang='lat' dir='ltr'>triginta</span> <span class='ocrx_word' id='word_1_452' title='bbox 1619 2358 1832 2418; x_wconf 87' lang='lat' dir='ltr'>marcharum</span> 
     </span>
     <span class='ocr_line' id='line_1_68' title="bbox 1034 2452 1833 2530; baseline 0.005 -18"><span class='ocrx_word' id='word_1_453' title='bbox 1034 2452 1174 2528; x_wconf 84' lang='lat' dir='ltr'>singulis</span> <span class='ocrx_word' id='word_1_454' title='bbox 1188 2453 1285 2514; x_wconf 83' lang='lat' dir='ltr'>anule</span> <span class='ocrx_word' id='word_1_455' title='bbox 1296 2453 1584 2530; x_wconf 90' lang='lat' dir='ltr'>percipiendarum</span> <span class='ocrx_word' id='word_1_456' title='bbox 1600 2454 1640 2514; x_wconf 93' lang='lat' dir='ltr'>de</span> <span class='ocrx_word' id='word_1_457' title='bbox 1655 2455 1833 2516; x_wconf 88' lang='lat' dir='ltr'>medietate</span> 
     </span>
     <span class='ocr_line' id='line_1_69' title="bbox 1033 2549 1829 2627; baseline 0.001 -16"><span class='ocrx_word' id='word_1_458' title='bbox 1033 2549 1190 2611; x_wconf 86' lang='lat' dir='ltr'>Ecclesiae</span> <span class='ocrx_word' id='word_1_459' title='bbox 1210 2550 1251 2611; x_wconf 87' lang='lat' dir='ltr'>de</span> <span class='ocrx_word' id='word_1_460' title='bbox 1272 2549 1435 2612; x_wconf 89' lang='lat' dir='ltr'>Holcham</span> <span class='ocrx_word' id='word_1_461' title='bbox 1457 2550 1492 2610; x_wconf 90' lang='lat' dir='ltr'>iii</span> <span class='ocrx_word' id='word_1_462' title='bbox 1520 2551 1713 2627; x_wconf 87' lang='lat' dir='ltr'>episcopatu</span> <span class='ocrx_word' id='word_1_463' title='bbox 1735 2553 1829 2612; x_wconf 88' lang='lat' dir='ltr'>Nor·</span> 
     </span>
     <span class='ocr_line' id='line_1_70' title="bbox 1033 2647 1831 2726; baseline 0 -16"><span class='ocrx_word' id='word_1_464' title='bbox 1033 2647 1189 2720; x_wconf 69' lang='lat' dir='ltr'>wincen„</span> <span class='ocrx_word' id='word_1_465' title='bbox 1218 2663 1291 2726; x_wconf 89' lang='lat' dir='ltr'>quae</span> <span class='ocrx_word' id='word_1_466' title='bbox 1320 2647 1360 2709; x_wconf 92' lang='lat' dir='ltr'>de</span> <span class='ocrx_word' id='word_1_467' title='bbox 1388 2649 1503 2710; x_wconf 88' lang='lat' dir='ltr'>nostra</span> <span class='ocrx_word' id='word_1_468' title='bbox 1527 2649 1578 2710; x_wconf 88' lang='lat' dir='ltr'>est</span> <span class='ocrx_word' id='word_1_469' title='bbox 1601 2649 1831 2723; x_wconf 85' lang='lat' dir='ltr'>advocatione,</span> 
     </span>
     <span class='ocr_line' id='line_1_71' title="bbox 1033 2745 1833 2824; baseline 0.003 -18"><span class='ocrx_word' id='word_1_470' title='bbox 1033 2761 1093 2824; x_wconf 87' lang='lat' dir='ltr'>per</span> <span class='ocrx_word' id='word_1_471' title='bbox 1114 2761 1250 2807; x_wconf 88' lang='lat' dir='ltr'>marium</span> <span class='ocrx_word' id='word_1_472' title='bbox 1278 2745 1505 2822; x_wconf 89' lang='lat' dir='ltr'>procuratoris</span> <span class='ocrx_word' id='word_1_473' title='bbox 1542 2747 1733 2810; x_wconf 88' lang='lat' dir='ltr'>eorumdem</span> <span class='ocrx_word' id='word_1_474' title='bbox 1768 2747 1833 2810; x_wconf 88' lang='lat' dir='ltr'>ab·</span> 
     </span>
     <span class='ocr_line' id='line_1_72' title="bbox 1033 2843 1836 2920; baseline 0.001 -15"><span class='ocrx_word' id='word_1_475' title='bbox 1033 2844 1119 2905; x_wconf 85' lang='lat' dir='ltr'>batIs</span> <span class='ocrx_word' id='word_1_476' title='bbox 1137 2844 1170 2905; x_wconf 88' lang='lat' dir='ltr'>et</span> <span class='ocrx_word' id='word_1_477' title='bbox 1196 2843 1453 2916; x_wconf 90' lang='lat' dir='ltr'>monachorum,</span> <span class='ocrx_word' id='word_1_478' title='bbox 1475 2859 1573 2920; x_wconf 83' lang='lat' dir='ltr'>quem</span> <span class='ocrx_word' id='word_1_479' title='bbox 1594 2845 1635 2905; x_wconf 90' lang='lat' dir='ltr'>ad</span> <span class='ocrx_word' id='word_1_480' title='bbox 1656 2843 1720 2908; x_wconf 87' lang='lat' dir='ltr'>lico</span> <span class='ocrx_word' id='word_1_481' title='bbox 1746 2846 1836 2907; x_wconf 90' lang='lat' dir='ltr'>assi-</span> 
     </span>
     <span class='ocr_line' id='line_1_73' title="bbox 1033 2941 1834 3020; baseline 0.004 -18"><span class='ocrx_word' id='word_1_482' title='bbox 1033 2941 1229 3018; x_wconf 81' lang='lat' dir='ltr'>gnaverint3</span> <span class='ocrx_word' id='word_1_483' title='bbox 1266 2941 1313 3003; x_wconf 90' lang='lat' dir='ltr'>ita</span> <span class='ocrx_word' id='word_1_484' title='bbox 1353 2941 1439 3018; x_wconf 88' lang='lat' dir='ltr'>quod</span> <span class='ocrx_word' id='word_1_485' title='bbox 1473 2941 1671 3020; x_wconf 85' lang='lat' dir='ltr'>quicumque</span> <span class='ocrx_word' id='word_1_486' title='bbox 1706 2943 1834 3005; x_wconf 87' lang='lat' dir='ltr'>medie-</span> 
     </span>
     <span class='ocr_line' id='line_1_74' title="bbox 1034 3037 1832 3110; baseline -0.001 -9"><span class='ocrx_word' id='word_1_487' title='bbox 1034 3039 1135 3101; x_wconf 87' lang='lat' dir='ltr'>tatem</span> <span class='ocrx_word' id='word_1_488' title='bbox 1155 3037 1249 3099; x_wconf 90' lang='lat' dir='ltr'>illam</span> <span class='ocrx_word' id='word_1_489' title='bbox 1272 3037 1434 3110; x_wconf 91' lang='lat' dir='ltr'>tennerit,</span> <span class='ocrx_word' id='word_1_490' title='bbox 1458 3037 1572 3100; x_wconf 89' lang='lat' dir='ltr'>abbati</span> <span class='ocrx_word' id='word_1_491' title='bbox 1599 3038 1633 3101; x_wconf 91' lang='lat' dir='ltr'>et</span> <span class='ocrx_word' id='word_1_492' title='bbox 1658 3039 1832 3102; x_wconf 89' lang='lat' dir='ltr'>monachis</span> 
     </span>
     <span class='ocr_line' id='line_1_75' title="bbox 1033 3135 1834 3215; baseline 0.001 -17"><span class='ocrx_word' id='word_1_493' title='bbox 1033 3135 1184 3215; x_wconf 88' lang='lat' dir='ltr'>praedicti</span> <span class='ocrx_word' id='word_1_494' title='bbox 1203 3135 1397 3198; x_wconf 89' lang='lat' dir='ltr'>monasterii</span> <span class='ocrx_word' id='word_1_495' title='bbox 1420 3135 1558 3212; x_wconf 84' lang='lat' dir='ltr'>triginta</span> <span class='ocrx_word' id='word_1_496' title='bbox 1575 3137 1740 3210; x_wconf 83' lang='lat' dir='ltr'>marchas,</span> <span class='ocrx_word' id='word_1_497' title='bbox 1759 3138 1834 3199; x_wconf 88' lang='lat' dir='ltr'>sin·</span> 
     </span>
     <span class='ocr_line' id='line_1_76' title="bbox 1033 3234 1831 3312; baseline 0.003 -17"><span class='ocrx_word' id='word_1_498' title='bbox 1033 3234 1831 3312; x_wconf 83' lang='lat' dir='ltr'>galisannis,permanumprocuratoriseorum,</span> 
     </span>
     <span class='ocr_line' id='line_1_77' title="bbox 1033 3331 1831 3400; baseline 0 -6"><span class='ocrx_word' id='word_1_499' title='bbox 1033 3333 1106 3394; x_wconf 90' lang='lat' dir='ltr'>sine</span> <span class='ocrx_word' id='word_1_500' title='bbox 1121 3332 1210 3393; x_wconf 92' lang='lat' dir='ltr'>omni</span> <span class='ocrx_word' id='word_1_501' title='bbox 1227 3331 1421 3393; x_wconf 85' lang='lat' dir='ltr'>difficultate</span> <span class='ocrx_word' id='word_1_502' title='bbox 1440 3333 1473 3392; x_wconf 90' lang='lat' dir='ltr'>et</span> <span class='ocrx_word' id='word_1_503' title='bbox 1498 3332 1684 3400; x_wconf 84' lang='lat' dir='ltr'>occasione.</span> <span class='ocrx_word' id='word_1_504' title='bbox 1702 3332 1743 3394; x_wconf 90' lang='lat' dir='ltr'>ad</span> <span class='ocrx_word' id='word_1_505' title='bbox 1757 3335 1831 3396; x_wconf 88' lang='lat' dir='ltr'>ter-</span> 
     </span>
     <span class='ocr_line' id='line_1_78' title="bbox 1033 3427 1834 3508; baseline 0.001 -18"><span class='ocrx_word' id='word_1_506' title='bbox 1033 3430 1159 3490; x_wconf 91' lang='lat' dir='ltr'>minum</span> <span class='ocrx_word' id='word_1_507' title='bbox 1176 3428 1293 3506; x_wconf 85' lang='lat' dir='ltr'>synodi</span> <span class='ocrx_word' id='word_1_508' title='bbox 1320 3427 1494 3489; x_wconf 90' lang='lat' dir='ltr'>Pasclialis</span> <span class='ocrx_word' id='word_1_509' title='bbox 1518 3429 1733 3490; x_wconf 85' lang='lat' dir='ltr'>Norwinoen.</span> <span class='ocrx_word' id='word_1_510' title='bbox 1754 3445 1834 3508; x_wconf 87' lang='lat' dir='ltr'>per-</span> 
     </span>
     <span class='ocr_line' id='line_1_79' title="bbox 1034 3523 1829 3604; baseline 0.001 -17"><span class='ocrx_word' id='word_1_511' title='bbox 1034 3527 1151 3589; x_wconf 83' lang='lat' dir='ltr'>solvat.</span> <span class='ocrx_word' id='word_1_512' title='bbox 1168 3527 1278 3598; x_wconf 87' lang='lat' dir='ltr'>Quare</span> <span class='ocrx_word' id='word_1_513' title='bbox 1291 3525 1444 3586; x_wconf 79' lang='lat' dir='ltr'>volumus</span> <span class='ocrx_word' id='word_1_514' title='bbox 1468 3525 1501 3586; x_wconf 90' lang='lat' dir='ltr'>et</span> <span class='ocrx_word' id='word_1_515' title='bbox 1514 3523 1654 3587; x_wconf 84' lang='lat' dir='ltr'>tirmiter</span> <span class='ocrx_word' id='word_1_516' title='bbox 1669 3527 1829 3604; x_wconf 88' lang='lat' dir='ltr'>praecipi-</span> 
     </span>
     <span class='ocr_line' id='line_1_80' title="bbox 1034 3620 1833 3700; baseline 0 -16"><span class='ocrx_word' id='word_1_517' title='bbox 1034 3640 1118 3696; x_wconf 90' lang='lat' dir='ltr'>mus,</span> <span class='ocrx_word' id='word_1_518' title='bbox 1162 3621 1248 3699; x_wconf 88' lang='lat' dir='ltr'>quod</span> <span class='ocrx_word' id='word_1_519' title='bbox 1283 3620 1386 3682; x_wconf 90' lang='lat' dir='ltr'>abbas</span> <span class='ocrx_word' id='word_1_520' title='bbox 1416 3622 1449 3684; x_wconf 91' lang='lat' dir='ltr'>et</span> <span class='ocrx_word' id='word_1_521' title='bbox 1488 3623 1645 3684; x_wconf 89' lang='lat' dir='ltr'>monachi</span> <span class='ocrx_word' id='word_1_522' title='bbox 1681 3623 1833 3700; x_wconf 88' lang='lat' dir='ltr'>praedicti</span> 
     </span>
     <span class='ocr_line' id='line_1_81' title="bbox 1033 3719 1834 3798; baseline 0.001 -16"><span class='ocrx_word' id='word_1_523' title='bbox 1033 3719 1228 3782; x_wconf 87' lang='lat' dir='ltr'>monasterii</span> <span class='ocrx_word' id='word_1_524' title='bbox 1249 3719 1394 3782; x_wconf 89' lang='lat' dir='ltr'>habeant</span> <span class='ocrx_word' id='word_1_525' title='bbox 1415 3720 1665 3798; x_wconf 91' lang='lat' dir='ltr'>inperpetuum</span> <span class='ocrx_word' id='word_1_526' title='bbox 1687 3721 1834 3798; x_wconf 88' lang='lat' dir='ltr'>praedie-</span> 
     </span>
     <span class='ocr_line' id='line_1_82' title="bbox 1033 3816 1832 3894; baseline 0.001 -14"><span class='ocrx_word' id='word_1_527' title='bbox 1033 3821 1103 3882; x_wconf 92' lang='lat' dir='ltr'>tum</span> <span class='ocrx_word' id='word_1_528' title='bbox 1131 3817 1329 3879; x_wconf 84' lang='lat' dir='ltr'>beneficium</span> <span class='ocrx_word' id='word_1_529' title='bbox 1368 3816 1506 3894; x_wconf 81' lang='lat' dir='ltr'>triginta</span> <span class='ocrx_word' id='word_1_530' title='bbox 1543 3819 1756 3881; x_wconf 90' lang='lat' dir='ltr'>marcharum</span> <span class='ocrx_word' id='word_1_531' title='bbox 1790 3819 1832 3882; x_wconf 89' lang='lat' dir='ltr'>da</span> 
     </span>
     <span class='ocr_line' id='line_1_83' title="bbox 1034 3914 1832 3994; baseline 0.005 -16"><span class='ocrx_word' id='word_1_532' title='bbox 1034 3915 1193 3994; x_wconf 89' lang='lat' dir='ltr'>praedicta</span> <span class='ocrx_word' id='word_1_533' title='bbox 1208 3915 1383 3977; x_wconf 87' lang='lat' dir='ltr'>medietate</span> <span class='ocrx_word' id='word_1_534' title='bbox 1402 3914 1496 3977; x_wconf 91' lang='lat' dir='ltr'>illius</span> <span class='ocrx_word' id='word_1_535' title='bbox 1511 3916 1673 3987; x_wconf 87' lang='lat' dir='ltr'>ecclesiae,</span> <span class='ocrx_word' id='word_1_536' title='bbox 1695 3916 1781 3980; x_wconf 89' lang='lat' dir='ltr'>bano</span> <span class='ocrx_word' id='word_1_537' title='bbox 1798 3919 1832 3982; x_wconf 89' lang='lat' dir='ltr'>et</span> 
     </span>
    </p>
   </div>
   <div class='ocr_carea' id='block_1_6' title="bbox 1031 4101 1834 5655">
    <p class='ocr_par' dir='ltr' id='par_1_6' title="bbox 1033 4101 1834 4394">
     <span class='ocr_line' id='line_1_84' title="bbox 1033 4101 1833 4186; baseline -0.001 -23"><span class='ocrx_word' id='word_1_538' title='bbox 1033 4106 1149 4177; x_wconf 81' lang='lat' dir='ltr'>trIgtnta</span> <span class='ocrx_word' id='word_1_539' title='bbox 1172 4101 1356 4160; x_wconf 88' lang='lat' dir='ltr'>marcherum</span> <span class='ocrx_word' id='word_1_540' title='bbox 1381 4117 1505 4172; x_wconf 89' lang='lat' dir='ltr'>summa,</span> <span class='ocrx_word' id='word_1_541' title='bbox 1532 4117 1597 4186; x_wconf 84' lang='lat' dir='ltr'>que</span> <span class='ocrx_word' id='word_1_542' title='bbox 1629 4118 1665 4160; x_wconf 90' lang='lat' dir='ltr'>ex</span> <span class='ocrx_word' id='word_1_543' title='bbox 1692 4103 1833 4162; x_wconf 83' lang='lat' dir='ltr'>beneflcio</span> 
     </span>
     <span class='ocr_line' id='line_1_85' title="bbox 1033 4173 1824 4247; baseline -0.004 -11"><span class='ocrx_word' id='word_1_544' title='bbox 1033 4177 1163 4236; x_wconf 78' lang='lat' dir='ltr'>ecclesie</span> <span class='ocrx_word' id='word_1_545' title='bbox 1177 4175 1213 4232; x_wconf 90' lang='lat' dir='ltr'>de</span> <span class='ocrx_word' id='word_1_546' title='bbox 1234 4173 1374 4232; x_wconf 88' lang='lat' dir='ltr'>Iloloham</span> <span class='ocrx_word' id='word_1_547' title='bbox 1392 4181 1568 4231; x_wconf 88' lang='lat' dir='ltr'>monasterio</span> <span class='ocrx_word' id='word_1_548' title='bbox 1584 4175 1612 4231; x_wconf 89' lang='lat' dir='ltr'>S.</span> <span class='ocrx_word' id='word_1_549' title='bbox 1634 4175 1747 4232; x_wconf 87' lang='lat' dir='ltr'>llarttni</span> <span class='ocrx_word' id='word_1_550' title='bbox 1767 4190 1824 4247; x_wconf 88' lang='lat' dir='ltr'>quo</span> 
     </span>
     <span class='ocr_line' id='line_1_86' title="bbox 1033 4244 1834 4318; baseline -0.002 -12"><span class='ocrx_word' id='word_1_551' title='bbox 1033 4248 1129 4306; x_wconf 88' lang='lat' dir='ltr'>tannis</span> <span class='ocrx_word' id='word_1_552' title='bbox 1143 4244 1322 4312; x_wconf 86' lang='lat' dir='ltr'>obveniebat,</span> <span class='ocrx_word' id='word_1_553' title='bbox 1342 4244 1430 4300; x_wconf 83' lang='lat' dir='ltr'>scotta</span> <span class='ocrx_word' id='word_1_554' title='bbox 1449 4245 1585 4301; x_wconf 81' lang='lat' dir='ltr'>Romanis</span> <span class='ocrx_word' id='word_1_555' title='bbox 1600 4247 1745 4318; x_wconf 80' lang='lat' dir='ltr'>argenteis</span> <span class='ocrx_word' id='word_1_556' title='bbox 1758 4252 1834 4304; x_wconf 90' lang='lat' dir='ltr'>octo-</span> 
     </span>
     <span class='ocr_line' id='line_1_87' title="bbox 1033 4314 1407 4394; baseline -0.011 -17"><span class='ocrx_word' id='word_1_557' title='bbox 1033 4321 1114 4394; x_wconf 81' lang='lat' dir='ltr'>ginta</span> <span class='ocrx_word' id='word_1_558' title='bbox 1126 4331 1161 4373; x_wconf 90' lang='lat' dir='ltr'>ac</span> <span class='ocrx_word' id='word_1_559' title='bbox 1172 4331 1230 4373; x_wconf 87' lang='lat' dir='ltr'>tino</span> <span class='ocrx_word' id='word_1_560' title='bbox 1245 4314 1407 4388; x_wconf 85' lang='lat' dir='ltr'>respondet.</span> 
     </span>
    </p>

    <p class='ocr_par' dir='ltr' id='par_1_7' title="bbox 1032 4385 1833 4819">
     <span class='ocr_line' id='line_1_88' title="bbox 1069 4385 1832 4463; baseline 0 -18"><span class='ocrx_word' id='word_1_561' title='bbox 1069 4390 1106 4463; x_wconf 86' lang='lat' dir='ltr'>(c)</span> <span class='ocrx_word' id='word_1_562' title='bbox 1125 4390 1194 4456; x_wconf 76' lang='lat' dir='ltr'>Quae</span> <span class='ocrx_word' id='word_1_563' title='bbox 1213 4385 1266 4443; x_wconf 88' lang='lat' dir='ltr'>sub</span> <span class='ocrx_word' id='word_1_564' title='bbox 1291 4385 1460 4444; x_wconf 88' lang='lat' dir='ltr'>Innocentio</span> <span class='ocrx_word' id='word_1_565' title='bbox 1479 4386 1519 4443; x_wconf 94' lang='lat' dir='ltr'>lll</span> <span class='ocrx_word' id='word_1_566' title='bbox 1544 4393 1627 4458; x_wconf 81' lang='lat' dir='ltr'>gesta</span> <span class='ocrx_word' id='word_1_567' title='bbox 1651 4393 1727 4455; x_wconf 89' lang='lat' dir='ltr'>sunt,</span> <span class='ocrx_word' id='word_1_568' title='bbox 1752 4387 1832 4446; x_wconf 89' lang='lat' dir='ltr'>Bulla</span> 
     </span>
     <span class='ocr_line' id='line_1_89' title="bbox 1033 4455 1832 4528; baseline -0.003 -10"><span class='ocrx_word' id='word_1_569' title='bbox 1033 4466 1173 4518; x_wconf 88' lang='lat' dir='ltr'>recenset.</span> <span class='ocrx_word' id='word_1_570' title='bbox 1200 4460 1287 4516; x_wconf 89' lang='lat' dir='ltr'>Porro</span> <span class='ocrx_word' id='word_1_571' title='bbox 1314 4457 1368 4514; x_wconf 92' lang='lat' dir='ltr'>snb</span> <span class='ocrx_word' id='word_1_572' title='bbox 1386 4455 1554 4514; x_wconf 85' lang='lat' dir='ltr'>Innocentio</span> <span class='ocrx_word' id='word_1_573' title='bbox 1575 4456 1724 4528; x_wconf 84' lang='lat' dir='ltr'>Pontifice,</span> <span class='ocrx_word' id='word_1_574' title='bbox 1749 4459 1832 4516; x_wconf 90' lang='lat' dir='ltr'>Nico·</span> 
     </span>
     <span class='ocr_line' id='line_1_90' title="bbox 1032 4527 1831 4600; baseline 0.001 -12"><span class='ocrx_word' id='word_1_575' title='bbox 1032 4532 1109 4590; x_wconf 91' lang='lat' dir='ltr'>laum</span> <span class='ocrx_word' id='word_1_576' title='bbox 1125 4530 1161 4587; x_wconf 90' lang='lat' dir='ltr'>de</span> <span class='ocrx_word' id='word_1_577' title='bbox 1182 4527 1318 4586; x_wconf 84' lang='lat' dir='ltr'>Romanis</span> <span class='ocrx_word' id='word_1_578' title='bbox 1341 4527 1507 4600; x_wconf 88' lang='lat' dir='ltr'>episcopum</span> <span class='ocrx_word' id='word_1_579' title='bbox 1527 4528 1731 4598; x_wconf 72' lang='lat' dir='ltr'>tusculanum,</span> <span class='ocrx_word' id='word_1_580' title='bbox 1750 4531 1779 4588; x_wconf 90' lang='lat' dir='ltr'>S.</span> <span class='ocrx_word' id='word_1_581' title='bbox 1796 4531 1831 4588; x_wconf 85' lang='lat' dir='ltr'>lt.</span> 
     </span>
     <span class='ocr_line' id='line_1_91' title="bbox 1033 4598 1833 4672; baseline -0.001 -12"><span class='ocrx_word' id='word_1_582' title='bbox 1033 4605 1066 4660; x_wconf 83' lang='lat' dir='ltr'>Id.</span> <span class='ocrx_word' id='word_1_583' title='bbox 1083 4602 1269 4669; x_wconf 89' lang='lat' dir='ltr'>cardinalem,</span> <span class='ocrx_word' id='word_1_584' title='bbox 1285 4607 1370 4671; x_wconf 84' lang='lat' dir='ltr'>atque</span> <span class='ocrx_word' id='word_1_585' title='bbox 1393 4599 1423 4656; x_wconf 94' lang='lat' dir='ltr'>in</span> <span class='ocrx_word' id='word_1_586' title='bbox 1441 4598 1545 4672; x_wconf 74' lang='lat' dir='ltr'>anglia</span> <span class='ocrx_word' id='word_1_587' title='bbox 1561 4598 1642 4658; x_wconf 88' lang='lat' dir='ltr'>Sedis</span> <span class='ocrx_word' id='word_1_588' title='bbox 1660 4601 1833 4672; x_wconf 72' lang='lat' dir='ltr'>apostolica</span> 
     </span>
     <span class='ocr_line' id='line_1_92' title="bbox 1032 4670 1831 4748; baseline 0 -18"><span class='ocrx_word' id='word_1_589' title='bbox 1032 4674 1170 4748; x_wconf 80' lang='lat' dir='ltr'>legatum,</span> <span class='ocrx_word' id='word_1_590' title='bbox 1181 4672 1264 4729; x_wconf 83' lang='lat' dir='ltr'>noble</span> <span class='ocrx_word' id='word_1_591' title='bbox 1276 4670 1390 4728; x_wconf 86' lang='lat' dir='ltr'>exhibet</span> <span class='ocrx_word' id='word_1_592' title='bbox 1400 4671 1532 4729; x_wconf 86' lang='lat' dir='ltr'>Ciaooon.</span> <span class='ocrx_word' id='word_1_593' title='bbox 1546 4677 1616 4728; x_wconf 92' lang='lat' dir='ltr'>tom.</span> <span class='ocrx_word' id='word_1_594' title='bbox 1633 4672 1831 4740; x_wconf 76' lang='lat' dir='ltr'>lI,colum.22.</span> 
     </span>
     <span class='ocr_line' id='line_1_93' title="bbox 1033 4743 1830 4819; baseline -0.001 -16"><span class='ocrx_word' id='word_1_595' title='bbox 1033 4747 1115 4804; x_wconf 86' lang='lat' dir='ltr'>llunc</span> <span class='ocrx_word' id='word_1_596' title='bbox 1130 4746 1226 4813; x_wconf 68' lang='lat' dir='ltr'>icitur,</span> <span class='ocrx_word' id='word_1_597' title='bbox 1240 4745 1292 4800; x_wconf 88' lang='lat' dir='ltr'>etsi</span> <span class='ocrx_word' id='word_1_598' title='bbox 1303 4748 1523 4811; x_wconf 90' lang='lat' dir='ltr'>nomentaoeat,</span> <span class='ocrx_word' id='word_1_599' title='bbox 1534 4743 1675 4799; x_wconf 84' lang='lat' dir='ltr'>Honorius</span> <span class='ocrx_word' id='word_1_600' title='bbox 1688 4743 1830 4819; x_wconf 79' lang='lat' dir='ltr'>intelligit.</span> 
     </span>
    </p>

    <p class='ocr_par' dir='ltr' id='par_1_8' title="bbox 1031 4787 1833 5655">
     <span class='ocr_line' id='line_1_94' title="bbox 1070 4787 1832 4894; baseline -0.001 -21"><span class='ocrx_word' id='word_1_601' title='bbox 1070 4816 1112 4892; x_wconf 84' lang='lat' dir='ltr'>(d)</span> <span class='ocrx_word' id='word_1_602' title='bbox 1132 4787 1250 4882; x_wconf 49' lang='lat' dir='ltr'>dadam,</span> <span class='ocrx_word' id='word_1_603' title='bbox 1265 4828 1351 4886; x_wconf 84' lang='lat' dir='ltr'>quain</span> <span class='ocrx_word' id='word_1_604' title='bbox 1363 4827 1449 4886; x_wconf 90' lang='lat' dir='ltr'>supra</span> <span class='ocrx_word' id='word_1_605' title='bbox 1464 4813 1618 4894; x_wconf 86' lang='lat' dir='ltr'>innuimus,</span> <span class='ocrx_word' id='word_1_606' title='bbox 1639 4813 1742 4870; x_wconf 89' lang='lat' dir='ltr'>militat</span> <span class='ocrx_word' id='word_1_607' title='bbox 1757 4816 1832 4872; x_wconf 90' lang='lat' dir='ltr'>ratio</span> 
     </span>
     <span class='ocr_line' id='line_1_95' title="bbox 1033 4883 1832 4956; baseline -0.003 -12"><span class='ocrx_word' id='word_1_608' title='bbox 1033 4887 1069 4944; x_wconf 89' lang='lat' dir='ltr'>ab</span> <span class='ocrx_word' id='word_1_609' title='bbox 1098 4886 1256 4944; x_wconf 87' lang='lat' dir='ltr'>innocentii</span> <span class='ocrx_word' id='word_1_610' title='bbox 1280 4887 1321 4942; x_wconf 94' lang='lat' dir='ltr'>Ill</span> <span class='ocrx_word' id='word_1_611' title='bbox 1347 4891 1430 4941; x_wconf 82' lang='lat' dir='ltr'>etate</span> <span class='ocrx_word' id='word_1_612' title='bbox 1459 4890 1557 4955; x_wconf 90' lang='lat' dir='ltr'>petita.</span> <span class='ocrx_word' id='word_1_613' title='bbox 1585 4885 1729 4952; x_wconf 84' lang='lat' dir='ltr'>Beiiettcii,</span> <span class='ocrx_word' id='word_1_614' title='bbox 1755 4883 1832 4956; x_wconf 87' lang='lat' dir='ltr'>quod</span> 
     </span>
     <span class='ocr_line' id='line_1_96' title="bbox 1032 4953 1832 5024; baseline -0.006 -8"><span class='ocrx_word' id='word_1_615' title='bbox 1032 4959 1112 5017; x_wconf 87' lang='lat' dir='ltr'>Bulla</span> <span class='ocrx_word' id='word_1_616' title='bbox 1126 4963 1344 5024; x_wconf 87' lang='lat' dir='ltr'>commemorat,</span> <span class='ocrx_word' id='word_1_617' title='bbox 1363 4955 1523 5022; x_wconf 87' lang='lat' dir='ltr'>concessio,</span> <span class='ocrx_word' id='word_1_618' title='bbox 1540 4953 1577 5010; x_wconf 92' lang='lat' dir='ltr'>ad</span> <span class='ocrx_word' id='word_1_619' title='bbox 1598 4969 1705 5011; x_wconf 91' lang='lat' dir='ltr'>annum</span> <span class='ocrx_word' id='word_1_620' title='bbox 1719 4955 1832 5012; x_wconf 88' lang='lat' dir='ltr'>circiter</span> 
     </span>
     <span class='ocr_line' id='line_1_97' title="bbox 1032 5025 1832 5094; baseline -0.006 -7"><span class='ocrx_word' id='word_1_621' title='bbox 1032 5029 1176 5088; x_wconf 90' lang='lat' dir='ltr'>decimum</span> <span class='ocrx_word' id='word_1_622' title='bbox 1209 5032 1343 5082; x_wconf 89' lang='lat' dir='ltr'>octavum</span> <span class='ocrx_word' id='word_1_623' title='bbox 1381 5025 1565 5082; x_wconf 86' lang='lat' dir='ltr'>Pontidcatus</span> <span class='ocrx_word' id='word_1_624' title='bbox 1597 5025 1767 5094; x_wconf 70' lang='lat' dir='ltr'>Innocenti,</span> <span class='ocrx_word' id='word_1_625' title='bbox 1799 5032 1832 5082; x_wconf 91' lang='lat' dir='ltr'>ut</span> 
     </span>
     <span class='ocr_line' id='line_1_98' title="bbox 1033 5095 1830 5164; baseline -0.008 -6"><span class='ocrx_word' id='word_1_626' title='bbox 1033 5099 1105 5158; x_wconf 86' lang='lat' dir='ltr'>intra</span> <span class='ocrx_word' id='word_1_627' title='bbox 1118 5095 1388 5164; x_wconf 87' lang='lat' dir='ltr'>demonstrabimus,</span> <span class='ocrx_word' id='word_1_628' title='bbox 1408 5095 1569 5152; x_wconf 87' lang='lat' dir='ltr'>revocanda</span> <span class='ocrx_word' id='word_1_629' title='bbox 1589 5101 1642 5152; x_wconf 90' lang='lat' dir='ltr'>est.</span> <span class='ocrx_word' id='word_1_630' title='bbox 1659 5096 1720 5151; x_wconf 87' lang='lat' dir='ltr'>Hoc</span> <span class='ocrx_word' id='word_1_631' title='bbox 1735 5103 1830 5153; x_wconf 89' lang='lat' dir='ltr'>autem</span> 
     </span>
     <span class='ocr_line' id='line_1_99' title="bbox 1033 5165 1831 5243; baseline -0.008 -13"><span class='ocrx_word' id='word_1_632' title='bbox 1033 5179 1172 5243; x_wconf 90' lang='lat' dir='ltr'>tempore,</span> <span class='ocrx_word' id='word_1_633' title='bbox 1184 5173 1263 5224; x_wconf 87' lang='lat' dir='ltr'>certo</span> <span class='ocrx_word' id='word_1_634' title='bbox 1283 5167 1389 5223; x_wconf 88' lang='lat' dir='ltr'>certius</span> <span class='ocrx_word' id='word_1_635' title='bbox 1407 5165 1619 5224; x_wconf 71' lang='lat' dir='ltr'>cantuariense</span> <span class='ocrx_word' id='word_1_636' title='bbox 1633 5165 1755 5223; x_wconf 88' lang='lat' dir='ltr'>ecclesia</span> <span class='ocrx_word' id='word_1_637' title='bbox 1769 5169 1831 5224; x_wconf 89' lang='lat' dir='ltr'>Ste-</span> 
     </span>
     <span class='ocr_line' id='line_1_100' title="bbox 1032 5233 1831 5315; baseline -0.005 -16"><span class='ocrx_word' id='word_1_638' title='bbox 1032 5241 1129 5315; x_wconf 89' lang='lat' dir='ltr'>pliano</span> <span class='ocrx_word' id='word_1_639' title='bbox 1155 5236 1327 5311; x_wconf 83' lang='lat' dir='ltr'>Langtbono</span> <span class='ocrx_word' id='word_1_640' title='bbox 1352 5233 1494 5294; x_wconf 79' lang='lat' dir='ltr'>cardinali</span> <span class='ocrx_word' id='word_1_641' title='bbox 1523 5237 1552 5294; x_wconf 88' lang='lat' dir='ltr'>S.</span> <span class='ocrx_word' id='word_1_642' title='bbox 1585 5234 1765 5310; x_wconf 81' lang='lat' dir='ltr'>Chrysogoni</span> <span class='ocrx_word' id='word_1_643' title='bbox 1795 5238 1831 5296; x_wconf 91' lang='lat' dir='ltr'>ab</span> 
     </span>
     <span class='ocr_line' id='line_1_101' title="bbox 1032 5305 1831 5370; baseline -0.004 0"><span class='ocrx_word' id='word_1_644' title='bbox 1032 5311 1135 5370; x_wconf 87' lang='lat' dir='ltr'>eodem</span> <span class='ocrx_word' id='word_1_645' title='bbox 1159 5308 1326 5368; x_wconf 86' lang='lat' dir='ltr'>Innocentio</span> <span class='ocrx_word' id='word_1_646' title='bbox 1345 5307 1483 5365; x_wconf 87' lang='lat' dir='ltr'>Pontitlce</span> <span class='ocrx_word' id='word_1_647' title='bbox 1508 5305 1601 5364; x_wconf 88' lang='lat' dir='ltr'>luerat</span> <span class='ocrx_word' id='word_1_648' title='bbox 1627 5308 1740 5365; x_wconf 87' lang='lat' dir='ltr'>collata.</span> <span class='ocrx_word' id='word_1_649' title='bbox 1771 5309 1831 5368; x_wconf 89' lang='lat' dir='ltr'>Nec</span> 
     </span>
     <span class='ocr_line' id='line_1_102' title="bbox 1033 5377 1831 5452; baseline -0.004 -11"><span class='ocrx_word' id='word_1_650' title='bbox 1033 5384 1116 5452; x_wconf 88' lang='lat' dir='ltr'>alliis,</span> <span class='ocrx_word' id='word_1_651' title='bbox 1128 5380 1295 5440; x_wconf 87' lang='lat' dir='ltr'>Innocentio</span> <span class='ocrx_word' id='word_1_652' title='bbox 1307 5379 1471 5451; x_wconf 87' lang='lat' dir='ltr'>superstite,</span> <span class='ocrx_word' id='word_1_653' title='bbox 1486 5378 1576 5450; x_wconf 89' lang='lat' dir='ltr'>potuit</span> <span class='ocrx_word' id='word_1_654' title='bbox 1588 5377 1617 5434; x_wconf 93' lang='lat' dir='ltr'>iii</span> <span class='ocrx_word' id='word_1_655' title='bbox 1632 5378 1831 5451; x_wconf 81' lang='lat' dir='ltr'>Arcliiepisoo·</span> 
     </span>
     <span class='ocr_line' id='line_1_103' title="bbox 1032 5447 1831 5527; baseline -0.005 -15"><span class='ocrx_word' id='word_1_656' title='bbox 1032 5469 1100 5527; x_wconf 90' lang='lat' dir='ltr'>puin</span> <span class='ocrx_word' id='word_1_657' title='bbox 1117 5451 1281 5526; x_wconf 77' lang='lat' dir='ltr'>designari3</span> <span class='ocrx_word' id='word_1_658' title='bbox 1301 5464 1388 5522; x_wconf 87' lang='lat' dir='ltr'>quoin</span> <span class='ocrx_word' id='word_1_659' title='bbox 1408 5449 1545 5521; x_wconf 88' lang='lat' dir='ltr'>Stephani</span> <span class='ocrx_word' id='word_1_660' title='bbox 1567 5447 1628 5506; x_wconf 88' lang='lat' dir='ltr'>dies</span> <span class='ocrx_word' id='word_1_661' title='bbox 1653 5452 1831 5524; x_wconf 89' lang='lat' dir='ltr'>emortualis,</span> 
     </span>
     <span class='ocr_line' id='line_1_104' title="bbox 1031 5520 1833 5598; baseline -0.001 -15"><span class='ocrx_word' id='word_1_662' title='bbox 1031 5526 1182 5584; x_wconf 81' lang='lat' dir='ltr'>dlacoonio</span> <span class='ocrx_word' id='word_1_663' title='bbox 1194 5529 1266 5582; x_wconf 88' lang='lat' dir='ltr'>teste</span> <span class='ocrx_word' id='word_1_664' title='bbox 1279 5521 1307 5578; x_wconf 89' lang='lat' dir='ltr'>in</span> <span class='ocrx_word' id='word_1_665' title='bbox 1322 5522 1377 5578; x_wconf 89' lang='lat' dir='ltr'>loc.</span> <span class='ocrx_word' id='word_1_666' title='bbox 1397 5535 1461 5594; x_wconf 86' lang='lat' dir='ltr'>sup.</span> <span class='ocrx_word' id='word_1_667' title='bbox 1477 5520 1537 5588; x_wconf 85' lang='lat' dir='ltr'>cit,</span> <span class='ocrx_word' id='word_1_668' title='bbox 1549 5520 1673 5580; x_wconf 90' lang='lat' dir='ltr'>column.</span> <span class='ocrx_word' id='word_1_669' title='bbox 1692 5521 1750 5594; x_wconf 68' lang='lat'>32„</span> <span class='ocrx_word' id='word_1_670' title='bbox 1768 5531 1833 5598; x_wconf 88' lang='lat' dir='ltr'>post</span> 
     </span>
     <span class='ocr_line' id='line_1_105' title="bbox 1033 5591 1612 5655; baseline -0.007 -1"><span class='ocrx_word' id='word_1_671' title='bbox 1033 5597 1153 5655; x_wconf 87' lang='lat' dir='ltr'>lionorii</span> <span class='ocrx_word' id='word_1_672' title='bbox 1167 5597 1207 5654; x_wconf 93' lang='lat' dir='ltr'>Ill</span> <span class='ocrx_word' id='word_1_673' title='bbox 1220 5593 1390 5653; x_wconf 85' lang='lat' dir='ltr'>electionem</span> <span class='ocrx_word' id='word_1_674' title='bbox 1401 5591 1551 5651; x_wconf 87' lang='lat' dir='ltr'>statuenda</span> <span class='ocrx_word' id='word_1_675' title='bbox 1566 5593 1612 5650; x_wconf 89' lang='lat' dir='ltr'>sit.</span> 
     </span>
    </p>
   </div>
   <div class='ocr_carea' id='block_1_7' title="bbox 0 0 2122 6404">
    <p class='ocr_par' dir='ltr' id='par_1_9' title="bbox 0 0 2122 6404">
     <span class='ocr_line' id='line_1_106' title="bbox 0 0 2122 6404; baseline 0 0"><span class='ocrx_word' id='word_1_676' title='bbox 0 0 2122 6404; x_wconf 95' lang='lat' dir='ltr'> </span> 
     </span>
    </p>
   </div>
  </div>
 </body>
</html>
