4200 6404
372 268 434 326 327
839 261 1015 322 HONORII
1038 261 1081 322 lll
1102 261 1250 322 OPERA.
1267 289 1305 304 -
1322 259 1556 322 SERMONES.
1968 271 2008 332 aa

374 423 473 488 latria
485 425 517 486 et
525 421 705 484 Christiani
715 419 995 482 confirmarentur
1004 420 1041 480 iu
1049 419 1170 496 gratia.
1226 418 1348 496 legitur
1363 419 1397 480 in
1408 419 1553 482 canticis
1564 419 1792 482 canticorum
1808 439 1815 478 ι
1829 422 1905 482 Fuit
1916 427 2008 494 lustru

415 521 505 585 Istud
521 519 744 598 significatum
759 517 821 581 luit
835 518 870 580 in
892 517 1056 581 Gedeone.
1074 518 1174 594 Legi·
1226 533 1314 580 meoe
1328 519 1574 606 mactaverunt
1593 517 1729 579 contro
1747 531 1808 578 me
1830 514 1932 596 (Cant.
1949 540 1967 594 1,
1978 530 2006 606 5).

375 619 551 682 musenim
567 618 652 696 quod
668 617 801 678 Gedeon
822 617 970 694 perrexit
988 617 1030 678 ad
1048 616 1172 678 bellum
1227 617 1333 676 Mater
1356 615 1469 677 nostra
1497 619 1548 676 est
1578 613 1753 686 Ecclesia,
1784 613 1847 674 lilii
1871 619 1936 694 ejus
1957 631 2009 688 suut

376 733 449 780 cum
464 716 621 779 tercentis
635 715 730 788 viris,
754 714 810 791 qui
825 730 884 791 pro
900 714 1003 776 armis
1016 715 1173 791 portave-
1228 713 1402 774 christiani
1422 712 1478 790 qui
1493 713 1642 792 pugnant
1663 713 1793 774 contra
1818 729 1889 786 uos,
1912 723 2009 792 quanm

374 815 454 878 runt
466 814 564 877 tubas
576 815 610 877 et
623 812 793 890 lampades
810 812 844 875 et
862 812 1009 890 lagenas.
1026 813 1172 890 Cumque
1228 811 1348 873 nocent
1366 810 1462 872 nobis
1480 810 1591 873 verbis
1609 811 1667 873 vel
1693 809 1811 872 iactis.
1830 812 1868 872 ln
1891 817 2009 880 omnibus

373 912 544 975 venisseut
576 911 617 973 ad
645 911 759 972 hostes
795 910 910 984 noctu,
940 909 1174 986 confregerunt
1228 909 1280 970 his
1295 909 1421 986 praeliis
1436 924 1503 971 nou
1521 908 1685 970 debemus
1708 907 1851 981 terreri,
1868 911 2010 992 sedinspc

375 1011 524 1087 lagenas,
551 1011 585 1073 et
610 1008 793 1070 sonuerunt
816 1008 915 1082 tuba,
941 1009 975 1070 et
1001 1008 1172 1086 lampades
1226 1006 1349 1068 divinae
1364 1006 1678 1082 gloriaecousolari.

376 1107 624 1186 splenduerunt,
651 1108 684 1168 et
706 1107 753 1168 ita
768 1107 881 1168 hostes
903 1106 939 1166 in
959 1104 1072 1182 lugam
1092 1121 1174 1166 cou-

374 1207 464 1268 versi
480 1204 1173 1282 sunt.Gedeousiguitlcatchristum.Tre·
1559 1219 1695 1306 XXIX

375 1305 462 1366 conti
475 1304 540 1364 viri
554 1303 729 1380 martyres
753 1303 810 1380 qui
834 1318 895 1380 pro
919 1301 982 1363 lide
1000 1301 1172 1364 Trinitatis

374 1402 616 1480 pugnaverunt.
640 1399 759 1464 Hostes
779 1399 913 1462 suerunt
931 1400 1065 1477 pagani,
1084 1398 1172 1462 tubae
1268 1416 1313 1477 ΙΝ
1339 1416 1981 1482 FESTOSS.JOhNNlSETPAUL1.

373 1499 640 1578 praedicationes,
665 1497 793 1574 lagena
813 1512 953 1573 corpora
976 1497 1170 1574 martyrum,

373 1597 544 1674 lampades
558 1595 732 1658 miracula.
748 1594 901 1656 Trecenti
914 1594 979 1656 uiri
993 1594 1173 1657 tenuerunt
1266 1593 1649 1668 Attenditeofcrmento
1658 1595 1938 1668 Pharisaeorum
1945 1602 2008 1672 quod

373 1693 481 1767 tubas,
503 1692 633 1771 qnando
648 1693 811 1769 martyres
826 1691 1093 1768 praedicaverunt
1112 1707 1174 1770 pa·
1227 1689 1277 1750 est
1291 1693 1482 1764 hypocras
1497 1687 1590 1768 (Luc.
1606 1705 1670 1762 uu,
1691 1688 1739 1768 1).

373 1792 483 1868 ganis.
500 1789 742 1866 confregerunt
756 1790 903 1868 lagenas,
923 1789 1055 1868 quando
1074 1789 1172 1852 morti
1268 1787 1381 1848 Omnis
1393 1786 1552 1864 iniquitas
1571 1787 1667 1850 tauto
1682 1787 1840 1849 deterior
1853 1789 1902 1850 est
1913 1793 2006 1866 quanto

374 1888 563 1952 obtulerunt
600 1902 740 1964 corpora
775 1903 847 1948 sua.
885 1886 1173 1964 Respleudnerunt
1227 1883 1399 1945 occultior.
1411 1885 1496 1944 Nam
1509 1887 1644 1962 peccata
1660 1885 1721 1948 vel
1730 1885 1818 1946 vitia
1827 1901 1892 1946 nou
1902 1891 2008 1962 possunt

373 1984 560 2062 lampades,
591 1984 722 2062 quando
753 1983 904 2046 iecerunt
931 1984 1035 2047 multa
1069 1984 1174 2046 mira·
1227 1981 1361 2044 omnino
1383 1981 1507 2054 curari,
1531 1982 1598 2044 nisi
1618 1981 1897 2052 manifestentur,
1911 1983 1939 2046 et
1952 1985 2006 2046 ideo

374 2084 461 2152 cula,
479 2083 571 2144 etsic
586 2082 698 2144 hostes
713 2082 838 2144 suntin
852 2081 964 2158 lugam
978 2082 1079 2155 versi,
1095 2082 1172 2159 quia
1228 2079 1415 2156 hypocrisis
1428 2080 1480 2142 est
1492 2079 1684 2142 incurabile
1701 2081 1844 2153 malum,
1860 2081 1932 2158 quia
1944 2097 2007 2142 seu·

373 2181 496 2259 pagani
512 2181 588 2242 sunt
602 2180 642 2240 ad
660 2179 756 2240 tidem
772 2180 936 2240 conuersi.
1227 2192 1287 2254 per
1300 2177 1381 2239 latet
1398 2176 1458 2238 sub
1477 2178 1588 2254 specie
1601 2179 1813 2240 sanctitatis.
1840 2178 1928 2241 Unde
1944 2178 2004 2241 boue

302 2297 333 2322 *-
414 2279 561 2340 Tertium
571 2277 695 2338 bellum
711 2278 813 2338 movit
827 2277 979 2339 diabolus
991 2291 1051 2356 per
1064 2276 1174 2338 haere-
1228 2274 1312 2337 dixit
1326 2276 1702 2338 Dominuszdttemitte
1717 2278 1925 2352 asemnento
1936 2281 2006 2338 Plu·

374 2377 475 2448 ticos,
504 2376 634 2453 quando
657 2391 715 2452 per
741 2374 890 2436 diuersos
913 2390 1045 2436 errores
1069 2374 1174 2436 voluit
1227 2376 1413 2435 memorum
1434 2376 1523 2448 quod
1547 2375 1598 2436 est
1619 2375 2003 2453 commmunicant

375 2474 473 2535 sudem
490 2473 612 2534 Christi
634 2473 835 2550 pervertere.
863 2472 956 2533 Unde
974 2472 1116 2550 legimus
1137 2472 1173 2533 in
1228 2471 1334 2546 magis
1361 2474 1412 2533 est
1434 2472 1616 2533 cauendum
1635 2488 1657 2533 a
1685 2472 1788 2534 nobis
1802 2473 1869 2534 tale
1892 2474 2004 2534 termen-

373 2571 585 2650 Apocalypsi,
612 2570 697 2647 quod
714 2569 948 2631 similitudines
969 2571 1172 2632 locustarum
1228 2566 1308 2639 tum,
1325 2567 1448 2644 quanto
1461 2569 1567 2645 magis
1581 2569 1712 2630 scimus
1729 2569 1818 2646 quod
1838 2585 1901 2630 nou
1914 2569 2002 2644 recipit
2036 2621 2037 2626 ,

374 2669 471 2734 eraut
493 2667 620 2728 similes
639 2668 732 2745 equis
754 2667 881 2745 paratis
901 2667 942 2729 ad
961 2667 1124 2746 praelium,
1141 2667 1174 2730 et
1228 2662 1330 2724 ullum
1356 2665 1549 2726 remedium.
1579 2666 1784 2743 Hypocrisis
1813 2682 1944 2743 namque
1968 2666 2003 2726 est

374 2767 478 2828 iacies
490 2781 605 2827 earum
620 2763 707 2825 sicut
720 2763 823 2826 facies
835 2764 1017 2837 homiuum,
1031 2768 1065 2827 et
1076 2763 1175 2826 habe·
1228 2777 1392 2822 venenum
1417 2762 1592 2834 virtutum,
1625 2764 1743 2825 omnis
1775 2763 1906 2826 malitie
1926 2779 2001 2838 argu·

375 2864 456 2926 bant
479 2862 602 2924 caudas
620 2861 747 2922 similes
769 2862 991 2940 scorpionum.
1017 2861 1174 2924 Haeretici
1228 2858 1386 2930 mentum,
1401 2857 1524 2920 diuiuae
1536 2858 1652 2934 gloriae
1672 2860 1799 2937 rapina
1822 2859 1874 2920 rel
1896 2857 2000 2918 turtum

376 2961 593 3037 designantur
607 2974 666 3036 per
681 2959 836 3032 locustas,
859 2959 936 3037 quia
952 2959 1030 3021 sunt
1050 2960 1127 3036 vagi
1142 2960 1175 3022 et
1228 2955 1422 3032 Hypocrisis
1449 2955 1500 3018 ost
1529 2972 1700 3018 venenum
1741 2943 1912 3024 virtuthm,
1934 2955 1998 3031 quia,

375 3057 550 3122 instabiles
571 3057 609 3118 et
630 3057 721 3133 pleni
746 3057 858 3119 mulus
880 3057 1058 3119 erroribus.
1092 3058 1175 3120 Sunt
1229 3051 1315 3113 sicut
1333 3068 1509 3121 venenum,
1526 3069 1600 3114 cum
1624 3053 1669 3115 sit
1697 3053 1876 3126 modicum,
1898 3050 1998 3120 occilit

376 3155 609 3232 similesequis
625 3154 812 3232 paratisiro
834 3155 875 3216 ad
895 3155 1059 3232 praelinm,
1076 3155 1172 3228 idest,
1228 3150 1282 3210 vul
1297 3150 1479 3228 corrumpit
1492 3151 1597 3214 totum
1620 3167 1758 3230 corpus,
1780 3151 1828 3213 ita
1847 3147 1998 3227 hypocrisis
2037 3200 2038 3232 3

377 3253 510 3331 superbi
538 3253 572 3315 et
599 3251 750 3314 crudeles
778 3253 810 3314 et
838 3253 945 3330 parati
972 3253 1013 3314 ad
1039 3254 1116 3315 lites
1142 3255 1175 3316 et
1229 3247 1371 3310 destruit
1402 3264 1501 3311 omno
1531 3262 1614 3326 opus
1643 3248 1787 3312 bonum.
1818 3247 1906 3310 Nihil
1934 3243 1998 3306 euin
2037 3245 2038 3294 ἒ

376 3351 616 3414 contentiones.
637 3349 767 3412 Habent
784 3349 888 3411 iacies
903 3350 990 3411 sicut
1007 3350 1172 3424 homines,
1229 3345 1340 3407 valent
1363 3345 1450 3407 bona
1471 3361 1585 3423 opera,
1606 3346 1784 3410 siluerint
1802 3345 1843 3408 ab
1863 3339 1997 3422 hypocrisi
2037 3383 2038 3386 ,

376 3450 455 3530 qnia
478 3450 513 3510 in
544 3448 710 3527 principio
741 3447 793 3508 sui
827 3447 992 3508 sermonis
1021 3447 1175 3510 videntur
1229 3444 1395 3520 corrupta.
1411 3445 1508 3513 Nam,
1523 3442 1906 3524 cumdtcatspostolus:
1920 3441 1999 3502 Moti·

375 3547 462 3610 bona
486 3545 519 3608 et
537 3543 750 3606 rationabilia
768 3543 869 3605 verba
893 3559 1089 3620 proponere,
1117 3545 1174 3606 sed
1228 3556 1308 3602 cum
1331 3543 1496 3616 fermenti
1528 3543 1636 3604 totam
1660 3559 1821 3606 massam
1842 3534 1996 3608 mmumti

375 3644 499 3706 habent
516 3643 639 3705 caudas
659 3641 785 3703 similes
803 3641 1026 3718 scorpionum,
1043 3643 1120 3719 quia
1140 3642 1174 3704 iu
1231 3635 1260 3716 (1
1283 3641 1357 3700 Cor.
1373 3654 1405 3712 v,
1424 3637 1469 3718 d),
1486 3639 1574 3702 istud
1596 3639 1801 3704 termentum
1828 3635 1948 3700 matitia
1965 3633 1996 3692 itt

376 3743 443 3803 tine
475 3741 527 3801 sui
562 3740 724 3800 sermonis
757 3741 891 3801 servant
922 3755 1087 3802 venenum
1122 3741 1175 3802 sui
1230 3737 1412 3814 corrumpit
1424 3737 1527 3800 totam
1551 3754 1697 3800 massam
1712 3738 1810 3802 bonae
1829 3729 1995 3814 operationis

377 3838 515 3900 erroris.
1229 3834 1282 3895 vel
1308 3835 1427 3897 salutis
1451 3835 1618 3908 humanae,
1644 3836 1682 3898 ut
1708 3835 1795 3898 nihil
1817 3831 1933 3912 prosint
1952 3828 1996 3888 ho-

418 3933 576 4006 Quartum
595 3931 719 3993 bellum
738 3932 842 3994 mouit
862 3931 1014 3996 diabolus
1033 3950 1093 4010 per
1112 3933 1176 3996 tal-
1230 3931 1312 3992 mini
1341 3932 1383 3993 ad
1413 3933 1572 3995 aternam
1600 3934 1745 3997 salutem
1766 3931 1914 4011 quaelibet
1933 3925 1995 3986 bona

379 4047 435 4094 sos
458 4029 670 4102 christianos
693 4029 824 4107 quando
846 4045 932 4090 uuus
952 4031 1051 4092 nocet
1077 4031 1176 4094 alteri
1231 4045 1342 4106 opera,
1366 4030 1394 4091 si
1409 4029 1533 4093 tuerint
1546 4031 1581 4092 iu
1602 4031 1776 4109 hypocrisi
1791 4021 1994 4092 consummata.

378 4127 589 4192 coutumeliis
622 4127 680 4189 aut
714 4126 855 4188 damnis.
890 4129 937 4188 De
965 4129 1175 4191 contumeliis
1231 4126 1324 4188 Unde
1350 4127 1429 4190 dicit
1459 4128 1618 4190 Dominus
1645 4129 1682 4190 iu
1714 4125 1891 4204 Evangelio
1909 4121 1943 4181 de
1958 4115 1994 4177 his

377 4227 459 4290 dicit
480 4224 542 4288 Job
571 4228 627 4286 :A
653 4225 785 4301 uapeuo
810 4227 938 4302 ltnpuoe
959 4227 1177 4288 absconderis
1231 4224 1287 4301 qui
1320 4223 1447 4286 iaciunt
1478 4240 1580 4302 opera
1605 4241 1682 4300 sua,
1717 4226 1754 4289 ut
1783 4209 1995 4286 videanturai

378 4323 465 4406 (Job.
481 4339 527 4398 vr,
543 4320 609 4403 21).
633 4322 816 4398 Flagellum
831 4321 954 4399 linguae
978 4323 1028 4384 est
1051 4323 1176 4402 injurie
1231 4321 1421 4383 homiuibus
1444 4345 1452 4384 :
1472 4326 1583 4385 Amce
1601 4327 1675 4386 dico
1697 4327 1803 4394 vobis,
1825 4307 1994 4392 receperunt

376 4423 571 4494 uerborum,
604 4421 681 4498 quia
716 4420 803 4481 sicut
837 4435 956 4498 corpus
990 4420 1177 4497 tlageUatur
1230 4422 1423 4480 mercedem
1437 4417 1682 4498 suom(ldatth.
1699 4435 1746 4492 m,
1764 4417 1811 4497 2).

378 4520 586 4580 extrinsecus
606 4515 826 4578 exterioribus
851 4517 969 4595 poenis,
992 4517 1041 4579 lta
1064 4518 1176 4579 anima
1270 4516 1443 4578 Attendite
1457 4499 1993 4592 afermcutopuaruaeommumt

378 4616 581 4677 intrinsecus
594 4613 754 4688 affligitur
764 4612 940 4675 verborum
953 4616 1174 4677 contumeliis.
1231 4613 1282 4674 est
1305 4616 1505 4688 hypocrism.
1522 4614 1688 4676 Modicum
1703 4612 1896 4678 termentum
1915 4601 1992 4664 totam

379 4715 471 4773 Tunc
494 4711 593 4772 homo
612 4708 825 4772 absconditur
844 4725 863 4770 a
887 4709 1019 4786 fiagello
1040 4712 1175 4790 lingum,
1239 4725 1382 4772 massam
1399 4712 1591 4790 corrumpit,
1615 4713 1704 4790 quia,
1722 4711 1810 4773 sicut
1829 4697 1992 4768 fermentum

378 4809 511 4888 quando
521 4806 622 4868 habet
631 4807 826 4884 patientiam
838 4806 874 4867 in
884 4807 976 4868 uitiis
988 4808 1175 4872 verborum.
1232 4807 1413 4886 corrumpit
1426 4824 1581 4882 massam,
1606 4809 1652 4871 ita
1671 4804 1856 4894 hypocrisis
1876 4804 1992 4896 corruit·

379 4907 473 4980 Unde
488 4905 606 4967 beatus
621 4905 801 4981 Gregorius
818 4927 826 4966 ε
842 4905 1097 4978 «Quorumdam
1115 4908 1179 4971 ho-
1232 4905 1281 4984 pit
1313 4907 1470 4968 animam.
1505 4909 1719 4970 Fermentum
1749 4895 1924 4983 hypocrisis
1944 4889 1991 4948 tn·

378 5005 505 5068 minum
526 5003 652 5065 mentes
671 5004 746 5079 plus
765 5001 898 5079 flagella
913 5019 1012 5081 quam
1026 5005 1177 5067 convicia
1232 5003 1363 5082 pliciter
1389 5005 1635 5082 corrumpitur:
1669 5001 1885 5066 simulatione,
1908 4989 1989 5088 Μ·

377 5102 539 5174 cruciant,
572 5099 789 5178 quorumdam
815 5115 896 5162 vero
924 5100 1177 5178 plus.couvicia
1232 5101 1425 5175 mulatioue‚
1454 5103 1609 5172 avaritia,
1631 5099 1823 5180 rapacitate.
1850 5081 1990 5156 Simulato

377 5217 476 5279 quam
500 5197 634 5275 flagella
654 5197 864 5274 castigant.»
887 5200 934 5260 De
953 5198 1083 5260 damnis
1099 5199 1179 5262 dicit
1232 5200 1292 5272 est,
1323 5199 1455 5278 quando
1482 5200 1654 5278 hypocrita
1684 5215 1719 5264 se
1743 5179 1990 5260 simulatitium

378 5298 534 5360 Salomon
554 5297 590 5358 in
609 5295 800 5357 Proverbiis
819 5296 854 5357 in
874 5311 1016 5372 persona
1039 5296 1178 5373 rapien-
1232 5296 1319 5373 quod
1341 5313 1408 5358 uon
1431 5297 1541 5359 habet.
1563 5295 1788 5360 Dissimulatio
1809 5289 1867 5356 est.
1887 5269 1989 5359 &¹¹⁶⁰

375 5395 459 5456 tium
481 5397 648 5456 :Omnem
665 5394 857 5468 pretiosum
877 5394 1106 5455 substanttam
1120 5410 1179 5456 re·
1232 5395 1420 5457 dissimulat
1440 5411 1476 5456 se
1491 5411 1558 5457 nou
1579 5395 1702 5458 habere
1721 5392 1805 5456 mala
1820 5398 1887 5464 quae
1903 5365 1986 5437 iffi·

374 5495 563 5568 portemus,
579 5491 613 5552 ct
630 5493 845 5567 implebimus
863 5493 1003 5552 domum
1021 5493 1179 5557 nostrum
1231 5491 1314 5554 soris
1340 5494 1510 5556 ostentans
1534 5492 1724 5554 hominibus
1747 5478 1944 5552 sanctitatem·
1964 5459 1988 5522 ⁰¹

376 5593 492 5662 spoliis
515 5586 628 5667 (Prov.
649 5603 673 5660 1,
702 5585 766 5666 13).
787 5590 835 5650 De
860 5586 924 5648 hac
948 5589 1178 5664 persecutione
1210 5597 1213 5606 ’
1233 5589 1322 5654 intus
1338 5592 1508 5654 occultans
1529 5591 1777 5667 malignitatem.
1795 5571 1987 5645 aventica-
