4200 6394
149 321 210 384 tlt
609 325 682 387 XII.
695 355 736 374 -
756 327 801 390 IN
823 328 1010 392 VINGULA
1032 331 1181 396 SANGTI
1203 335 1340 400 PETRI.
1742 345 1803 410 lie

147 496 169 540 c
191 479 345 543 testatem
364 477 489 546 habent
502 497 603 560 super
615 499 720 564 aquas
733 487 947 550 convertendi
1004 488 1144 556 ulterius
1169 493 1258 556 mala
1281 509 1348 557 non
1374 493 1491 569 iactat,
1516 495 1702 578 dequibus
1731 503 1803 580 agit

148 593 250 640 «eas
273 577 310 640 in
335 580 544 656 sanguinem,
572 582 605 644 et
629 585 804 662 percutere
823 587 948 648 terram
1003 588 1250 666 poenitentiam
1274 592 1332 654 sed
1362 591 1460 657 debet
1483 593 1623 658 reddere
1648 613 1709 676 pro
1738 615 1801 663 sua

148 693 170 735 ι
194 675 285 737 omni
309 676 409 754 plaga
435 679 705 759 quotiescumque
728 683 948 746 voluerint.»
1003 686 1229 766 redemptione
1253 690 1396 766 pretium
1424 691 1670 768 aestimationis,
1700 696 1803 768 idest,

147 773 269 834 Claves
280 773 470 836 diuinorum
478 777 686 854 eloquiorum
701 782 778 842 sunt
788 782 875 843 modi
888 798 950 844 ex·
1003 800 1192 848 mensuram
1206 787 1397 851 christiane
1418 791 1598 865 servitutis,
1614 793 1711 867 idest,
1727 811 1806 856 serb

147 871 295 948 ponendi
327 873 360 934 et
392 873 597 950 praedicandi
625 877 824 954 Scripturas.
855 880 948 942 Unde
1002 881 1074 944 vire
1090 885 1158 947 Deo
1173 885 1353 948 secundum
1374 888 1524 964 regulam
1546 889 1623 952 tidei
1642 890 1806 956 christia-

145 969 341 1030 loannesin
355 971 574 1048 Apocalypsi:
587 976 673 1036 Hoec
685 976 768 1036 dc'cit
781 978 949 1052 outuaeet
1002 995 1066 1042 nee.
1095 981 1131 1042 Si
1150 983 1262 1044 autem
1275 999 1402 1062 pauper
1423 986 1473 1050 est
1491 986 1669 1050 virtutihus
1685 990 1718 1050 et
1732 1006 1800 1052 nou

144 1071 280 1128 macen
292 1068 414 1140 David,
433 1072 492 1142 out
505 1070 621 1144 apem
638 1072 673 1132 et
690 1087 791 1136 cerno
806 1075 945 1148 curceii,
1002 1078 1110 1154 potest
1135 1080 1248 1142 omnia
1269 1081 1410 1156 solvere,
1438 1083 1525 1148 sicut
1547 1085 1653 1159 debet,
1670 1086 1800 1165 judicio

144 1164 276 1226 cuzudtt
287 1166 321 1226 et
335 1179 436 1230 neom
448 1168 563 1242 operit
576 1165 690 1246 (Apoc.
705 1185 755 1242 111,
771 1168 817 1250 7).
834 1173 949 1234 Domi-
1002 1175 1184 1240 sacerdotis
1198 1177 1296 1242 debet
1310 1181 1383 1260 ejus
1395 1182 1590 1259 osmunua
1602 1183 1782 1248 moderari.

144 1276 210 1322 nus
226 1260 327 1324 habet
341 1260 470 1324 clavem
484 1264 601 1339 David,
618 1265 715 1341 idest,
739 1267 873 1330 modum
891 1270 946 1332 vel

144 1359 298 1436 regulam
317 1360 507 1438 exponendi
528 1363 728 1440 Scripturas.
750 1368 825 1444 lpse
839 1366 949 1445 aperit
1359 1393 1437 1482 ΧΠ

143 1472 245 1518 sacra
272 1458 432 1534 mysteria
457 1458 578 1537 quibus
605 1461 765 1536 voluerit,
793 1464 827 1526 et
850 1480 946 1526 nemo

144 1553 283 1627 claudit,
306 1555 403 1629 idest,
420 1555 532 1618 nullus
550 1556 648 1620 homo
664 1559 772 1636 potest
791 1561 946 1624 claudere
1105 1578 1150 1640 ΙΝ
1171 1579 1360 1642 viNcULi
1381 1581 1533 1644 sciren
1554 1585 1690 1648 PETRI.

141 1668 282 1714 sensum
302 1653 356 1714 cui
377 1654 538 1716 Dominus
559 1657 740 1733 aperuerit,
764 1657 838 1720 ete
865 1675 947 1722 con-

142 1765 255 1812 uerso,
274 1753 333 1812 Hae
362 1750 473 1813 claves
499 1743 635 1816 luerunt
656 1755 742 1817 datae
765 1756 943 1832 Apostolis,
1039 1749 1142 1810 ΝΜΟ
1154 1749 1225 1810 θθίθ
1242 1763 1325 1812 vere
1338 1753 1421 1824 duta
1440 1753 1537 1814 mitit
1550 1756 1718 1817 Dominus
1731 1771 1798 1818 cn-

141 1847 278 1924 quando
292 1848 596 1928 Domipussperuit
613 1851 824 1927 closensem,
842 1853 947 1916 utin·
998 1847 1112 1920 delum
1129 1860 1234 1907 tuum
1251 1847 1286 1909 θΐ
1306 1847 1436 1921 eripuit
1460 1864 1517 1910 me
1537 1853 1579 1912 de
1596 1867 1704 1913 maim
1717 1857 1794 1915 He·

141 1945 335 2022 telligerent
350 1947 551 2023 scripturae.
998 1945 1094 2004 rodis
1119 1943 1153 2004 et
1174 1946 1215 2004 cie
1236 1947 1331 2005 emet
1354 1947 1592 2020 expectatione
1607 1952 1717 2026 pleuto
1732 1954 1797 2013 Ju-

185 2043 279 2116 ouoe
304 2043 422 2122 quarto
439 2044 603 2107 arrium
623 2050 945 2126 commeator.
998 2041 1153 2102 deorum
1169 2038 1254 2119 (Act.
1273 2057 1334 2112 ιιι
1356 2041 1420 2122 11)·

141 2141 269 2202 oerttts
286 2156 394 2216 super
413 2143 565 2216 terram,
590 2146 660 2206 erit
682 2146 828 2221 cipetum
851 2148 885 2208 ct
906 2151 944 2208 io
1038 2137 1175 2214 Legitur
1201 2138 1235 2200 in
1264 2136 1412 2202 historiis
1439 2141 1526 2219 quod
1556 2143 1655 2205 Gaius
1682 2146 1794 2208 Caesar

31 2298 34 2302 .
138 2242 275 2301 coetis...
293 2236 424 2317 (Matth.
448 2254 551 2313 xvm,
575 2239 641 2322 18).
661 2244 783 2320 Magna
797 2244 942 2320 dignitas
997 2235 1162 2298 Herodem
1182 2253 1258 2329 cum
1276 2238 1464 2300 Herodiade
1479 2255 1584 2302 uxore
1599 2257 1659 2304 sua
1672 2243 1795 2306 dudum

139 2336 193 2397 est
220 2335 306 2413 quod
331 2336 403 2414 ejus
432 2338 597 2400 sententia
618 2341 786 2418 praecedat
806 2343 944 2406 septen·
996 2333 1187 2395 inexilium
1211 2335 1384 2413 relegavit,
1409 2337 1521 2416 ibique
1544 2339 1646 2402 Vitam
1673 2341 1793 2404 finivit.

141 2433 224 2494 tiam
238 2431 325 2505 coeli,
342 2433 375 2495 et
394 2449 492 2512 quem
514 2435 587 2513 ipso
600 2437 830 2516 reprobaverit
853 2441 941 2502 pono
996 2429 1145 2492 Herodes
1153 2447 1232 2494 vero
1240 2432 1387 2511 Agrippa
1400 2433 1504 2497 irater
1513 2435 1710 2498 Herodiadis
1724 2437 1796 2500 tac-

140 2529 291 2602 damnet,
306 2545 408 2612 quem¹
422 2531 495 2608 ipse
516 2531 697 2596 absolverit
714 2537 803 2596 Deus
819 2552 942 2616 appro·
995 2526 1049 2590 ills
1073 2529 1123 2590 est
1141 2544 1203 2592 1¹01
1217 2530 1510 2608 ierosolymorum.
1529 2534 1793 2606 Qlfi‚11tJudaeis

138 2625 208 2688 bot.
221 2629 308 2690 vcro
323 2627 472 2693 Ecclesia
486 2646 561 2691 cum
575 2632 643 2693 Doo
663 2631 714 2694 ost
730 2649 815 2695 uror
834 2633 939 2711 opiri-
995 2624 1151 2702 placeret,
1169 2624 1335 2689 interiecit
1353 2627 1514 2690 iacobum
1535 2629 1671 2692 tratrem
1688 2633 1794 2694 toan-

138 2725 206 2798 tus,
233 2724 290 2786 ubi
310 2725 404 2791 tanta
430 2726 480 2789 est
505 2727 617 2790 unitas
645 2731 885 2793 sententiarum
907 2733 941 2794 et
995 2721 1047 2784 nis
1061 2722 1185 2798 gladib
1202 2724 1515 2801 ‘illl’OSllstefidfflllt
1528 2729 1793 2806 fllptflhessdfll'et

138 2822 362 2886 voluntatum.
393 2823 485 2886 Unde
509 2825 687 2902 Apostolus
706 2849 714 2888 :
733 2830 797 2895 out
822 2829 940 2894 autem
994 2823 1027 2884 et
1041 2821 1186 2894 Petrum,
1203 2820 1311 2898 ligans
1324 2837 1399 2884 eum
1417 2824 1452 2885 in
1473 2839 1643 2888 carcerem
1659 2828 1794 2905 propter

137 2921 295 2984 aoboeret
316 2925 400 2994 Deo,
429 2938 520 2986 unus
546 2926 694 2999 opertior
719 2927 772 2988 eci
795 2943 875 2989 com
899 2943 939 2991 oo
994 2917 1065 2980 dies
1092 2933 1300 2996 azymorum,
1330 2919 1408 2982 vitas
1442 2919 1534 2982 illius
1569 2938 1726 3000 parcenti,
1756 2925 1794 2988 ut

140 3016 171 3097 (l
184 3019 257 3079 Cor.
275 3033 320 3091 rr,
335 3016 399 3100 17).
413 3019 656 3100 Tribusitaque
669 3023 776 3085 modis
789 3025 938 3088 Ecclesia
993 3018 1106 3094 postea
1130 3033 1205 3078 eum
1234 3017 1448 3080 interficeret.
1476 3020 1539 3082 Sed
1568 3021 1725 3085 clamavit
1748 3021 1791 3084 ad

138 3114 223 3191 ligat
246 3116 280 3178 et
302 3115 412 3178 solvit.
436 3117 542 3180 Solvit
567 3120 764 3183 remittendo
788 3124 935 3198 peccata,
992 3116 1170 3177 Dominum
1185 3115 1304 3178 Petrus
1319 3117 1353 3180 et
1371 3117 1531 3181 liberatus
1546 3118 1597 3181 est
1613 3125 1672 3197 per
1686 3135 1792 3198 ange-

138 3211 225 3288 ligat
239 3214 426 3278 retinendo.
442 3215 535 3278 Unde
554 3217 713 3279 Dominus
732 3219 937 3298 inlivange-
993 3214 1061 3276 lum
1088 3215 1128 3276 do
1155 3229 1301 3277 carcere·
1326 3217 1406 3278 Haec
1436 3215 1577 3280 historia
1604 3218 1641 3280 in
1673 3219 1791 3314 sancta

136 3310 185 3372 lio
207 3331 216 3370 ε
238 3313 392 3378 Quorum
409 3315 620 3376 reieceritis
642 3317 784 3390 peccato
809 3320 936 3381 remit.
992 3311 1141 3374 Ecclesia
1163 3311 1351 3375 celebratur
1375 3313 1582 3392 frequenter,
1610 3316 1643 3378 et
1669 3317 1706 3378 in
1731 3333 1791 3378 su-

137 3407 263 3470 tootur
281 3411 343 3482 ete,
358 3410 553 3485 etquorum
567 3413 787 3476 retinueritis
800 3416 938 3478 retento
992 3408 1128 3486 perticie
1154 3409 1295 3472 historia
1320 3425 1380 3472 nos
1408 3410 1559 3480 instruit,
1584 3412 1618 3474 et
1642 3412 1790 3476 medulla

134 3507 222 3568 mitet
237 3505 347 3584 (toan.
370 3507 502 3589 xx,23).
512 3508 594 3570 Item
608 3509 691 3588 ligat
708 3514 939 3576 excommuni·
992 3506 1107 3580 tritici,
1123 3505 1221 3581 idest,
1232 3507 1417 3585 spiritualis
1427 3508 1614 3571 intellectus
1627 3509 1717 3573 intus
1727 3526 1788 3572 nos

136 3602 257 3676 cando,
271 3603 371 3668 soluit
388 3605 430 3668 ed
452 3608 718 3670 communionem
732 3610 935 3688 recipiendo.
991 3605 1108 3682 pascit.

137 3700 234 3762 Unde
248 3704 450 3780 praeceptum
465 3703 538 3768 erat
557 3704 592 3766 in
612 3707 711 3784 Lege,
728 3707 766 3770 ut
787 3705 886 3770 homo
901 3709 936 3770 in
1030 3701 1179 3764 Historia
1194 3700 1373 3781 dupliciter
1390 3717 1452 3766 nos
1475 3701 1622 3778 instruit,
1639 3704 1672 3768 et
1685 3705 1722 3768 ut
1744 3704 1787 3766 ad

135 3813 204 3876 quo
228 3799 361 3875 signum
385 3800 487 3878 leprae
512 3801 699 3877 uidebatur,
716 3804 937 3868 adduceretur
991 3802 1094 3860 Deum
1121 3800 1161 3861 de
1184 3798 1399 3862 tribulatione
1422 3801 1614 3877 clamemus,
1635 3805 1668 3866 θῑ
1691 3805 1727 3866 ut
1752 3804 1787 3865 in

135 3895 179 3956 ad
196 3897 419 3975 sacerdotem
443 3900 562 3976 etejus
572 3899 702 3978 judicio
720 3901 937 3980 separabatur
991 3897 1156 3976 principio
1172 3898 1336 3960 sermonis
1361 3899 1469 3962 nostri
1495 3901 1716 3980 nosmetipsos
1729 3917 1789 3964 ac-

134 3991 179 4054 ab
194 3993 272 4056 aliis
294 3994 496 4070 hominihus,
516 3995 570 4058 rel
591 3996 816 4075 recipiebatur
834 4015 937 4064 sana·
990 4011 1154 4070 curemus,
1171 3995 1250 4074 quia
1271 3997 1358 4060 sicut
1372 3996 1453 4061 dicit
1472 4000 1628 4064 Salomon
1643 4017 1651 4057 =
1666 4001 1788 4064 rictus

133 4093 201 4156 tus.
494 4125 496 4130 ·
989 4097 1027 4156 to
1051 4097 1420 4170 recuperacione
1447 4100 1629 4160 accurator
1654 4099 1706 4162 est
1731 4102 1787 4161 rut

175 4191 288 4253 Variae
303 4192 431 4270 species
450 4193 658 4271 leprosorum
678 4194 869 4273 significant
883 4195 936 4258 di·
990 4190 1103 4272 (Prot.
1121 4207 1216 4265 xmu,
1240 4191 1304 4274 17).
1326 4193 1560 4258 Clamaverunt
1581 4195 1642 4257 ulii
1669 4195 1784 4269 lsrael,

134 4289 313 4352 versitates
338 4291 562 4368 peccatorum.
587 4292 650 4365 Qui
671 4293 893 4357 excluduntur
913 4313 933 4358 a
989 4291 1021 4352 et
1047 4291 1207 4352 Dominus
1230 4288 1270 4352 de
1289 4291 1543 4353 necessitatibus
1564 4307 1678 4354 eorum
1700 4292 1787 4355 libe-

135 4373 935 4466 consortiouominum,'quandoexcommunioan·
987 4387 1076 4450 ravit
1097 4403 1170 4464 eos;
1187 4386 1345 4450 clamavit
1359 4389 1476 4451 Daniel
1504 4389 1545 4451 de
1568 4389 1644 4452 lacu
1665 4389 1784 4460 leonis,
1858 4461 1862 4468 ¹

132 4485 190 4547 tur
204 4483 247 4545 ad
264 4483 440 4548 arbitrium
455 4487 676 4562 sacerdotum,
690 4489 858 4552 etiterum
873 4490 935 4552 ad·
988 4486 1021 4547 et
1035 4486 1149 4564 clausa
1164 4485 1243 4547 sunt
1259 4501 1319 4549 ora
1343 4485 1493 4564 leonum;
1509 4488 1667 4550 clamavit
1682 4490 1785 4551 Jonas

133 4581 312 4643 mittuntur
333 4582 374 4643 ad
394 4584 659 4648 communionem
684 4585 823 4650 arbitrio
841 4588 934 4665 ipso-
987 4583 1023 4643 in
1047 4584 1165 4645 ventre
1189 4583 1263 4656 ceti,
1289 4583 1322 4646 et
1345 4585 1508 4648 evomitus
1531 4586 1597 4662 est3
1618 4587 1787 4648 clamave-

133 4695 221 4742 rum.
245 4680 326 4743 ltem
351 4679 445 4757 ligat,
466 4683 694 4759 poenitentiam
710 4683 930 4762 imponend03
987 4681 1065 4743 runt
1084 4681 1153 4744 tres
1178 4682 1274 4760 pueri
1289 4682 1325 4744 in
1347 4683 1478 4746 camino
1499 4683 1599 4761 ignis,
1613 4686 1646 4748 et
1663 4685 1785 4748 salvati

133 4777 245 4850 solvit,
273 4778 501 4855 poenitentiam
526 4781 709 4858 mitigando
734 4783 788 4844 vel
814 4782 932 4846 indul·
988 4780 1080 4854 sunt;
1097 4777 1254 4843 clamavit
1265 4781 1393 4853 Petrus,
1411 4781 1443 4844 et
1458 4797 1517 4859 per
1531 4783 1686 4859 angelum
1701 4783 1787 4845 lihe-

132 4875 253 4950 gendo.
271 4876 365 4938 Unde
379 4877 581 4955 praeceptum
594 4881 667 4941 erat
683 4880 718 4941 in
737 4882 835 4958 Lege,
852 4884 890 4945 ut
903 4883 932 4945 si
987 4881 1080 4939 ratus
1104 4881 1165 4950 est,
1193 4878 1226 4940 et
1252 4879 1292 4940 de
1315 4879 1469 4941 manibus
1495 4883 1566 4958 ejus
1595 4880 1787 4944 ceciderunt

133 4988 262 5050 pauper
276 4973 423 5036 animam
438 4989 533 5037 suam
553 4977 621 5038 Deo
644 4979 791 5052 voveret,
809 4981 841 5042 et
856 4980 933 5042 red·
987 4978 1125 5036 catenae.
1138 4976 1324 5039 Clamemus
1339 4978 1372 5038 et
1386 4992 1457 5051 nos,
1475 4994 1550 5040 cum
1572 4978 1782 5052 tribulamur,

132 5071 212 5132 dere
234 5071 488 5134 aestimationem
510 5071 748 5152 redemptionis
772 5093 832 5155 pro
855 5080 932 5141 voto
987 5075 1019 5134 et
1034 5073 1192 5134 Dominus
1215 5074 1373 5137 exaudiet
1396 5091 1468 5148 nos,
1488 5076 1566 5154 quia
1593 5076 1678 5138 sicut
1704 5076 1786 5138 dicit

132 5183 200 5230 non
216 5171 338 5246 posset,
351 5171 456 5232 staret
468 5185 581 5232 coram
593 5173 765 5236 sacerdote
780 5175 814 5238 et
825 5191 934 5253 quan·
986 5173 1004 5234 J
1007 5169 1088 5233 acob
1102 5192 1108 5230 :
1120 5172 1269 5235 Mettum
1284 5173 1373 5234 vetet
1387 5175 1582 5249 deprecatio
1589 5175 1681 5245 justi
1694 5177 1787 5236 asst-

132 5267 203 5328 tum
227 5267 356 5330 videret
383 5283 460 5330 eum
484 5283 593 5345 posse,
614 5271 742 5333 tantum
765 5273 930 5338 redderet.
986 5272 1066 5342 dua,
1081 5272 1181 5334 tillut
1199 5270 1311 5332 oratio
1331 5272 1496 5344 penetrat
1513 5277 1635 5333 008!th
1651 5270 1735 5351 (Jau
1749 5287 1782 5347 v,

131 5365 239 5425 Homo
263 5365 362 5427 vovet
387 5368 456 5428 Deo
482 5365 629 5427 animam
653 5383 768 5442 suam,
798 5372 932 5449 quando
988 5365 1051 5445 16).
1067 5369 1150 5428 Ecce
1166 5368 1330 5449 quomodo
1351 5368 1468 5430 beatus
1492 5369 1611 5431 Petrus
1632 5385 1694 5432 nos
1713 5371 1786 5432 ius-

132 5461 274 5538 spondet
296 5462 332 5523 in
352 5462 515 5542 baptismo
536 5463 664 5526 servire
678 5467 745 5528 Deo
762 5467 933 5532 etrenun-
986 5465 1078 5528 truit.

130 5560 217 5622 tiare
233 5559 378 5634 diabolo,
393 5562 447 5624 vel
469 5562 599 5640 quando
618 5563 689 5640 agit
703 5565 932 5641 poenitentiam
1027 5563 1165 5625 Instruit
1175 5564 1274 5626 etiam
1288 5565 1474 5627 accusando
1485 5565 1632 5642 seipsum
1645 5567 1679 5628 in
1690 5569 1785 5645 prin-

129 5658 328 5738 promittens
361 5674 397 5722 se
417 5660 689 5724 renuntiaturum
719 5665 866 5740 peccato,
897 5669 934 5732 ut
987 5661 1074 5740 cipio
1088 5662 1252 5724 sermonis
1277 5663 1330 5726 sui
1345 5661 1457 5726 dicens
1473 5687 1480 5725 :
1496 5666 1591 5727 Nunc
1607 5667 1676 5730 scio
1690 5682 1781 5729 vere.
