4200 6394
278 279 339 341 135
738 277 914 338 HONORII
937 276 982 338 111
997 275 1147 338 OPERA.
1162 303 1203 327 -
1225 275 1459 338 SERMONES.
1870 278 1931 340 iso

276 451 344 510 res,
360 449 420 498 seu
437 435 572 498 Petrum
596 437 629 497 et
644 433 784 496 Paulum
808 434 849 495 ad
871 449 934 497 me.
958 435 997 497 m
1012 433 1075 497 hoc
1128 448 1148 494 c
1169 448 1254 502 mus,
1273 435 1306 496 et
1320 447 1386 495 non
1401 433 1580 511 praetereat
1593 447 1655 496 uos
1674 433 1735 496 iios
1754 434 1926 514 temporis,

277 535 386 613 potest
427 533 493 595 dici
528 533 569 594 de
607 532 714 610 prima
749 533 939 607 vocatione,
975 533 1072 607 ¹idest,
1129 547 1367 594 «coronemus
1389 548 1449 593 nos
1471 531 1557 593 rosis
1579 535 1757 610 antequam
1778 551 1932 596 marces-

279 632 410 712 quando
425 631 556 694 vocavit
575 646 633 692 eos
652 632 687 691 in
701 631 888 708 Apostolos,
906 632 939 694 et
960 630 1075 692 statuit
1129 645 1148 689 «
1169 630 1256 692 cant.
1265 629 1400 691 Nullum
1411 631 1542 707 pratum
1553 630 1597 693 sit
1606 631 1692 708 quod
1702 647 1769 693 non
1778 634 1930 709 pertran·

278 747 381 791 unum
391 729 516 791 iudaeis
531 730 567 791 in
579 727 811 806 apostolatum,
827 729 861 790 et
879 728 982 790 alium
992 745 1076 805 gen·
1129 741 1148 785 «
1169 726 1240 787 seat
1253 725 1388 787 luxuria
1401 727 1527 788 nostra.
1542 742 1560 786 s
1575 726 1762 789 Adaemone
1777 728 1816 790 lit
1829 744 1932 792 reve-

278 827 389 890 tibus:
416 827 513 900 idest,
530 826 628 888 alteri
651 826 741 888 dedit
762 826 982 904 apostolatum
1002 825 1073 888 cir·
1128 822 1209 885 latio
1230 823 1282 885 vel
1307 821 1494 900 inspiratio,
1517 823 1646 902 quoties
1666 826 1783 904 iniqua
1802 827 1836 908 ei
1855 843 1931 890 ma-

277 926 492 988 cumcisionis
511 941 571 988 seu
585 925 694 996 Petro,
716 925 749 986 et
773 924 832 985 alii
853 923 1074 1001 apostolatum
1129 919 1219 996 ligna
1238 920 1484 998 persuadentur
1492 922 1530 982 in
1543 921 1643 983 corde
1659 922 1817 986 bominis.
1833 926 1930 988 Unde

277 1024 443 1101 praeputii,
456 1039 516 1084 seu
527 1021 643 1083 Paulo.
656 1020 747 1093 Quod
761 1021 861 1082 etiam
874 1021 998 1082 Paulus
1010 1021 1075 1082 tes·
1128 1019 1179 1080 est
1200 1018 1282 1080 illud
1305 1019 1340 1079 in
1364 1017 1450 1082 libro
1473 1021 1678 1097 Sapientiae:
1699 1021 1931 1086 ‹Circumve-

276 1121 366 1183 tatur
392 1120 527 1181 dicens:
557 1121 621 1186 Qui
644 1119 808 1194 operatas
834 1119 887 1180 esi
907 1117 1015 1180 Petro
1036 1119 1074 1179 in
1129 1131 1148 1178 c
1170 1116 1300 1178 niamus
1311 1117 1450 1195 justum,
1468 1117 1623 1194 quoniam
1646 1119 1776 1181 inutilis
1796 1121 1846 1183 est
1862 1137 1930 1182 no-

276 1218 468 1294 cpostoiotu
488 1219 772 1288 circumcisionis,
789 1215 953 1292 operatus
967 1216 1020 1278 est
1040 1215 1075 1278 ei
1128 1230 1147 1274 a
1167 1213 1230 1287 bis,
1239 1214 1673 1278 contumeliisettormentis
1684 1217 1930 1294 interrogemus

275 1319 361 1378 mibi
375 1315 601 1392 interpretes
617 1311 738 1392 (Galat.
752 1329 788 1386 ιι,
805 1312 851 1393 8).
870 1314 963 1376 Unde
973 1313 1074 1376 eiiam
1128 1329 1147 1373 c
1168 1311 1279 1385 illum,
1307 1314 1414 1375 morte
1444 1312 1638 1390 turpissima
1668 1315 1930 1380 condemnemus

277 1431 377 1476 unam
387 1414 519 1489 virgam
532 1412 665 1474 vocavit
676 1413 841 1483 decorem,
857 1413 891 1474 et
904 1411 967 1473 hoc
980 1427 1074 1490 prop-
1129 1427 1149 1471 ‹
1171 1427 1288 1472 eum.»
1310 1408 1401 1492 (Sap.
1427 1425 1464 1480 11,
1483 1409 1549 1490 12.)
1567 1415 1595 1472 A
1616 1414 1684 1474 Deo
1708 1411 1746 1475 llt
1762 1415 1930 1477 revelatio

274 1517 326 1577 ter
347 1511 566 1589 gentilitatem
582 1525 655 1587 quae
676 1525 736 1587 per
750 1510 901 1570 decorem
918 1509 1075 1586 designa·
1128 1508 1182 1572 vel
1195 1508 1384 1586 inspiratio,
1401 1509 1532 1586 quoties
1547 1512 1662 1572 sancta
1676 1512 1711 1573 et
1723 1511 1818 1573 utilia
1833 1525 1931 1576 reve-

276 1613 343 1674 tur.
367 1609 461 1673 Unde
484 1608 520 1669 in
546 1607 681 1669 Cantico
706 1607 936 1670 canticorum:
961 1611 1075 1684 Nigro
1128 1607 1243 1669 lautur
1272 1607 1309 1668 in
1342 1605 1441 1668 corde
1473 1607 1618 1669 hominis
1649 1609 1757 1685 gratia
1783 1609 1930 1687 Spiritus

276 1725 365 1781 sum,
382 1712 441 1770 sed
459 1709 614 1782 formosa
630 1703 736 1784 (Cant.
758 1721 780 1778 l,
798 1703 830 1784 4)
849 1707 984 1784 propter
1002 1706 1075 1768 cul·
1130 1704 1254 1766 Sancti.
1279 1704 1372 1766 Unde
1396 1704 1556 1782 scriptum
1575 1704 1626 1768 esi
1642 1705 1678 1767 in
1695 1705 1868 1770 Ezechiele
1885 1708 1930 1770 de

277 1810 348 1870 tum
362 1806 462 1867 unius
476 1805 537 1866 Dei
549 1820 645 1882 quem
661 1804 843 1881 receperat.
860 1804 963 1877 Quasi
981 1803 1074 1866 dice·
1129 1802 1252 1865 sanctis
1268 1794 1492 1863 animalibus:
1513 1805 1573 1865 Ubi
1595 1805 1674 1866 erat
1687 1806 1839 1878 impetus
1853 1810 1932 1882 spi-

277 1906 330 1968 ret
352 1903 530 1966 Dominus:
557 1904 665 1964 Unam
690 1902 872 1978 virgarum,
897 1903 950 1964 vel
970 1919 1073 1964 unum
1127 1902 1230 1974 ritus,
1244 1904 1322 1964 iiiuc
1334 1901 1585 1977 erudiebantur
1599 1899 1731 1980 (Ezech.
1748 1920 1770 1973 l,
1785 1905 1846 1982 12).
1860 1905 1932 1966 im-

278 2003 443 2081 pastorem
456 1995 592 2063 tradidit
603 1999 783 2076 gentilitati
793 2015 866 2077 quae
881 2000 1075 2077 designatur
1129 1999 1224 2076 petus
1240 1998 1377 2076 spiritus
1394 1997 1498 2060 estad
1515 2000 1630 2060 sancia
1647 2016 1749 2077 opera
1768 2001 1802 2063 et
1816 2002 1929 2071 utilia,

278 2116 338 2179 per
361 2099 529 2170 decorem,
556 2099 590 2159 ei
617 2097 717 2158 aliam
744 2097 915 2173 virgarum
942 2098 1075 2160 vocarit
1128 2097 1270 2174 impetus
1290 2096 1400 2159 autem
1424 2096 1536 2159 carnis
1548 2096 1589 2158 ad
1607 2096 1787 2160 luxuriam.
1805 2101 1929 2162 Sancta

279 2198 474 2268 funiculum,
501 2195 598 2268 idest,
623 2194 794 2273 jndaicum
820 2196 988 2273 populum,
1018 2196 1073 2274 qui
1129 2195 1299 2268 animalia,
1320 2194 1416 2268 idest,
1442 2195 1566 2257 sanctas
1587 2194 1707 2258 animae
1727 2196 1933 2272 gradiuntur

278 2295 542 2372 designaturper
553 2292 750 2366 funiculum,
763 2293 820 2371 qui
834 2293 987 2370 designat
998 2294 1072 2355 bae-
1129 2291 1186 2353 ubi
1201 2293 1251 2354 esi
1267 2293 1408 2370 impetus
1423 2291 1568 2369 Spiritus
1589 2292 1715 2366 Sancti,
1738 2293 1819 2372 quia
1845 2295 1932 2358 lacit

277 2393 463 2465 reditatem‚
485 2392 562 2470 quia
577 2391 666 2452 terra
677 2405 792 2452 eorum
807 2390 1072 2465 mensurabatur,
1128 2391 1333 2454 voluntatem
1348 2389 1418 2452 Dei.
1435 2390 1516 2451 Mali
1530 2406 1609 2454 vero
1626 2391 1761 2469 spiritus
1780 2408 1931 2471 sequun-

279 2491 312 2554 et
326 2490 486 2553 Dominus
505 2489 596 2550 dedit
612 2487 714 2550 Jacob
737 2490 769 2550 et
787 2489 985 2566 sequacibus
1000 2493 1073 2568 ejus
1127 2490 1183 2551 tur
1196 2489 1354 2566 impetum
1374 2489 1496 2562 carnis,
1514 2488 1592 2566 quia
1608 2491 1794 2567 sequuntur
1808 2489 1932 2553 diabo-

277 2589 312 2650 in
328 2587 568 2650 haereditatem.
584 2585 677 2647 Unde
689 2585 848 2648 Dominus
867 2585 969 2649 Jacob
984 2609 992 2648 :
1007 2592 1075 2650 bt:-
1128 2588 1208 2659 lum,
1226 2590 1321 2664 cujus
1336 2601 1437 2663 opera
1452 2585 1589 2649 iaciunt.

277 2690 412 2749 uirides
432 2684 646 2747 baereditatis
663 2699 751 2746 urere
765 2683 880 2762 (Dedi.
893 2700 1003 2758 xxxn,
1026 2683 1072 2764 9).
1169 2685 1320 2748 Secundo
1331 2685 1427 2748 vocat
1439 2699 1515 2746 eum
1529 2683 1663 2747 Petrum
1676 2685 1835 2748 dicendo:
1851 2690 1929 2764 Dec

277 2787 325 2848 bc
352 2785 382 2846 si
409 2783 535 2844 diceret
559 2780 740 2843 Dominus:
760 2780 869 2842 liliam
890 2783 1072 2859 virgarum,
1128 2787 1202 2846 dico
1217 2785 1287 2857 tibi,
1304 2786 1385 2858 quio
1399 2783 1437 2844 tu
1451 2797 1490 2846 ea
1502 2783 1641 2856 Petram,
1663 2783 1698 2846 et
1718 2800 1825 2859 saper
1837 2789 1929 2848 teuc

278 2883 379 2954 idest,
405 2880 508 2942 alium
532 2875 699 2956 pastorem
715 2877 840 2942 tradidi
855 2879 992 2957 judaico
1013 2895 1075 2958 po-
1126 2882 1276 2956 petram,
1292 2879 1390 2952 idest,
1406 2897 1507 2959 super
1520 2897 1572 2942 me
1588 2881 1644 2958 qui
1668 2897 1741 2942 sum
1756 2881 1871 2943 firmus
1892 2885 1929 2946 et

277 2982 368 3060 pulo,
385 2979 442 3057 qui
455 2977 649 3054 designatur
663 2991 723 3052 per
737 2976 932 3039 funiculum.
1129 2978 1258 3042 stabilis
1273 2979 1305 3041 et
1319 2977 1413 3042 sortis
1433 2979 1519 3040 sicui
1533 2978 1637 3058 petra,
1655 2979 1829 3053 oedificabo
1849 2983 1921 3042 Ec-

317 3081 382 3141 Per
407 3077 520 3154 virgas
541 3090 619 3151 ergo
636 3073 760 3135 merito
781 3073 998 3151 designantur
1018 3077 1075 3139 isti
1129 3079 1268 3139 etesium
1281 3091 1406 3138 meum.
1422 3077 1659 3139 TuesPetrus
1671 3076 1705 3138 ei
1718 3091 1825 3153 super
1838 3081 1928 3140 banc

276 3177 427 3256 pastores
445 3175 478 3237 et
500 3172 569 3234 alii.
589 3172 821 3249 Unusquisque
835 3172 945 3234 autem
963 3176 1076 3250 pastor
1124 3176 1266 3250 petrem
1298 3175 1471 3248 :edificabo
1502 3177 1690 3238 Ecclesiam
1722 3191 1849 3249 meam,
1892 3177 1929 3238 et

277 3274 374 3339 debet
406 3272 529 3334 habere
562 3269 707 3348 quinque
736 3270 861 3346 virgas.
890 3272 1074 3334 Pastoralis
1126 3274 1239 3350 porto
1266 3275 1373 3348 inseri
1400 3273 1730 3347 concrescerent
1755 3277 1928 3336 odoerms

278 3373 366 3436 enim
385 3387 465 3432 cura
482 3370 519 3430 in
541 3369 686 3447 quinque
703 3367 864 3429 consistit.
881 3367 993 3440 Debet,
1015 3370 1073 3431 in·
1128 3386 1206 3432 eom
1224 3368 1354 3449 (Mattb.
1368 3385 1437 3442 xvi,
1454 3367 1518 3446 18).
1538 3372 1619 3432 Cum
1632 3371 1720 3432 euim
1733 3371 1777 3433 sit
1798 3371 1924 3434 lunda-

278 3488 387 3551 quam,
419 3469 526 3531 bouus
558 3467 672 3544 pastor
701 3464 825 3528 habere
849 3466 979 3543 virgam
1000 3468 1073 3529 dis·
1127 3469 1182 3530 tor
1215 3467 1248 3528 et
1282 3467 1532 3529 tundamentum
1567 3467 1739 3541 Ecclesiae,
1774 3468 1924 3546 prolecto

277 3570 424 3648 ciplinae,
449 3567 578 3642 virgam
602 3564 775 3642 potentiae,
805 3563 934 3640 virgam
963 3567 1076 3628 scien·
1129 3565 1233 3643 portae
1255 3563 1354 3627 inseri
1373 3563 1533 3626 adversus
1557 3580 1631 3626 eam
1652 3566 1835 3642 praevalere
1860 3582 1927 3628 non

275 3669 345 3739 tiae,
358 3667 488 3741 uirgam
503 3661 672 3734 custodiae,
692 3664 725 3723 et
741 3661 870 3739 virgam
883 3663 1075 3726 misericor·
1128 3665 1276 3740 possunt,
1294 3662 1372 3739 quia
1391 3661 1640 3724 fundamentum
1660 3662 1828 3727 immobile
1850 3680 1931 3741 per-

277 3765 353 3827 diae.
385 3762 498 3822 Prima
526 3760 576 3820 est
603 3758 706 3830 utilis,
734 3759 880 3821 secunda
894 3761 1072 3837 terribilis,
1129 3760 1269 3822 severat.
1296 3763 1343 3820 De
1360 3775 1425 3836 quo
1446 3759 1527 3822 dicit
1549 3761 1725 3838 Apostolus
1747 3777 1754 3817 :
1779 3765 1928 3824 Funda-

278 3861 379 3925 tertia
418 3856 541 3930 dulcis,
579 3856 696 3932 quarta
734 3856 1072 3934 circumspectabilis,
1128 3859 1285 3921 mentum
1305 3858 1457 3934 positum
1478 3859 1541 3930 est,
1561 3855 1696 3933 praeter
1722 3863 1810 3934 quod
1834 3863 1929 3922 eliud

278 3958 394 4038 quinta
423 3954 551 4026 suavis,
579 3952 668 4014 idest
692 3952 933 4016 misericordia.
971 3957 1074 4033 Virga
1126 3959 1210 4031 poni
1230 3971 1300 4018 uon
1320 3955 1442 4029 potest,
1466 3959 1554 4029 quod
1574 3955 1627 4018 est
1648 3958 1750 4018 Jesus
1771 3958 1931 4020 cbristus

278 4057 367 4121 enim
397 4051 582 4130 disciplinae
615 4049 762 4127 corrigit,
799 4051 895 4127 virga
918 4053 1074 4128 poteniiae
1130 4050 1159 4132 (Ι
1180 4053 1253 4113 Cor.
1275 4066 1326 4124 111,
1355 4049 1419 4131 ii).
1442 4052 1536 4113 Licet
1556 4067 1637 4127 ergo
1657 4052 1813 4114 navicula
1835 4054 1928 4115 Petri

277 4154 383 4235 punit,
397 4151 493 4227 virga
506 4148 656 4213 scientiae
674 4147 794 4220 erudit,
805 4147 901 4224 virga
916 4150 1074 4212 custodias
1129 4149 1259 4226 magnis
1274 4148 1429 4210 fluctibus
1439 4149 1474 4209 in
1489 4149 1597 4211 medio
1608 4149 1711 4210 maris
1724 4164 1814 4228 saepe
1818 4152 1932 4228 jacte-

276 4253 394 4321 munit,
409 4250 504 4326 virga
524 4245 762 4311 misericordiae
782 4246 899 4324 parcit.
1129 4247 1193 4320 tur,
1205 4247 1389 4324 praesertim
1398 4262 1472 4308 cum
1482 4246 1518 4307 iu
1531 4262 1570 4308 ea
1584 4245 1705 4308 dormit
1713 4249 1821 4320 iesus,
1834 4265 1930 4309 num·

317 4353 421 4414 Item:
441 4347 570 4410 Beatus
582 4360 619 4407 es
631 4347 761 4418 Simon,
788 4348 862 4406 Bor
875 4347 974 4418 June,
994 4348 1076 4420 quic
1130 4361 1227 4422 quam
1248 4345 1360 4406 tamma
1379 4342 1617 4419 submergitur,
1639 4343 1718 4421 quia
1743 4347 1841 4406 iesus
1862 4346 1930 4407 im-

275 4463 358 4512 coro
382 4447 416 4509 et
429 4447 573 4520 sanquis
588 4458 658 4504 uon
676 4443 844 4504 revetavit
865 4444 926 4504 tibi
940 4440 1072 4522 (Mattb.
1129 4443 1224 4519 perat
1252 4442 1361 4504 ventis
1389 4442 1422 4502 et
1446 4441 1550 4514 mari,
1583 4441 1618 4502 et
1645 4441 1681 4503 tit
1701 4442 1930 4520 tranquillitas

277 4561 346 4616 xvi,
360 4540 424 4622 17),
439 4541 524 4602 sicut
531 4556 592 4602 nec
602 4541 719 4612 Paulo,
731 4539 818 4600 unde
829 4540 903 4617 ipse
911 4541 975 4601 ait:
990 4543 1075 4602 Cum
1130 4555 1260 4616 magna,
1277 4539 1324 4601 ita
1337 4539 1374 4602 ut
1386 4537 1535 4601 homines
1553 4537 1630 4600 inde
1645 4539 1809 4600 mirentur
1823 4542 1856 4603 et
1869 4540 1927 4602 di-

277 4641 395 4704 autcm
402 4638 572 4714 piocuitet
582 4639 640 4710 qui
650 4650 705 4696 me
714 4641 907 4712 segregavit
917 4651 963 4697 ecc
974 4637 1076 4699 :itero
1130 4639 1206 4698 cant
1218 4654 1225 4692 :
1239 4639 1354 4704 Qualis
1365 4637 1417 4699 esi
1431 4641 1485 4698 bic
1496 4639 1578 4710 quio
1589 4651 1689 4697 more
1702 4637 1735 4697 ei
1747 4639 1843 4699 venti
1854 4641 1929 4701 obe-

277 4723 405 4802 aratro
425 4749 523 4808 caece,
547 4734 586 4795 dt
601 4733 773 4794 repeteret
791 4734 901 4806 titium
917 4748 1021 4794 meacm
1038 4739 1076 4796 iu
1130 4735 1229 4796 diunt
1247 4739 1280 4796 ei
1293 4735 1306 4795 t
1321 4733 1452 4814 (Mattb.
1471 4750 1543 4805 vlu,
1559 4731 1626 4813 27).
1647 4735 1726 4795 Haeo
1740 4734 1792 4796 est
1810 4735 1928 4798 domus

277 4854 344 4912 cie,
365 4836 527 4898 contiuuo
549 4847 618 4895 :iou
633 4833 789 4905 acquievi
810 4835 911 4893 corui
934 4831 969 4894 et
993 4847 1076 4894 scu·
1130 4832 1188 4894 illa
1201 4832 1363 4902 sublimis,
1380 4832 1419 4892 de
1435 4847 1498 4909 qua
1513 4830 1647 4892 Veritas
1659 4830 1726 4893 ait:
1743 4835 1927 4896 Descendit

277 4937 377 5013 quint
392 4929 477 5007 (Gal.
493 4945 516 5003 1,
534 4928 583 5001 15,
601 4925 662 4999 16),
682 4926 779 4997 idest,
798 4926 917 4990 scribis
932 4927 965 4990 et
986 4927 1077 4990 Pha·
1124 4935 1256 5006 piccio,
1273 4929 1446 4992 veneram:
1458 4929 1614 5001 domino,
1625 4924 1803 5002 noverunt
1815 4931 1922 5004 venii,

278 5032 398 5096 risaeis.
416 5032 497 5091 Tres
517 5025 594 5088 sunt
611 5025 739 5104 species
756 5025 998 5088 revelationum
1021 5026 1075 5088 vel
1129 5030 1165 5093 et
1178 5028 1363 5091 irruerunt
1384 5030 1423 5087 in
1442 5029 1581 5088 domum
1600 5028 1704 5098 ilioni,
1727 5027 1761 5088 et
1784 5042 1854 5089 uon
1871 5043 1930 5090 ce-

276 5123 1072 5209 inspirationum.Aliaesiacarne,etsanguine,
1128 5127 1232 5200 cidit:
1266 5124 1411 5201 madata
1434 5127 1527 5186 euim
1553 5125 1633 5184 eret
1659 5135 1767 5198 super
1787 5126 1928 5198 petrem

278 5231 345 5298 alia
358 5245 377 5290 a
391 5227 552 5297 daemone,
573 5222 642 5284 alia
660 5225 774 5284 aDeo.
788 5225 816 5284 lt
831 5235 932 5283 carne
950 5221 983 5283 et
995 5236 1076 5283 san-
1130 5223 1261 5304 (Mattlt.
1282 5239 1341 5295 vu,
1361 5219 1427 5302 25),
1452 5235 1552 5299 super
1571 5221 1679 5294 illam,
1699 5219 1866 5294 videlicet,
1888 5223 1930 5283 de

277 5327 379 5405 guine
390 5325 425 5387 di
434 5322 596 5386 revelatio
605 5320 660 5384 vel
674 5319 862 5396 inspiratio,
874 5317 1006 5396 quando
1019 5334 1074 5381 vo-
1129 5323 1170 5384 de
1190 5337 1256 5400 qua
1271 5319 1352 5383 dicit
1369 5318 1545 5398 Apostolus
1561 5339 1570 5379 ε
1586 5318 1697 5380 Petro
1710 5318 1829 5382 auten
1849 5321 1930 5382 croi

276 5421 497 5502 luptuosavel
513 5417 724 5482 delectabilia
739 5416 1074 5480 suadenturincorde
1128 5421 1286 5484 obrutas
1318 5417 1347 5498 (Ι
1373 5419 1447 5480 Gor.
1476 5433 1510 5490 x,
1543 5413 1586 5495 i).
1613 5415 1709 5477 Patet
1734 5429 1815 5492 ergo
1839 5417 1926 5494 quod

276 5521 434 5584 hominis.
451 5519 544 5581 Unde
562 5518 612 5580 est
625 5515 708 5578 illud
722 5516 756 5577 iu
769 5514 854 5577 libro
871 5513 1071 5592 Sapientiae:
1127 5517 1317 5608 apostolica
1342 5515 1443 5578 Sedes
1466 5529 1532 5576 non
1547 5512 1660 5575 delicit
1679 5513 1714 5574 in
1736 5513 1927 5576 tribulatio-

274 5619 402 5682 ‹Vino
424 5615 571 5694 pretioso
595 5617 628 5679 et
652 5613 831 5690 unguentis
848 5629 909 5674 nos
932 5610 1074 5690 implea-
1128 5616 1237 5689 nibus,
1261 5615 1317 5676 sed
1333 5613 1514 5692 perficitur,
1536 5612 1572 5673 ut
1586 5610 1697 5673 dicere
1717 5611 1829 5673 valeat
1850 5627 1926 5674 cum
