4234 6442
144 288 301 348 llil·

139 443 278 522 rigendo
296 444 440 522 tepidus,
463 441 496 504 et
521 439 642 502 fratres
670 437 792 517 saepius
819 440 936 502 moniti

138 543 384 619 incorrigibiles
415 538 674 618 permanserint,
710 537 753 599 ad
779 537 935 615 generale

140 641 322 718 capitulum
336 638 516 710 referatur,
533 639 566 698 et
588 635 674 698 sicut
688 635 806 696 melius
827 635 935 696 visum

139 737 249 809 fuerit,
277 736 418 798 consilio
439 734 606 812 generalis
623 733 760 810 capituli
779 733 937 794 emende-

138 837 204 906 tur,
221 835 253 897 et
272 834 437 895 sententia
456 834 491 895 in
514 832 577 894 bac
599 832 693 908 parte
711 831 847 909 capituli
863 831 936 893 sine

138 931 339 994 retractione
352 932 466 1009 aliqua
481 917 686 992 observetur.

178 1029 312 1101 Quoties
336 1045 416 1091 vero
442 1028 583 1092 ecclesia
607 1026 934 1090 praemonstratensis

138 1127 211 1188 sine
226 1126 345 1189 abbate
357 1126 468 1198 fuerit,
485 1126 525 1187 ad
540 1125 697 1203 praefatos
711 1126 781 1187 tres
799 1124 934 1186 abbates

137 1227 210 1302 ejus
234 1241 315 1286 cura
338 1224 506 1301 respiciat,
535 1225 568 1285 et
596 1239 616 1285 a
641 1222 811 1285 canonicis
830 1221 935 1298 ipsius

139 1323 302 1395 ecclesiae,
325 1336 534 1383 cumeorum
559 1320 714 1393 consilio,
737 1335 880 1398 persona
900 1320 934 1380 in

136 1419 290 1482 abbatem
330 1418 449 1482 idonea
488 1419 648 1496 eligatur,
686 1417 728 1480 ad
759 1416 935 1479 consilium

137 1535 233 1579 suum
262 1517 405 1595 quatuor
429 1517 505 1578 aliis
529 1516 703 1578 abbatibus
727 1514 769 1577 ad
786 1515 935 1577 eamdem

136 1615 312 1677 ecclesiam
332 1614 584 1692 pertinentibus,
602 1614 729 1691 pariter
749 1612 933 1684 advocatis,

86 1747 90 1752 -
136 1729 219 1790 quos
235 1713 300 1789 ipsi
315 1712 469 1774 canonici
484 1711 691 1789 providerint
711 1709 933 1772 advocandos

135 1811 251 1872 Liceat
279 1824 409 1887 quoque
438 1809 618 1887 unicuique
651 1808 748 1871 matri
782 1808 935 1870 ecclesiae

136 1906 263 1968 ordinis
284 1906 400 1978 vestri,
421 1921 495 1967 cum
518 1905 660 1967 consilio
685 1905 815 1967 abbatis
838 1908 935 1967 Prae·

136 2003 400 2075 monstratensis,
431 2003 472 2064 de
496 2001 671 2064 abbatibus
697 2002 933 2074 ecclesiarum,

136 2118 209 2178 quae
222 2101 263 2162 ab
274 2115 312 2161 ea
320 2101 523 2179 processisse
536 2101 730 2172 noscuntur,
747 2099 818 2160 sive
833 2099 934 2160 etiam

99 2274 101 2278 Ι
137 2199 177 2260 de
205 2199 271 2260 alia
291 2197 439 2276 ejusdem
457 2197 586 2260 ordinis
605 2197 764 2258 inferiore
780 2196 933 2269 ecclesia,

136 2295 210 2368 sibi,
235 2311 473 2373 quemcumque
494 2295 672 2366 voluerint,
693 2295 723 2354 si
736 2296 848 2355 tamen
862 2293 937 2355 ido-

137 2411 222 2454 neus
240 2393 398 2465 extiterit,
418 2392 455 2453 iu
473 2392 626 2454 abbatem
648 2407 829 2453 assumere.
852 2393 937 2452 Per-

137 2507 252 2552 sonam
281 2491 391 2552 autem
415 2489 456 2551 de
481 2490 548 2551 alio
564 2489 693 2561 ordine,
714 2489 806 2550 nulla
828 2488 937 2549 eccle-

137 2589 264 2650 siarum
291 2591 479 2650 vestrarum
502 2587 565 2649 sibi
585 2587 689 2663 eligat
713 2587 749 2647 in
770 2585 933 2656 abbatem,

135 2703 197 2748 nec
211 2686 315 2749 vestri
327 2683 454 2748 ordinis
464 2685 576 2761 aliqua
586 2686 621 2746 in
634 2683 785 2746 abbatem
796 2698 935 2744 monas-

137 2784 216 2845 terii
240 2783 380 2844 alterius
407 2783 545 2854 ordinis,
573 2783 640 2843 nisi
668 2781 708 2843 de
736 2781 936 2843 auctoritaie

137 2885 296 2943 Romanae
319 2881 478 2942 Ecclesiae
506 2879 688 2941 ordinetur.
715 2879 807 2940 Nulli
834 2879 935 2940 eliam

139 2978 317 3039 canonicos
332 2977 384 3038 vel
397 2991 578 3038 couversos
592 2976 733 3048 vestros,
749 2975 822 3036 sine
835 2975 937 3036 licon·

136 3075 183 3138 tia
195 3073 350 3136 abbatum
365 3090 511 3147 suorum,
529 3074 680 3150 recipere
695 3073 753 3135 aut
765 3074 936 3150 susceptos

136 3173 239 3235 liceat
258 3173 414 3235 retinere.
441 3175 528 3236 Sane
549 3171 634 3234 nulli
656 3171 807 3234 ecclesiae
832 3169 936 3233 vestri

135 3270 262 3331 ordinis
282 3270 383 3332 liceat
404 3269 445 3330 ad
461 3269 607 3348 aliquam
632 3269 734 3330 aliam
754 3267 937 3344 professio-

136 3383 212 3429 nem
236 3367 423 3430 temeritate
441 3366 588 3444 qualibet
611 3381 647 3426 se
670 3365 866 3427 transferre.
898 3363 933 3424 Si

136 3481 209 3542 quae
237 3481 316 3526 vero
350 3464 501 3526 ecclesiae
529 3463 767 3526 canonicorum
796 3461 935 3523 alterius

135 3562 274 3634 ordinis,
296 3561 337 3622 ad
357 3562 506 3624 ordinem
528 3563 677 3623 vestrum
701 3558 869 3634 venerint,
894 3558 935 3619 ad

134 3659 310 3722 ecclesiam
340 3659 445 3721 vestri
470 3658 596 3719 ordinis
619 3656 764 3719 habeant
783 3657 856 3716 sine
882 3671 938 3716 re-

134 3757 320 3834 fragatione
334 3757 531 3834 respectum,
549 3756 585 3815 in
603 3770 669 3832 qua
686 3752 869 3815 noscuntur
884 3767 937 3813 or-

136 3853 250 3924 dinem
262 3854 411 3916 vestrum
425 3850 639 3926 assumpisse.

176 3950 342 4012 Praeterea
358 3949 385 4008 si
402 3948 490 4009 inter
508 3947 638 4023 aliquas
660 3945 819 4008 ecclesias
833 3945 936 4007 vestri

135 4048 265 4110 ordinis
281 4048 321 4108 de
337 4043 573 4123 temporalibus
589 4045 728 4122 quaestio
750 4043 933 4115 emerserit,

135 4163 202 4209 non
218 4148 312 4208 extra
335 4143 484 4206 ordinem
504 4143 733 4204 ecclesiastica
750 4143 802 4204 vel
824 4157 935 4203 saecu-

135 4246 218 4306 laris
239 4243 410 4306 audientia
438 4241 653 4318 requiratur;
684 4240 740 4301 sed
770 4239 935 4302 mediante

138 4339 449 4405 praemonstratensi
466 4338 584 4400 abbate
599 4337 771 4400 etcaeteris
785 4353 867 4414 quos
882 4352 937 4398 vo·

137 4440 274 4513 caverit,
291 4441 349 4502 aut
360 4437 534 4500 caritative
542 4436 694 4498 intereas
708 4435 933 4512 componatur,

136 4539 195 4598 aut
225 4536 346 4598 auditis
379 4535 552 4612 utriusque
586 4531 784 4604 rationibus
820 4532 935 4592 eadem

137 4634 363 4694 controversia
384 4631 626 4710 iustoiudicio
650 4631 857 4701 terminetur.
886 4629 934 4691 Ad

136 4731 296 4807 majorem
310 4745 439 4806 quoque
451 4729 578 4790 ordinis
597 4729 700 4790 vestri
720 4743 835 4806 pacem
849 4743 934 4790 con-

136 4825 345 4897 servandam,
360 4825 542 4887 districtius
559 4826 784 4903 prohibemus,
804 4840 846 4887 ne
866 4825 934 4886 ali·

136 4925 210 5006 quis
224 4923 438 5002 prelatorum
452 4921 504 4982 vel
516 4921 722 4984 subditorum
733 4917 933 4996 iestrorum,

134 5026 171 5087 in
186 5023 228 5083 iis
244 5037 317 5099 quaa
331 5019 371 5080 ad
381 5018 590 5094 disciplinam
602 5021 634 5080 et
647 5018 796 5082 instituta
807 5020 934 5082 ordinis

136 5121 296 5200 spectant,
309 5115 440 5186 audeat,
458 5116 555 5192 prout
575 5116 733 5178 statutum
749 5117 799 5178 est
817 5117 852 5178 in
867 5121 933 5178 La-

134 5216 308 5282 teranensi
324 5213 484 5286 Concili0,
501 5213 670 5290 appellare
687 5235 694 5273 ι
711 5213 769 5274 sed
791 5213 820 5273 si
839 5214 934 5289 quis-

136 5318 225 5395 piam
240 5314 408 5392 appellare
422 5310 612 5379 tentaverit,
644 5309 862 5371 nihilominus
884 5311 933 5372 illi

137 5431 276 5493 quorum
319 5410 460 5474 interest
496 5408 684 5485 regularem
724 5406 933 5484 disciplinam

136 5527 293 5574 exercere
319 5507 491 5572 debebunt.
516 5509 563 5569 Dc
592 5507 713 5568 caetero
735 5505 891 5583 quoniam
914 5522 933 5568 a

136 5609 275 5690 strepitu
289 5609 322 5670 et
337 5605 480 5672 tumultu
495 5604 707 5668 saecularium
722 5603 851 5676 remoti,
869 5619 926 5681 pa·

778 281 1009 342 EPIS‘I'OLAE.
1032 281 1111 342 LIB.
1135 281 1159 344 Ι.

1731 282 1790 344 ⁴02
1854 257 1858 272 '

991 455 1062 503 cem
1079 441 1111 502 et
1124 439 1269 517 quietem
1284 437 1434 515 diligitis,
1447 439 1605 516 grangias
1617 440 1745 502 vestras
1760 442 1793 504 et

992 539 1114 608 curtes,
1135 537 1222 599 sicut
1243 537 1276 600 et
1290 537 1376 598 atria
1391 537 1423 598 et
1437 537 1655 598 ecclesiarum
1674 554 1694 599 a
1709 553 1792 616 pra-

991 651 1108 696 vorum
1122 635 1258 696 incursu
1272 638 1305 697 et
1317 635 1475 696 violentia
1495 633 1618 695 liberas
1634 635 1704 697 fore
1719 651 1794 696 san·

991 733 1096 794 cimus
1112 753 1120 792 ε
1136 731 1349 810 prohibentes
1365 733 1400 794 ut
1421 733 1533 794 nullus
1555 731 1601 792 ibi
1624 732 1791 794 hominem

991 845 1121 906 capere,
1139 829 1296 906 spoliare,
1310 829 1499 900 verberare,
1515 845 1574 890 seu
1590 829 1790 903 interficere,

989 928 1048 989 aut
1059 927 1181 989 furtum
1198 927 1251 988 vel
1266 927 1418 1005 rapinam
1434 928 1639 990 committere
1658 927 1789 990 audeat.

1031 1025 1077 1086 Ob
1101 1024 1272 1087 evitandas
1305 1041 1384 1087 vero
1412 1025 1613 1086 secularium
1642 1025 1791 1086 virorum

990 1121 1205 1199 frequentias,
1229 1121 1370 1184 liberum
1395 1122 1438 1184 sit
1463 1121 1568 1195 vobis,
1597 1123 1689 1185 salvo
1713 1125 1791 1200 Jure

990 1220 1253 1282 dioecesanorum
1291 1221 1541 1297 episcoporum,
1575 1219 1723 1282 oratoria
1756 1220 1791 1281 in

990 1318 1141 1394 grangiis
1154 1318 1186 1380 et
1199 1317 1347 1380 curtibus
1359 1317 1479 1379 vestris
1490 1319 1694 1390 construere,
1711 1318 1745 1379 et
1757 1318 1791 1378 iu

991 1415 1073 1493 ipsis
1088 1415 1182 1477 vobis
1204 1417 1237 1478 et
1252 1414 1387 1476 familiae
1403 1415 1522 1476 vestrae
1540 1415 1653 1476 divina
1669 1415 1789 1488 officia,

991 1527 1091 1590 quum
1106 1528 1243 1574 necesse
1259 1512 1359 1575 fuerit
1372 1511 1554 1584 celebrare,
1573 1514 1605 1574 et
1620 1513 1725 1591 ipsam
1741 1512 1794 1574 fa·

991 1610 1129 1683 miliam,
1142 1611 1207 1671 nisi
1216 1611 1321 1688 aliqui
1330 1610 1397 1671 sint
1408 1611 1464 1687 qui
1477 1609 1644 1671 invicinia
1658 1611 1790 1688 propria

991 1707 1135 1769 babeant
1158 1707 1339 1776 domicilia,
1360 1707 1400 1769 ad
1422 1707 1675 1780 confessionem,
1696 1723 1791 1769 com-

992 1806 1182 1867 munionem
1193 1809 1226 1868 et
1236 1805 1453 1883 sepulturam,
1466 1821 1540 1866 cum
1550 1805 1653 1867 vestri
1664 1804 1791 1867 ordinis

991 1903 1162 1980 suscipere
1189 1902 1374 1964 honestate.
1403 1903 1517 1963 Liceat
1544 1918 1674 1979 quoque
1698 1901 1791 1963 vobis

991 2015 1150 2075 personas
1173 1999 1297 2060 liberas
1317 2001 1350 2061 et
1371 1997 1540 2060 absolutas
1566 2015 1584 2060 e
1607 1999 1719 2060 seculo
1734 1999 1791 2059 fu-

990 2095 1131 2172 gientes.
1154 2095 1195 2157 ad
1217 2097 1469 2157 conversionem
1488 2095 1649 2172 recipere,
1677 2111 1717 2157 ac
1734 2111 1792 2157 eas

991 2193 1172 2254 cumrebus
1184 2193 1255 2253 suis
1268 2192 1393 2271 absque
1405 2193 1667 2255 contradictione
1678 2193 1791 2271 aliqua

991 2291 1152 2366 retinere;
1169 2291 1320 2352 infirmos
1343 2306 1473 2368 quoque
1490 2291 1671 2362 absolutos,
1688 2291 1744 2367 qui
1757 2292 1792 2351 in

990 2389 1139 2451 extrema
1153 2386 1323 2450 voluntate
1338 2389 1379 2449 ad
1397 2405 1456 2450 vos
1474 2404 1510 2449 se
1523 2388 1710 2460 transferri,
1734 2389 1792 2450 aut

990 2485 1077 2562 apud
1114 2502 1173 2546 vos
1210 2485 1345 2562 sepeliri
1374 2483 1642 2557 deliberaverint,
1679 2485 1791 2546 nullus

991 2581 1152 2658 impedire
1174 2598 1233 2643 seu
1257 2597 1312 2643 res
1335 2597 1449 2642 eorum
1465 2581 1631 2658 legitimas
1645 2583 1791 2643 retinere

991 2680 1181 2756 praesumat,
1208 2679 1433 2740 salvatamen
1455 2679 1626 2740 haeredum
1641 2678 1792 2755 legitima

991 2778 1153 2854 portione,
1170 2777 1204 2838 et
1217 2777 1378 2838 canonica
1388 2777 1521 2853 justitia
1535 2775 1669 2838 illarum
1683 2775 1793 2838 eccle-

991 2875 1116 2935 siarum
1132 2890 1151 2935 a
1167 2873 1286 2951 quibus
1301 2873 1505 2936 mortuorum
1527 2888 1666 2951 corpora
1690 2889 1789 2934 assu-

992 2973 1137 3033 muntur.

1031 3069 1081 3131 Ad
1104 3069 1239 3146 majoris
1254 3068 1355 3130 etiam
1368 3067 1495 3130 ordinis
1509 3068 1614 3130 vestri
1628 3084 1789 3131 reveren-

991 3167 1083 3239 tiam,
1097 3169 1131 3230 et
1144 3166 1309 3244 regularis
1320 3167 1504 3244 disciplinae
1532 3166 1789 3238 observantiam,

991 3265 1096 3334 vobis,
1113 3264 1175 3325 filii
1188 3264 1334 3336 abbates,
1350 3262 1515 3341 subjectos
1522 3267 1650 3327 vestros
1663 3264 1792 3341 ligandi

990 3363 1024 3423 et
1038 3361 1199 3433 solvendi,
1210 3361 1342 3438 plenam
1359 3361 1571 3422 concedimus
1587 3360 1789 3422 facultatem.

991 3458 1074 3530 eria
1088 3473 1167 3518 vera
1182 3457 1314 3534 singula
1330 3473 1401 3533 quae
1416 3457 1458 3518 ad
1469 3458 1644 3533 religionis
1660 3457 1794 3535 profec-

990 3557 1059 3618 tum
1075 3555 1108 3618 et
1122 3554 1308 3616 animarum
1323 3554 1464 3617 salutem
1484 3555 1674 3627 ordinastis
1698 3571 1790 3631 prae-

991 3653 1076 3714 senti
1104 3652 1347 3714 abbreviationi
1373 3652 1595 3728 nequiverunt
1631 3652 1790 3714 annecti:

991 3765 1051 3812 nos
1067 3767 1141 3812 cum
1153 3750 1195 3811 iis
1207 3765 1279 3826 quae
1291 3749 1414 3827 scripta
1428 3751 1515 3823 sunt,
1532 3749 1789 3811 consuetudines

990 3849 1130 3919 vestras,
1164 3863 1247 3924 quas
1276 3847 1365 3908 inter
1391 3863 1451 3908 vos
1474 3846 1646 3923 religionis
1668 3847 1792 3908 intuitu

990 3945 1192 4020 regulariter
1220 3945 1395 4017 statuistis,
1421 3947 1454 4007 et
1474 3945 1631 4021 deinceps
1656 3947 1791 4006 auctore

992 4044 1132 4104 Domino
1148 4043 1312 4115 statuetis,
1328 4043 1526 4104 auctoritate
1538 4041 1728 4118 Apostolica
1738 4058 1791 4103 ro·

990 4141 1159 4213 boramus,
1177 4141 1209 4202 et
1222 4139 1315 4202 vobis
1330 4140 1516 4216 vestrisque
1529 4139 1788 4211 successoribus,

991 4238 1024 4301 et
1050 4237 1203 4299 omnibus
1227 4237 1283 4314 qui
1312 4237 1461 4297 ordinem
1484 4236 1629 4297 vestrum
1649 4235 1792 4313 professi

991 4335 1114 4397 fuerint
1132 4333 1301 4412 perpetuis
1325 4333 1527 4410 temporibus
1554 4332 1792 4396 inviolabiliter

990 4431 1215 4494 observandas
1231 4429 1788 4508 decernimus.Necaliquaelitterae

990 4530 1136 4592 babeant
1160 4529 1361 4602 firmitatem,
1384 4544 1456 4605 quae
1469 4528 1570 4591 tacito
1583 4529 1718 4590 nomine
1733 4545 1792 4590 or·

990 4628 1078 4690 dinis
1107 4603 1449 4714 premonstratensis,
1467 4628 1583 4688 contra
1603 4626 1789 4689 libertatem

990 4725 1084 4788 vobis
1105 4711 1147 4786 ab
1166 4724 1356 4801 Apostolica
1382 4724 1466 4785 Sede
1492 4723 1650 4797 indultas,
1667 4723 1792 4787 fuerint

990 4823 1186 4901 impetratae.
1224 4823 1311 4883 Sane
1343 4820 1494 4883 laborum
1526 4823 1715 4883 vestrorum
1750 4823 1791 4884 de

989 4919 1255 4998 possessionibus
1270 4917 1393 4980 habitis
1404 4919 1481 4980 ante
1488 4917 1670 4980 Concilium
1683 4934 1789 4994 gene-

989 5017 1071 5089 rale,
1088 5031 1128 5077 ac
1144 5014 1245 5086 etiam
1260 5014 1441 5086 novalium,
1456 5029 1530 5090 quae
1550 5014 1696 5091 propriis
1718 5029 1791 5074 ma-

989 5114 1086 5177 nibus
1121 5113 1179 5174 aut
1216 5110 1400 5188 sumptibus
1441 5111 1564 5183 colitis,
1593 5111 1633 5172 de
1671 5109 1790 5188 quibus

989 5209 1163 5274 novalibus
1189 5209 1311 5286 aliquis
1337 5209 1498 5270 hactenus
1526 5224 1594 5270 nou
1624 5208 1787 5285 percepit,

989 5311 1059 5372 sive
1081 5309 1122 5371 de
1147 5307 1254 5369 hortis
1275 5307 1308 5368 et
1322 5306 1487 5382 virgultis,
1507 5306 1623 5384 pratis,
1641 5307 1786 5384 pascuis,

988 5407 1029 5468 de
1045 5404 1283 5484 piscationibus
1299 5404 1432 5476 vestris,
1448 5403 1502 5466 vel
1522 5404 1561 5465 de
1574 5403 1788 5467 nutrimentis

989 5503 1183 5566 animalium
1198 5503 1395 5574 vestrorum,
1412 5501 1525 5562 nullus
1545 5517 1564 5562 a
1585 5501 1678 5564 vobis
1693 5501 1788 5566 deci-

978 5619 1060 5664 mas
1070 5603 1205 5679 exigere
1219 5601 1270 5664 vel
1287 5601 1487 5679 extorquere
1499 5601 1689 5680 praesumat.
