4234 6442
307 319 368 380 395

308 493 364 538 100
379 477 566 555 manipulos
590 477 624 538 in
645 477 766 540 horrea
790 477 997 553 congregari,
1010 476 1106 538 solli·

310 575 375 636 cite
390 591 449 637 vos
464 573 618 636 convenit
639 589 839 650 praecavere,
856 577 892 635 ut
914 574 1103 636 incendium

309 672 391 744 litis,
408 671 494 748 quod
509 687 576 733 non
589 672 697 748 potest
711 672 843 749 penitus
858 673 1004 749 sepeliri,
1017 687 1103 749 quo-

310 770 399 830 niam
419 785 556 831 necesse
575 772 627 832 est
649 771 685 831 ut
708 769 864 831 scandala
880 770 1027 842 veniant,
1045 785 1103 831 so-

309 869 435 946 piatur,
470 869 503 931 01
537 884 596 944 per
628 883 685 930 eos
718 867 922 944 regularium
947 869 1104 930 virorum

310 982 432 1037 causae,
444 966 628 1042 praesertim
646 982 719 1042 quae
731 967 907 1027 'vertuntur
921 982 1022 1044 super
1035 969 1105 1045 spi·

308 1063 775 1139 ritualibusdecidantur,qui
790 1063 825 1124 in
841 1063 959 1140 spiritu
972 1064 1105 1126 humili-

309 1161 388 1224 tatis
405 1163 438 1223 et
455 1161 491 1221 in
508 1161 618 1222 animo
631 1162 772 1223 contrito
788 1161 926 1222 Domino
939 1161 1105 1223 tamulan-

308 1261 377 1331 tes,
395 1259 647 1320 constitutiones
671 1259 704 1320 et
729 1258 958 1320 observantias
982 1263 1104 1322 norunt

308 1355 439 1433 plenius
450 1356 635 1432 regulares.
650 1357 729 1418 Paci
740 1371 819 1433 ergo
830 1358 863 1419 et
872 1357 975 1434 quieti
985 1357 1103 1418 vestrae

263 1475 273 1495 ⁸
308 1453 446 1530 paterna
461 1453 612 1515 volentes
626 1453 849 1516 sollicitudine
865 1454 1050 1531 providere,
1067 1456 1103 1515 in

308 1549 458 1615 savorem
472 1551 646 1628 religionis
665 1553 847 1627 canonicae,
863 1551 957 1613 vobis
971 1551 1024 1614 vel
1044 1568 1105 1630 po-

306 1649 376 1710 tius
399 1648 509 1710 ordini
530 1649 640 1711 vestro
667 1648 894 1722 concedimus,
918 1651 955 1712 ut
975 1650 1103 1727 quoties

308 1746 398 1808 inter
411 1745 546 1808 abbates
564 1747 618 1808 vel
640 1745 760 1808 iratres
779 1749 918 1820 vestros,
935 1747 991 1824 qui
1006 1751 1102 1810 Prae-

311 1845 566 1907 monstratensis
585 1845 736 1920 ecclesiae
755 1845 982 1922 magisterium
1002 1861 1102 1908 reco-

308 1941 482 2018 gnoscunt,
498 1941 539 2004 ad
562 1942 765 2006 audientiam
783 1942 982 2020 apostolicae
1008 1943 1103 2005 Sedis

308 2055 409 2116 super
421 2040 650 2116 spiritualibus
669 2056 779 2102 causae
796 2057 1011 2118 quaecumque
1025 2041 1102 2102 lue-

306 2138 375 2198 rint
389 2136 507 2198 delatae
523 2135 566 2214 (si
581 2136 822 2200 committendae
840 2136 977 2216 luerint)
993 2137 1034 2198 ad
1049 2139 1103 2201 vi-

308 2251 365 2296 ros
381 2236 484 2297 vestri
510 2234 637 2296 ordinis
656 2235 876 2297 remittantur.
894 2237 943 2297 Ita
964 2235 1050 2313 quod
1075 2237 1103 2297 si

309 2332 350 2393 ad
381 2315 466 2394 alios
491 2333 636 2410 judices,
664 2332 853 2410 hujusmodi
887 2333 1102 2408 indulgentiae

308 2446 374 2492 non
395 2430 509 2492 habita
528 2431 706 2503 mentione,
720 2430 910 2493 commissio
926 2431 966 2492 de
978 2433 1102 2493 caetero

307 2529 498 2604 apparuerit
517 2528 707 2603 impetrata,
724 2527 844 2589 robore
862 2531 975 2590 careat
992 2528 1101 2589 tirmi-

305 2626 395 2687 tatis.
406 2626 456 2688 Ad
471 2625 555 2697 haec,
566 2624 660 2687 vobis
675 2627 873 2688 auctoritate
889 2627 1101 2702 praesentium

305 2723 527 2800 indulgemus,
546 2726 583 2785 ut
599 2741 699 2801 quum
718 2725 873 2800 generale
890 2724 1101 2788 interdictum

305 2822 404 2883 terrae
419 2822 529 2894 luerit,
542 2821 742 2884 liceatvohis
754 2822 789 2882 in
804 2822 955 2884 ecclesiis
968 2823 1099 2894 vestite,

306 2935 380 2996 qum
404 2935 424 2979 a
445 2920 598 2997 populari
622 2921 699 2981 sunt
723 2918 927 2982 habitatione
952 2921 1098 2994 remotae,

306 3017 420 3078 divina
444 3015 554 3077 olllcia
578 3016 770 3078 solemniter
796 3015 976 3090 celebrare,
1001 3017 1101 3077 dnm-

307 3114 404 3175 modo
417 3114 694 3175 excommunicati
707 3115 741 3175 et
751 3114 918 3176 interdicti
928 3113 1102 3191 proculab-

309 3211 441 3284 sistant,
464 3210 500 3273 ut
522 3226 562 3272 aa
583 3226 649 3272 non
671 3212 799 3288 possint
823 3211 1005 3273 audirem
1024 3212 1101 3273 aliis

307 3310 418 3371 autem
431 3308 575 3371 exclusis
586 3309 881 3371 excommunicatis
896 3310 929 3372 et
942 3309 1103 3372 interdic-

305 3408 361 3480 tis,
377 3423 443 3468 nen
464 3407 604 3485 pulsatis
618 3407 801 3484 campanis,
815 3423 992 3486 suppressa
1006 3423 1099 3480 voce,

309 3505 433 3566 clausis
440 3507 591 3583 januisa
602 3506 722 3568 vestris
733 3505 891 3567 fratribus
904 3505 1099 3567 celebretur.

307 3603 399 3663 Nulli
427 3617 506 3679 ergo
529 3603 663 3666 omnino
691 3604 863 3666 hominum
888 3603 988 3665 liceat
1015 3604 1102 3664 hanc

307 3700 463 3778 paginam
476 3700 1071 3777 nostraeconcessionisinsringere,et
1092 3745 1099 3761 .

307 3797 342 3859 si
355 3797 429 3874 quis
444 3796 565 3865 autem,
582 3797 644 3857 etc.

347 3895 466 3956 Datum
480 3892 648 3965 Laterani,
661 3893 800 3968 septimo
813 3893 888 3954 idus
898 3893 1103 3971 Maii,ponti·

309 3991 426 4055 licatus
441 3989 546 4054 nostri
558 4005 646 4051 anno
658 3989 777 4068 primo.

614 4203 796 4291 cccxix
903 4269 907 4278 .

306 4373 359 4436 Ad
380 4370 586 4433 Gereonium
607 4368 886 4427 archidiaconum
901 4367 1103 4430 1110011011-

662 4477 746 4524 sam.

604 4602 622 4659 9
641 4602 709 4660 maii
726 4603 804 4660 1217.

348 4736 454 4802 [liegast.
467 4733 512 4784 lib.
523 4733 544 4796 1,
558 4732 634 4796 epist.
644 4731 700 4782 tia.
715 4733 771 4782 biss.
785 4733 822 4784 La
833 4733 910 4784 Perta
922 4733 956 4784 dn
968 4732 1061 4798 rheti}

308 4852 440 4926 indulget
452 4852 489 4917 ei,
505 4856 537 4908 nt
549 4849 684 4923 quamdiu
700 4849 942 4908 archidiaconatui
955 4864 1007 4908 suo
1022 4849 1100 4909 debi-

342 4949 379 5000 tae
404 4940 574 4998 visitationis
597 4937 723 4996 osticium
744 4940 914 5008 exercuerit,
930 4939 959 4995 in
981 4939 1101 4998 ecclesia

341 5027 512 5090 Nivernensi
527 5034 664 5102 tauquam
678 5025 808 5084 residens
822 5033 976 5100 reputetur.

346 5173 525 5241 Honorius,
540 5171 616 5244 etc„
640 5171 760 5234 dilecto
783 5171 853 5235 tilio
872 5171 1104 5234 (1011001001-

306 5271 503 5334 chidiacono
521 5269 703 5332 Nivernen.

347 5369 451 5431 Nobis
479 5383 647 5445 exponere
668 5367 867 5443 procurasti,
889 5366 974 5444 quod
1001 5381 1101 5442 quum

305 5468 343 5530 tu
369 5467 460 5529 solus
486 5467 612 5528 existas
634 5463 890 5525 archidiaconus
918 5463 1099 5524 Nivernen.

305 5564 471 5636 dioecesis,
486 5566 519 5626 et
540 5561 831 5624 archidiaconatus
846 5561 923 5624 tuus
936 5562 971 5622 in
993 5561 1101 5624 medio

306 5677 417 5746 pravae
434 5660 578 5726 nationis
592 5661 686 5732 situs,
696 5659 730 5724 et
743 5659 919 5736 contiguus
934 5659 1017 5722 locis
1031 5675 1102 5722 sus·

927 317 1101 378 llONOIlII
1126 313 1168 378 111
1189 319 1337 380 OPERA.

1892 325 1954 386 896

1158 477 1263 554 pectis
1278 475 1319 539 de
1331 476 1466 550 haeresi,
1481 477 1564 538 adeo
1575 476 1618 540 sit
1632 475 1785 548 diffusus,
1798 481 1884 558 qued
1894 501 1949 561 per

1159 574 1304 637 medium
1326 575 1406 637 anni
1421 591 1487 638 non
1502 575 1609 652 potest
1623 577 1793 640 commode
1809 579 1953 655 visitari,

1159 670 1334 732 occasione
1362 670 1536 747 cujnsdam
1561 671 1809 734 constitutionis
1830 675 1871 736 de
1893 693 1954 738 as-

1160 783 1259 829 sensu
1276 767 1478 829 venerabilis
1502 767 1615 830 fratris
1635 770 1752 842 nostri,
1769 772 1804 833 et
1817 773 1956 850 capituli

1159 866 1188 926 N
1193 866 1339 926 ivernen.
1365 880 1464 942 super
1487 865 1668 929 residentia
1683 883 1743 945 per
1761 871 1842 930 anni
1856 871 1957 933 dimi-

1159 963 1249 1024 dium
1263 963 1415 1026 iacienda
1438 965 1474 1025 in
1495 965 1675 1026 Nivernen.
1693 967 1836 1030 ecclesia
1849 985 1956 1047 nuper

1158 1060 1265 1134 iactae,
1281 1077 1379 1138 qnam
1389 1063 1422 1124 te
1434 1062 1644 1124 servaturum
1653 1065 1844 1140 juramento
1856 1083 1956 1144 praes·

1159 1159 1218 1221 tito
1234 1159 1431 1237 promisisti;
1448 1160 1527 1222 licet
1541 1161 1652 1222 nullus
1671 1162 1955 1240 praedecessorum

1160 1259 1291 1318 tuorum
1302 1258 1495 1334 praestiterit
1508 1258 1700 1336 hirjnsmodi
1714 1263 1954 1337 juramentum,

1159 1354 1465 1416 archidiaconatum
1481 1355 1589 1432 ipsum
1608 1355 1799 1420 visitatione
1820 1361 1957 1423 assidua

1159 1452 1362 1528 indigentem
1375 1453 1501 1530 absque
1514 1455 1609 1530 gravi
1624 1471 1691 1518 non
1705 1456 1799 1534 potes
1815 1457 1955 1535 dispen-

1159 1551 1212 1612 dio
1226 1550 1312 1613 sicut
1326 1551 1461 1627 expedit
1471 1551 1627 1629 visitare3
1645 1569 1745 1631 super
1765 1571 1830 1631 quo
1846 1555 1907 1618 tibi
1923 1559 1956 1620 et

1159 1648 1267 1709 eidem
1277 1647 1563 1711 archidiaconatui
1573 1650 1742 1727 provideri
1751 1667 1771 1712 a
1781 1652 1876 1715 nobis
1889 1654 1956 1714 hu-

1158 1746 1284 1807 militer
1304 1746 1510 1824 supplicasti.
1529 1749 1598 1810 Nos
1618 1747 1722 1825 igitur
1745 1751 1953 1814 attendentes

1158 1843 1245 1920 quod
1255 1845 1430 1908 occasione
1438 1845 1683 1908 constitutionis
1693 1847 1956 1924 praedictaemnl-

1159 1942 1266 2001 torum
1278 1941 1576 2018 possetdiscrimen
1592 1944 1751 2006 accedere
1764 1945 1954 2008 animarum

1158 2038 1187 2098 si
1202 2038 1427 2100 visitationem
1442 2040 1595 2101 omiseris
1615 2057 1714 2118 quam
1729 2058 1771 2106 ex
1789 2043 1891 2105 cilicii
1905 2043 1956 2106 tui

1159 2134 1267 2197 debito
1280 2151 1438 2197 exercere
1451 2138 1589 2206 teneris,
1596 2139 1794 2201 anctoritate
1804 2141 1863 2202 tibi
1873 2158 1957 2218 prae·

1158 2234 1301 2294 sentium
1317 2233 1473 2295 duximus
1485 2235 1734 2312 indulgendum,
1748 2238 1782 2299 ut
1797 2239 1956 2316 quamdiu

1158 2329 1443 2392 archidiaconatui
1455 2334 1512 2393 tuo
1527 2331 1645 2394 debitae
1661 2333 1862 2396 visitationis
1873 2336 1954 2396 olli-

1158 2426 1246 2488 cium
1270 2429 1473 2500 exercueris,
1501 2429 1740 2492 nonobstante
1762 2434 1953 2509 jnramento

1158 2524 1327 2600 praedicto,
1351 2525 1386 2586 in
1402 2526 1540 2604 praelata
1559 2527 1701 2590 ecclesia
1715 2531 1882 2606 tamquam
1897 2548 1955 2592 re-

1158 2621 1268 2683 sidens
1283 2624 1457 2700 reputeris‚
1473 2640 1535 2686 nec
1549 2624 1590 2686 ad
1611 2625 1717 2703 ipsam
1736 2628 1952 2690 residentiam

1157 2718 1344 2781 faciendam
1382 2721 1481 2782 aliter
1508 2723 1730 2798 compellaris.
1768 2725 1861 2787 Nulli
1892 2743 1952 2787 er·

1156 2832 1209 2892 gc,
1224 2819 1300 2890 etc,
1323 2819 1446 2880 nostrae
1470 2821 1707 2894 concessionis,
1728 2823 1791 2883 etc.
1816 2823 1851 2884 Si
1875 2825 1950 2901 quis

1156 2916 1278 2986 autem,
1291 2915 1353 2978 etc.

1196 3013 1312 3074 Datum
1332 3013 1499 3084 Laterani,
1513 3016 1573 3076 Vll
1587 3031 1692 3094 nonas
1712 3016 1803 3090 maii,
1819 3018 1954 3095 pontiti-

1156 3109 1249 3172 catus
1261 3110 1367 3173 nostri
1382 3126 1469 3173 anno
1484 3111 1602 3192 primo.

1476 3299 1638 3388 dccxx

1195 3450 1248 3512 Ad
1281 3451 1486 3512 Geraestum
1511 3451 1667 3513 abbatem
1692 3453 1955 3515 Praemenstra-

1483 3547 1626 3609 tensam.

1452 3678 1486 3736 10
1500 3678 1569 3736 maii
1583 3679 1662 3736 1217.

1173 3801 1218 3866 [Le
1229 3801 1313 3866 Fulge,
1326 3802 1488 3854 bibliotheca
1497 3803 1747 3854 Praemenstratansis
1757 3805 1823 3864 ord,
1831 3819 1857 3870 p.
1870 3805 1937 3870 titt]

1157 3915 1253 3976 abbas
1262 3920 1542 3977 Proemonsiratensis
1550 3926 1643 3992 potest
1651 3922 1695 3978 sui
1703 3921 1812 3978 ordinis
1821 3923 1953 3980 alumnos

1193 4004 1340 4064 absolvere
1350 4007 1437 4066 etiam
1445 4007 1481 4066 ab
1489 4010 1872 4081 excommunicatione30um
1883 4012 1955 4084 ipsis

1192 4109 1279 4168 super
1297 4095 1508 4168 irregularitate
1522 4096 1710 4170 dispensare3
1725 4106 1858 4156 tonsuras
1870 4101 1950 4157 novi·

1193 4184 1239 4240 tiis
1261 4184 1372 4242 clericis
1393 4183 1502 4256 iacere;
1522 4187 1692 4244 vestimenta
1714 4188 1901 4246 sacerdotalia
1925 4197 1954 4246 et

1193 4273 1282 4344 pallas
1295 4273 1391 4330 altaris
1398 4272 1568 4332 benedicere
1577 4274 1841 4334 etbeuedictionem
1852 4277 1954 4336 incen-

1193 4361 1320 4419 elusione
1334 4361 1607 4436 capituli'generaiis
1618 4363 1696 4422 dare.

1198 4487 1365 4550 Honorius
1373 4489 1559 4566 episcopus,
1570 4505 1686 4553 servus
1696 4507 1869 4554 servorum
1880 4493 1949 4564 Dei,

1157 4583 1277 4648 dilecto
1304 4585 1373 4647 tilio
1402 4589 1724 4662 praemonstratensi,
1753 4590 1952 4654 salutemet

1158 4682 1372 4760 apostolicam
1391 4683 1666 4748 benedictionem.

1198 4781 1303 4850 Quum
1314 4780 1361 4840 sis
1371 4783 1471 4842 Pater
1485 4784 1632 4845 omnium
1642 4783 1699 4860 qui
1711 4786 1953 4848 Praemenstra-

1157 4875 1283 4936 tensam
1318 4876 1468 4938 ordinem
1497 4879 1709 4955 profitentur,
1736 4882 1769 4942 et
1802 4880 1951 4942 abbatias

1158 4970 1262 5048 ipsius
1286 4971 1412 5036 ordinis
1437 4975 1580 5038 teneatis
1601 4992 1644 5038 ex
1667 4976 1778 5039 debito
1801 4979 1950 5050 visitare,

1156 5068 1217 5129 tibi
1233 5069 1274 5130 ad
1295 5071 1524 5134 executionem
1544 5074 1645 5135 officii
1662 5075 1711 5137 tui
1724 5075 1951 5154 apostolieum

1158 5165 1328 5244 indulgere
1342 5170 1494 5231 tenemur
1509 5170 1666 5234 savorem.
1691 5173 1771 5234 Inde
1796 5173 1846 5236 est
1864 5173 1951 5250 quod

1156 5265 1222 5327 tuis
1249 5266 1402 5343 precibus
1428 5271 1612 5332 annuentes
1643 5270 1862 5347 praesentibus
1889 5271 1951 5334 tibi

1156 5362 1275 5424 litteris
1288 5364 1508 5440 indulgemus,
1526 5369 1562 5430 ut
1575 5367 1734 5430 tratribus
1759 5369 1793 5432 et
1811 5385 1953 5431 conver-

1156 5462 1202 5522 sis
1222 5463 1369 5539 ejusdem
1385 5465 1522 5538 ordinis
1540 5466 1641 5544 siqui
1662 5467 1723 5528 tibi
1739 5471 1874 5544 peccata
1890 5486 1952 5530 sua

1156 5560 1305 5622 confiteri
1317 5562 1494 5635 voluerint,
1510 5565 1738 5641 poenitentiam
1753 5566 1952 5645 injungendi

1156 5658 1188 5720 et
1209 5658 1402 5721 absolvendi
1429 5675 1497 5734 coe,
1526 5662 1625 5726 etiam
1656 5663 1684 5724 si
1712 5663 1798 5728 terte
1816 5666 1952 5730 vinculo
2019 5687 2022 5694 ’
