4200 6394
99 286 119 346 5
437 285 462 344 1.
475 311 516 330 ·-
528 283 572 344 IN
594 283 848 346 Narlvlrhru
868 282 1019 344 BEATAE
1040 281 1193 344 MARIAE
1207 281 1405 344 VIRGINIS.
1726 285 1747 346 6

100 443 439 522 dicatdepuanatus
460 445 525 517 est,
548 447 581 514 et
602 449 814 522 nonaeque,
831 461 896 523 pa·
952 443 1145 521 splendores
1177 443 1440 522 supercoelestes.
1475 441 1538 506 Hlo
1573 443 1623 506 est
1663 441 1748 506 liber

99 543 206 608 tenter
218 541 372 614 ostendit,
390 541 477 620 quod
492 541 600 604 omnis
617 541 698 604 ordo
711 540 898 618 generatio·
952 542 1029 604 vitee
1045 543 1102 620 qui
1116 541 1167 604 ast
1186 541 1336 604 Christus
1355 541 1498 620 scriptus
1514 540 1603 604 intus
1617 542 1649 604 et
1664 541 1745 604 loris

99 641 152 700 nis
166 656 266 718 quem
279 639 523 712 texuerat,non
538 655 598 717 pro
612 639 748 715 ioseph,
765 638 824 700 sed
837 653 897 714 pro
952 641 995 702 ad
1022 641 1209 713 sanitatem,
1240 639 1328 702 intus
1362 639 1403 702 ad
1431 633 1639 713 felicitatem,
1664 639 1747 702 ioris

99 737 206 798 Maria
219 737 404 816 descriptus
417 738 500 800 orat.
513 738 553 800 ut
564 737 639 799 ideo
653 736 812 799 divinitus
824 748 899 814 pro·
953 737 995 799 ad
1018 738 1183 810 meritum,
1204 739 1293 800 intus
1315 737 1357 799 ad
1377 738 1546 815 gaudium.
1565 738 1682 800 Intus:
1706 739 1751 800 In

100 834 251 897 curatum
272 836 323 898 θεῖ
341 837 379 898 ut
397 835 459 898 teli
479 834 552 897 viro
573 835 675 896 Beata
693 834 802 906 Maria
820 834 899 895 des·
948 839 1123 911 principio
1150 837 1229 899 erat
1258 837 1567 898 certamimis:
1603 839 1750 898 Verbum

97 932 308 1024 pensaretur,
325 932 431 1010 quiet
448 931 737 1008 consanguinitate
751 929 803 992 illi
812 931 897 1007 jun·
952 944 1035 991 caro
1047 931 1179 1006 sactum
1192 930 1244 992 est
1259 930 1467 994 ceucocroca
1481 934 1519 992 tn
1530 932 1636 992 nobis.
1651 930 1751 992 Liber

96 1027 251 1106 gebatur,
271 1030 305 1092 et
328 1031 401 1108 ep‘us
429 1029 680 1107 generationem
707 1027 900 1092 ostendebat
953 1042 1033 1104 ergo
1048 1043 1133 1088 unus
1153 1028 1235 1100 erat,
1257 1028 1359 1090 semel
1371 1027 1460 1090 intus
1480 1027 1623 1105 scriptus
1644 1027 1678 1089 et
1697 1027 1750 1088 bis

97 1125 137 1187 de
151 1125 263 1203 regali
278 1127 416 1189 semine.
953 1123 1035 1186 foris
1050 1147 1058 1186 :
1075 1125 1156 1187 loris
1180 1126 1288 1203 primo
1310 1142 1369 1203 per
1383 1125 1565 1188 visibilium
1580 1126 1749 1189 conditio-
1859 1205 1863 1214 Ι

137 1224 320 1286 Sciendum
333 1225 384 1287 est
404 1224 491 1304 quod
512 1224 581 1286 tres
606 1223 897 1296 tessaradecades,
954 1238 1040 1296 nem,
1062 1223 1208 1284 secundo
1230 1221 1312 1284 loris
1336 1239 1395 1300 per
1416 1224 1527 1286 carnis
1550 1223 1752 1300 assumptio-

99 1320 354 1409 [τεσσαρακαιῖῖκαῖ
369 1323 467 1396 idest,
479 1321 699 1399 quadraginta
711 1321 786 1383 duae
798 1336 901 1397 gene-
955 1335 1046 1396 nem3
1069 1319 1240 1397 primord
1265 1320 1519 1398 juctmditatem,
1544 1321 1689 1383 secundo
1709 1322 1751 1382 ad

96 1425 262 1496 rationes,
279 1435 353 1498 quae
367 1421 403 1482 in
420 1420 484 1481 hac
501 1419 643 1481 lectione
656 1419 898 1492 describuntur,
955 1418 1149 1495 sanitatem
1187 1417 1295 1496 primo
1330 1417 1372 1478 ad
1405 1418 1569 1490 naturam,
1606 1419 1752 1480 secundo

97 1523 144 1584 ita
156 1520 273 1584 Beatae
283 1517 398 1580 Mariae
412 1517 617 1579 conveniunt
625 1532 685 1593 per
692 1517 898 1594 mysterium,
955 1516 1071 1578 conus
1081 1515 1231 1593 culpam3
1257 1516 1365 1593 primo
1380 1517 1418 1577 ut
1436 1516 1556 1578 natura
1571 1515 1750 1588 foveretur,

99 1623 135 1682 ut
148 1617 239 1680 nihil
264 1615 369 1694 possit
392 1615 515 1677 certius
536 1614 715 1692 assignari.
736 1614 801 1676 Sed
823 1615 902 1692 quia
956 1613 1102 1678 secundo
1110 1613 1147 1676 ut
1160 1613 1278 1677 vitium
1293 1613 1482 1685 sanaretur,
1493 1614 1527 1674 et
1537 1613 1658 1675 natura
1671 1612 1754 1676 bee-

99 1719 238 1793 longum
257 1715 310 1776 est
325 1713 470 1776 tractare
487 1712 528 1774 de
549 1712 703 1789 singulis,
722 1713 825 1775 trium
841 1728 903 1789 pa-
955 1711 1151 1774 tificaretur.
1169 1714 1249 1774 Haec
1263 1711 1314 1774 est
1328 1710 1412 1772 liber
1425 1711 1504 1772 vitae
1519 1713 1614 1788 cujus
1633 1711 1753 1773 litterae

99 1813 326 1876 triarcharum
350 1810 487 1872 nomina
511 1810 657 1874 breviter
680 1811 900 1887 assignemus.
957 1825 1024 1870 non
1039 1808 1203 1882 delentur,
1227 1810 1263 1872 in
1279 1822 1343 1888 quo
1358 1825 1472 1872 omnes
1491 1809 1617 1872 sanctae
1632 1809 1753 1871 animas

101 1911 271 1972 Abraham
289 1907 530 1986 interpretatur
547 1907 643 1985 pater
664 1907 830 1981 excelsus,
848 1907 902 1970 vel
957 1905 1202 1979 describuntur,
1225 1907 1262 1968 ut
1286 1921 1362 1968 cum
1384 1907 1486 1968 Beata
1504 1906 1642 1983 Virgine
1664 1906 1755 1968 acci-

101 2007 270 2070 hbraham
286 2004 526 2083 interpretatur
545 2007 641 2082 pater
660 2004 780 2068 videns
794 2021 902 2084 popu·
956 2002 1050 2080 piant
1074 2003 1202 2080 partem
1225 2002 1353 2080 gloriae,
1380 2003 1412 2065 et
1430 2003 1465 2064 in
1488 2002 1563 2080 ipsa
1587 2003 1755 2079 accipiant

103 2104 191 2180 lum;
208 2105 303 2166 Isaac
314 2103 421 2180 risus3
437 2102 540 2166 Jacob
556 2101 802 2181 supplantatam
828 2119 902 2181 quea
956 2099 1100 2162 fructum
1112 2100 1201 2163 vitae.
1214 2102 1293 2162 Haec
1308 2101 1359 2164 est
1370 2100 1455 2162 liber
1465 2101 1615 2177 signatus
1628 2101 1754 2177 septem

100 2201 275 2264 nominum
291 2199 584 2280 interpretationes
600 2199 685 2262 bene
699 2199 903 2264 conveniunt
957 2197 1090 2274 sigillis,
1108 2197 1207 2270 idest,
1227 2197 1322 2261 donis
1344 2197 1461 2276 gratiae
1478 2197 1691 2275 septiformis,
1706 2197 1754 2260 ita

100 2299 214 2360 Beatae
228 2299 355 2360 Mariae.
957 2295 1171 2374 utpossimus
1193 2295 1329 2358 dicere:
1353 2297 1534 2372 reputent
1553 2311 1753 2372 supeream

142 2395 221 2470 Ipsa
244 2409 387 2474 namque
409 2395 460 2458 est
481 2393 576 2473 pater
592 2391 646 2457 vel
668 2394 778 2472 potius
795 2395 903 2456 mater
956 2395 1102 2467 spiritus
1127 2395 1310 2470 sapientiae
1339 2394 1373 2456 et
1404 2394 1656 2456 iratenectm.....
1694 2391 1753 2473 (is.

98 2490 219 2553 videns
241 2493 398 2570 populum
423 2491 528 2554 oculis
547 2490 797 2565 misericordiae,
815 2491 901 2569 quod
956 2507 1004 2560 xi,
1019 2490 1065 2570 2).

94 2603 236 2664 semper
250 2589 291 2651 de
300 2589 383 2651 coelo
399 2589 558 2667 prospicit
577 2605 677 2667 super
691 2588 778 2652 lilios
793 2588 903 2650 homi-
996 2591 1075 2650 Haec
1090 2587 1140 2650 est
1152 2589 1248 2664 virga
1263 2590 1386 2660 Aaron,
1399 2588 1561 2666 quaelicet
1574 2587 1674 2651 luerit
1688 2589 1754 2651 ari·

95 2699 179 2745 num
197 2705 204 2744 ε
219 2687 258 2748 et
271 2687 300 2747 si
314 2687 366 2746 est
379 2687 435 2764 qui
444 2685 609 2763 intelligat
619 2690 735 2761 Deum,
749 2686 904 2750 intellec-
956 2684 998 2748 da
1013 2685 1054 2747 ab
1074 2686 1215 2750 humore
1229 2684 1332 2758 virili,
1359 2685 1467 2748 subito
1486 2686 1599 2748 tamen
1618 2702 1754 2763 germen

95 2781 150 2842 tui
179 2781 396 2860 adjungendo
429 2782 604 2860 justitiam,
639 2785 692 2847 vel
726 2785 902 2863 requirens
956 2783 1103 2861 protulit,
1127 2785 1161 2846 θῖ
1179 2784 1214 2845 in
1232 2782 1376 2846 fructum
1402 2782 1539 2845 uberius
1564 2783 1751 2861 pullulavit.

96 2880 217 2952 Deum,
235 2880 432 2942 convertens
446 2895 484 2940 se
497 2896 558 2958 per
573 2883 811 2959 poenitentiam,
826 2883 901 2959 ipsa
955 2884 1035 2944 Haec
1050 2882 1144 2958 virga
1157 2881 1281 2954 floruit,
1298 2880 1446 2944 fronduit
1459 2882 1492 2944 et
1506 2881 1655 2959 protulit,
1670 2883 1703 2944 et
1716 2882 1753 2944 in

91 2978 171 3054 eius
185 2976 334 3040 efficitur
345 2977 516 3052 advocata,
540 2979 576 3043 ut
599 2979 633 3040 in
646 2981 804 3058 prasenti
815 2980 902 3042 liba-
955 2979 1110 3052 fructum,
1126 2980 1204 3057 quia
1217 2980 1320 3056 Virgo
1339 2979 1449 3042 Maria
1463 2979 1614 3053 credidit,
1628 2995 1753 3042 conce-

94 3074 192 3135 retur
223 3074 497 3137 tribulationibus
534 3078 567 3139 θῖ
606 3077 765 3156 periculis
801 3078 901 3157 hujus
956 3079 1049 3156 pitet
1063 3077 1191 3155 peperit
1214 3076 1393 3139 Christum.
1414 3080 1461 3140 De
1481 3077 1546 3140 hac
1559 3079 1655 3155 virga
1670 3093 1754 3156 pro-

92 3171 228 3245 mundi,
250 3175 285 3234 et
307 3173 343 3234 in
366 3173 478 3236 futuro
495 3178 689 3240 assumatur
709 3176 901 3252 ingloriam
955 3174 1105 3253 phetavit
1118 3174 1255 3236 Balaam
1275 3174 1412 3236 dicens:
1440 3176 1581 3238 ortatur
1598 3175 1695 3238 stella
1709 3189 1755 3238 em

93 3269 349 3348 sempiternam.
364 3271 615 3349 Quis-umquam
631 3273 802 3338 invocavit
813 3291 899 3349 eam,
954 3275 1057 3336 Jacob
1071 3273 1106 3335 et
1128 3273 1313 3349 consurpet
1335 3276 1438 3350 otrpa
1460 3287 1507 3335 eor
1527 3273 1756 3346 iscariotae

92 3369 129 3430 et
143 3368 279 3430 nonest
293 3368 469 3432 exauditus
491 3369 532 3431 ab
553 3372 617 3432 eal
636 3372 712 3449 Ipsa
731 3373 782 3436 est
795 3374 901 3436 mater
954 3375 1057 3434 Jacob
1071 3371 1141 3433 erit
1155 3375 1214 3446 aut
1227 3371 1426 3432 dominetur
1447 3368 1560 3449 (Num.
1576 3387 1669 3443 xxiv,
1687 3369 1751 3450 17).

93 3465 252 3542 pulchrae
275 3465 463 3529 dilectionis
493 3468 527 3531 et
553 3467 683 3532 umoris
716 3471 749 3534 et
776 3471 900 3534 sanctae
957 3469 1060 3530 Stella
1089 3468 1155 3530 ista
1185 3467 1237 3530 est
1261 3468 1364 3529 Beata
1391 3467 1494 3542 Virgo
1526 3467 1646 3538 Maria,
1681 3482 1755 3542 quae

89 3563 180 3640 spei,
214 3578 289 3640 quae
316 3579 377 3641 pro
405 3565 537 3626 miseris
571 3567 654 3640 orat,
681 3583 741 3644 pro
767 3565 900 3630 afflictis
956 3565 1052 3628 stella
1066 3565 1169 3626 maris
1183 3562 1527 3640 interpretatumquia
1541 3563 1629 3624 sicut
1643 3565 1755 3626 nautae

91 3660 279 3738 supplicat,
291 3676 351 3738 pro
363 3661 593 3740 peccatoribus
602 3665 789 3728 intercedit.
807 3663 901 3726 Unde
955 3661 1052 3723 nocte
1066 3659 1250 3737 respiciunt
1259 3660 1301 3719 ad
1314 3659 1406 3720 illam
1419 3658 1562 3733 stellam,
1577 3661 1613 3722 ut
1625 3661 1755 3738 possint

88 3757 244 3835 legimus
257 3774 317 3836 per
329 3759 525 3836 mysterium
544 3762 631 3836 quod
650 3761 770 3823 Esther
783 3760 900 3836 regina
956 3773 1053 3818 suum
1074 3771 1209 3820 cursum
1232 3755 1389 3834 dirigere,
1415 3757 1449 3819 et
1472 3758 1659 3836 periculosa
1680 3759 1754 3822 loca

83 3856 206 3918 oravit
220 3871 338 3932 regem
354 3857 390 3918 ot
407 3856 565 3917 liberavit
582 3873 602 3917 a
623 3857 729 3918 morte
743 3857 902 3934 populum
956 3853 1108 3927 evadere,
1124 3853 1173 3915 ita
1186 3869 1246 3917 nos
1264 3851 1298 3915 in
1320 3853 1385 3916 hoc
1398 3855 1484 3916 mari
1496 3871 1618 3933 magno
1632 3858 1665 3919 et
1679 3873 1756 3934 spa·

84 3953 422 4024 Judaeorum,etnon
439 3951 786 4025 solumliberavit,sed
800 3953 900 4016 etiam
954 3952 1052 4025 tioso,
1080 3951 1115 4014 iu
1135 3950 1408 4014 tribulationibus
1429 3952 1463 4016 et
1483 3953 1751 4030 adversitatibus,

80 4050 264 4115 exaltavit
272 4046 607 4109 utfaaeretultionem
617 4047 840 4112 inimicorum.
853 4052 902 4112 Si·
954 4049 1241 4113 intentationibus
1261 4051 1295 4114 et
1315 4051 1480 4127 angustiis
1504 4051 1546 4114 ad
1565 4053 1659 4114 illam
1674 4054 1756 4116 stel-

81 4151 224 4214 militer
252 4144 371 4221 regina
391 4145 899 4224 nostra,reginamiserioordiee
954 4149 1022 4210 lam
1054 4149 1222 4210 dominam
1255 4149 1404 4211 nostram
1429 4150 1642 4226 respicimus,
1679 4167 1754 4212 cum

78 4250 164 4311 orat
180 4242 338 4324 quotidie
351 4241 475 4303 Filium
490 4258 598 4316 suum,
621 4246 657 4306 ut
679 4245 860 4309 liberemur
879 4265 900 4310 a
954 4249 1027 4324 ejus
1042 4246 1169 4310 meritis
1182 4245 1379 4323 etprecibus
1391 4246 1543 4323 cupimus
1558 4246 1706 4320 liberari,
1720 4250 1754 4312 et

78 4347 199 4408 morte
216 4343 393 4420 perpetua,
410 4340 444 4402 et
460 4342 567 4403 riman
588 4343 803 4420 suspenditur
824 4362 900 4408 aum
953 4345 1027 4423 ipsa
1043 4343 1130 4407 sicut
1144 4345 1195 4408 θεῖ
1207 4343 1315 4406 mater
1328 4343 1579 4418 misericordiae,
1598 4343 1754 4410 subvenit
1828 4373 1830 4376 ·

78 4445 167 4506 filiis
190 4441 282 4509 suis,
308 4437 395 4516 quod
421 4437 572 4501 diabolus
600 4455 674 4502 cum
699 4442 899 4504 satellitibus
954 4440 1097 4504 nobisin
1112 4441 1422 4504 omnineeessitate.

81 4541 158 4602 suis
200 4532 417 4600 cruciabitur
455 4534 675 4600 infernalibus
713 4540 897 4617 suppliciis.
994 4542 1073 4603 Haec
1086 4540 1137 4603 est
1148 4539 1244 4616 virga
1257 4539 1311 4602 vel
1324 4541 1419 4616 virgo
1427 4539 1637 4616 humilitatis,
1653 4543 1751 4621 virga

79 4643 175 4701 Gens
197 4649 287 4698 vero
305 4632 508 4705 iudaeorum,
533 4633 630 4707 idest,
655 4635 737 4698 ordo
758 4638 898 4700 Domino
952 4638 1007 4700 vel
1027 4638 1122 4715 virgo
1143 4637 1358 4714 virginitatis,
1379 4638 1476 4714 virga
1495 4639 1550 4700 vel
1572 4639 1668 4718 virgo
1689 4641 1754 4705 loe-

76 4731 328 4798 contltentium
359 4730 563 4793 exaltabitur
592 4732 628 4792 in
657 4733 818 4796 aeternum
843 4751 900 4798 re-
953 4735 1143 4800 cunditatis.
1158 4737 1204 4797 De
1225 4735 1414 4798 humilitate
1434 4737 1510 4813 ipsa
1532 4737 1640 4801 dixit:
1661 4743 1751 4804 Res-

76 4849 203 4911 gnum,
218 4830 257 4892 et
269 4827 371 4890 faciet
380 4827 561 4891 vindictam
572 4829 796 4906 inimieorum,
813 4833 900 4898 sicut
948 4833 1053 4909 pena
1066 4837 1236 4896 Dominus
1254 4835 1484 4897 bumilitatem
1497 4831 1640 4900 'anctum
1660 4853 1750 4912 suaa·

74 4932 258 5008 scriptum
269 4925 321 4987 est
330 4924 366 4986 in
376 4925 462 4988 libro
476 4927 676 5003 sapientias:
692 4931 898 5004 Judtcabunt
953 4945 1028 4994 erce
1042 4934 1136 4992 emm
1156 4945 1202 4993 ea
1215 4935 1278 4992 boc
1291 4933 1427 4994 beatam
1437 4947 1494 4994 me
1508 4935 1622 4996 dicent
1633 4951 1753 5000 omnes

74 5029 208 5092 Sancti
221 5023 388 5086 nationes
398 5023 432 5084 et
443 5025 713 5088 dominabuntur
722 5031 919 5102 papireis...·
951 5029 1194 5107 perorationes
1218 5025 1312 5108 (Luc.
1342 5044 1365 5101 1,
1388 5027 1454 5109 48).
1484 5033 1531 5092 1)θ
1559 5032 1752 5109 virginitate

75 5125 179 5208 (Sap.
195 5139 254 5196 111,
267 5118 316 5200 8).
502 5151 503 5154 ¹
869 5197 876 5211 ⁸
953 5125 1226 5204 ipsarespoudit:
1239 5128 1410 5194 Quomodo
1419 5129 1753 5203 nerotueauonum

119 5227 168 5287 Ut
199 5235 290 5296 ergo
319 5217 466 5281 breviter
498 5217 663 5292 dicamus,
693 5221 767 5299 ipsa
800 5221 899 5286 beata
952 5227 1070 5286 virum
1085 5238 1155 5286 non
1172 5225 1359 5301 cognoscat
1381 5223 1475 5305 (Luc.
1497 5239 1520 5298 1,
1540 5224 1606 5305 34).
1628 5226 1674 5290 1)θ
1689 5226 1752 5292 foe-

74 5324 189 5400 Virgo
220 5319 278 5381 est
301 5314 386 5378 liber
406 5314 633 5392 generationis
656 5320 737 5380 iesu
761 5320 895 5394 Christi,
953 5321 1122 5391 cunditate
1147 5321 1194 5383 ait
1218 5323 1389 5399 Angelus:
1414 5327 1503 5386 Eece
1525 5323 1695 5400 commutes
1716 5330 1752 5392 et

75 5425 179 5500 cujus
201 5414 365 5496 quaterni
391 5412 469 5475 sunt
482 5414 599 5490 gratiae
614 5414 817 5490 differentes,
835 5436 912 5512 cu-·
949 5424 1070 5497 partes
1083 5421 1194 5494 (ilium
1209 5419 1302 5500 (Luc.
1325 5437 1348 5494 1,
1369 5419 1435 5500 31).
1451 5423 1492 5482 Et
1505 5421 1593 5484 idem
1610 5445 1617 5485 :
1636 5429 1750 5502 Spiri-

70 5521 132 5598 jus
147 5517 239 5581 folia
261 5509 317 5574 vel
341 5511 466 5573 ohartae
486 5511 565 5574 sunt
586 5513 726 5576 virtutes
741 5514 898 5579 innume·
953 5519 1009 5582 tus
1031 5517 1179 5582 Sanctus
1201 5521 1423 5594 superveniet
1446 5522 1483 5581 tn
1506 5520 1577 5583 te...
1601 5521 1695 5602 (Luc.
1723 5543 1747 5602 1,

75 5617 226 5686 rabileS,
253 5611 351 5687 cujus
375 5608 495 5674 litterae
514 5625 625 5674 aureas
637 5613 715 5675 suut
733 5612 850 5688 gloriae
866 5616 899 5679 et
951 5615 1018 5695 35).
1034 5616 1147 5679 Talem
1162 5632 1304 5694 namque
1319 5632 1354 5680 se
1367 5616 1519 5684 exhibuit
1529 5621 1631 5690 Beata
1646 5623 1747 5702 Virgo
