4214 6400
341 323 361 378 7
959 328 1136 390 HONORII
1158 330 1203 391 111
1226 329 1376 390 OPERA.
1976 329 1998 387 Β

342 482 473 558 sumpto
497 483 682 560 injunctum
705 485 766 548 tihi
787 485 965 562 legationis
991 485 1137 552 officium

340 578 538 644 auctoritate
552 583 667 643 nostra
681 582 768 644 sicut
780 582 919 660 coepisti.

380 676 606 740 laudabiliter
624 680 852 758 prosequaris,
875 681 1086 742 carissimum
1101 682 1136 744 in

343 774 473 836 Christo
488 775 593 836 tilium
613 778 764 839 nostrum
787 778 986 851 iohannem,
1011 780 1137 856 Anglo-

341 885 416 932 rum
437 887 561 948 regem,
578 873 743 936 illustrem
757 875 1034 952 crusesignatum‚
1057 893 1137 939 vas-

341 967 462 1029 sallum
477 973 637 1044 nostrum,
650 987 692 1033 ex
702 973 795 1048 parte
806 973 920 1034 nostra
931 973 1134 1048 confortans,

341 1081 383 1126 ne
397 1065 503 1142 ipsius
519 1067 653 1130 animus
664 1071 909 1143 consternatur,
926 1072 1004 1148 quia
1020 1072 1135 1148 potens

340 1164 391 1225 est
405 1165 575 1238 Dominus,
593 1167 648 1242 qui
662 1167 805 1230 humilia
819 1167 966 1244 respicit,
985 1171 1018 1230 et
1032 1169 1100 1231 alta
1115 1185 1135 1231 a

339 1259 438 1336 longe
453 1263 632 1338 cognoscit,
648 1265 828 1326 humiliare
845 1264 1005 1342 superbos
1019 1269 1053 1328 et
1066 1265 1134 1328 hu-

339 1359 436 1419 miles
462 1359 624 1433 exaltare,
652 1377 692 1423 ac
721 1363 920 1439 apostolice
947 1363 1042 1424 Sedis
1066 1379 1134 1426 non

338 1455 532 1517 destituitur
559 1458 686 1519 auxilio
714 1459 750 1519 in
783 1459 942 1536 quantum
974 1461 1134 1522 Dominus

338 1553 528 1628 permiserit
537 1555 570 1615 et
581 1554 651 1615 suis
660 1555 826 1618 videbitur
834 1556 1135 1635 utilitatibusexpe-

337 1648 419 1710 dire.
437 1651 556 1712 Datum
571 1651 714 1714 Perusii.

718 1901 755 1987 V

337 2093 390 2154 Ad
407 2093 543 2154 abbates
560 2096 700 2168 priores
721 2095 755 2156 et
771 2097 856 2180 otios
871 2099 1050 2174 religiosos
1067 2113 1134 2174 per

396 2192 623 2252 Bremeoscm
630 2193 847 2266 procinctam
858 2195 1070 2257 sanctitates.

652 2323 687 2380 rs
698 2321 750 2396 jur.
768 2323 847 2382 raro.

414 2477 600 2544 [lappenberg
613 2479 823 2544 llamburgisches
834 2482 1052 2543 Urkundenbuoh,

594 2583 614 2628 t.
630 2577 649 2638 1,
661 2592 687 2642 p.
699 2577 753 2638 lae,
767 2580 799 2630 N⁰
810 2578 878 2645 aaa]

335 2753 484 2826 Significat
501 2755 544 2812 eis
562 2755 771 2828 promotionem
795 2771 888 2827 suem,
908 2772 963 2830 que
983 2759 1063 2817 tertie
1083 2759 1130 2817 die

367 2849 433 2914 post
454 2850 574 2900 mortem
589 2844 748 2901 innocentii
774 2852 872 2903 secuta
896 2853 941 2904 est
963 2847 1059 2920 epist,
1083 2847 1128 2905 di·

368 2943 452 2987 versa
466 2929 502 2986 de
517 2929 627 2990 duobus
646 2932 755 3004 primis.

378 3097 545 3159 Honorius
577 3099 767 3177 episcopus,
804 3117 919 3164 servus
957 3119 1129 3167 servorum

333 3193 408 3265 Dei,
432 3194 561 3256 dilectis
584 3195 679 3268 tiliis,
697 3197 886 3271 abbatibus,
910 3200 1075 3276 prioribus
1097 3203 1131 3265 et

331 3291 407 3352 aliis
421 3291 588 3368 religiosis
609 3309 670 3369 per
690 3295 902 3357 Bremensem
921 3299 1128 3374 provinciam

331 3387 529 3462 constitutis,
541 3388 682 3451 salutem
695 3391 729 3454 et
744 3391 959 3468 apostolicam
973 3393 1130 3458 benedic-

328 3484 464 3546 tionem.

368 3583 509 3658 Magnus
522 3585 680 3646 Dominus
690 3585 723 3648 et
734 3585 913 3649 laudabilis
923 3589 1036 3662 nimis,
1049 3591 1127 3664 etc„

329 3679 415 3740 utin
434 3681 576 3756 epistola
596 3685 621 3755 l,
641 3699 749 3758 usque
768 3686 931 3748 evocavit.
953 3687 1129 3750 Sollicitu-

330 3775 407 3836 dine
434 3777 536 3852 igitur
564 3779 798 3842 ecclesiasticae
831 3783 1034 3860 provisionis
1068 3801 1128 3846 as-

331 3876 461 3948 sumpta
482 3874 515 3936 et
535 3874 712 3950 diligenter
725 3877 886 3954 inspecta,
902 3895 964 3943 nos
984 3895 1028 3942 ex
1045 3897 1128 3958 pro-

329 3969 404 4046 pria
419 3969 611 4034 infirmitate
625 3972 777 4046 deiicere,
792 3975 857 4035 nisi
869 3977 990 4038 vestris
1005 3978 1129 4040 sulita-

330 4065 395 4143 giis
403 4067 435 4130 et
443 4067 507 4143 piis
515 4069 602 4145 apud
611 4071 873 4148 Deumprecibus
881 4073 1127 4150 adjuvaremur,

330 4163 581 4228 universitatem
600 4167 747 4228 vestram
770 4169 951 4246 rogandam
971 4171 1127 4234 duximus

328 4261 362 4322 et
380 4262 578 4325 monendam
593 4263 808 4328 exhortantes
823 4265 859 4326 in
874 4267 1026 4341 Domino,
1042 4285 1127 4346 qua-

326 4359 424 4420 tenus
439 4359 525 4437 apud
540 4375 660 4434 eum,a
675 4377 738 4440 quo
756 4379 928 4441 speramus
942 4365 1042 4443 dirigi
1056 4383 1128 4443 gre-

327 4469 385 4516 sus
406 4457 537 4518 nostros
554 4458 698 4520 assiduis
720 4461 926 4523 orationibus
949 4463 1124 4536 insistatis,

264 4537 267 4544 ⁴
328 4552 364 4614 ut
374 4567 435 4612 nos
445 4552 486 4614 ad
496 4552 628 4616 laudem
639 4555 691 4616 sui
701 4557 857 4630 nominis,
869 4560 903 4621 et
912 4558 1068 4622 Ecclesiae
1078 4561 1128 4622 in·

328 4650 532 4710 crementum
545 4651 732 4728 susceptam
745 4653 1001 4718 sollicitudinem
1015 4657 1127 4719 totali-

326 4745 380 4807 ter
397 4745 536 4821 implere
557 4749 726 4821 concedat,
748 4751 835 4828 quod
859 4754 892 4813 et
911 4767 973 4815 nos
991 4757 1125 4818 aeternae

326 4841 555 4910 retributionis
570 4845 743 4922 praemium
760 4863 958 4924 mereamur,
973 4852 1006 4915 et
1020 4867 1127 4930 popu-

326 4939 380 5000 lus
392 4941 514 5002 nostrae
529 4941 763 5018 gubernationi
781 4947 975 5009 commissus
990 4965 1124 5026 pernes

327 5037 430 5100 verbo
452 5039 615 5116 proficiat,
630 5042 664 5103 et
678 5043 840 5119 exemplo.
863 5047 932 5108 Nos
956 5047 1046 5108 enim
1064 5064 1124 5110 vos

325 5136 485 5214 tanquam
505 5139 665 5215 speciales
681 5141 838 5204 Ecclesiae
853 5141 950 5216 filios,
968 5159 1027 5224 per
1041 5159 1124 5222 quos

325 5249 447 5295 nomen
463 5236 593 5297 Domini
608 5237 825 5301 excellentius
840 5241 873 5302 et
887 5241 1021 5318 dignius
1035 5257 1125 5319 prae-

325 5331 467 5404 dicatur,
484 5333 575 5395 tanto
590 5334 733 5412 amplius
746 5335 945 5400 intendimus
958 5338 993 5400 in
1003 5339 1122 5403 vestris

322 5429 577 5491 necessitatibus
596 5433 771 5509 adjuvare,
787 5436 910 5512 quanto
928 5435 964 5497 in
986 5438 1123 5514 majoris

322 5525 479 5588 Ecclesia
491 5527 694 5591 redundaret
704 5529 875 5608 injuriam,
888 5531 917 5593 si
923 5535 1001 5610 jura
1010 5535 1122 5598 vestra

325 5622 547 5697 quorumlibet
567 5625 758 5705 pateremur
772 5626 929 5692 violentia
953 5631 1119 5710 occupari.

1192 489 1310 550 Datum
1326 487 1546 560 Perusii,Vlll
1562 486 1730 550 Kalendas
1744 485 1897 563 Augusti,
1911 501 1998 564 pon·

1194 586 1336 649 tilicatus
1351 584 1458 648 nostri
1472 599 1561 646 anno
1575 583 1694 662 primo.

1558 805 1614 892 vi

1189 1006 1242 1066 Ad
1263 1004 1453 1066 Ostiensem
1473 1002 1507 1062 et
1527 1001 1777 1064 Prenesttnum
1801 1004 1994 1078 episcopos.

1486 1133 1521 1192 25
1532 1131 1584 1206 iul.
1602 1133 1681 1191 itit.

1190 1277 1378 1342 [Forsohungen
1390 1277 1427 1336 Z.,
1440 1276 1584 1328 Deutschen
1602 1273 1759 1335 casalicio,
1774 1281 1795 1326 t.
1811 1276 1868 1339 XV,
1881 1290 1907 1340 p.
1919 1275 1993 1338 {tid}

1366 1419 1578 1476 promotionem
1589 1431 1673 1476 suem
1686 1417 1807 1476 itnimat.

1229 1591 1409 1668 Postquam
1430 1589 1489 1650 Dei
1505 1589 1537 1649 et
1555 1587 1726 1649 hominum
1747 1587 1912 1649 mediator
1932 1587 1992 1648 fe-

1189 1688 1263 1749 licis
1278 1685 1446 1748 memoriae
1461 1684 1691 1747 Innocentium
1706 1684 1898 1764 episcopum
1917 1685 1993 1746 ter-

1188 1787 1271 1847 tium
1294 1801 1337 1846 ex
1362 1785 1425 1845 hoc
1446 1781 1568 1844 mundo
1594 1781 1635 1842 ad
1660 1782 1828 1843 coelestem
1842 1782 1990 1858 patriam

1189 1882 1349 1955 evocavit,
1363 1878 1590 1943 convenerunt
1612 1878 1761 1940 universi
1782 1879 1988 1952 cardinales,

1188 1983 1225 2043 ut
1236 1981 1276 2042 de
1291 1977 1520 2040 substituendo
1540 1977 1674 2054 pastore
1692 1975 1884 2037 tractarent.
1904 1979 1989 2037 Cum

1188 2078 1297 2139 autem
1321 2074 1568 2137 venerabilibus
1593 2073 1751 2136 iratribus
1773 2074 1896 2136 nostris
1918 2075 1988 2136 Os-

1187 2173 1285 2238 tiensi
1293 2174 1325 2235 et
1333 2173 1528 2234 Prenestino
1538 2171 1701 2249 episcopis
1712 2171 1857 2247 eligendi
1865 2170 1989 2232 luisset

1187 2272 1332 2349 potestas
1354 2270 1395 2331 ab
1417 2269 1632 2331 universitate
1663 2285 1833 2343 concessa,
1859 2267 1989 2329 nostris

1186 2367 1334 2430 humeris
1351 2366 1487 2445 pallium
1507 2365 1726 2444 apostolicum
1741 2367 1985 2444 imposuerunt,

1186 2464 1333 2541 cogendo
1351 2481 1413 2527 nos
1433 2463 1545 2525 sabim
1566 2480 1660 2536 onus,
1676 2464 1762 2541 quod
1786 2461 1914 2525 evitare
1936 2461 1986 2521 li-

1184 2561 1315 2624 bentius
1341 2560 1545 2638 optabamus.
1570 2560 1624 2622 Sic
1647 2560 1737 2621 enim
1759 2559 1986 2622 antecessoris

1185 2658 1290 2721 nostri
1314 2658 1485 2720 decessum
1508 2659 1542 2720 et
1568 2659 1808 2734 promotionem
1832 2657 1985 2718 nostram

1184 2755 1394 2818 universitati
1414 2755 1534 2816 vestrae
1555 2753 1711 2816 intimare
1737 2758 1900 2827 tenemur,
1926 2769 1987 2814 ro-

1183 2854 1299 2930 gantes
1316 2868 1375 2913 vos
1394 2851 1428 2913 in
1445 2851 1581 2914 Domino
1603 2853 1635 2914 et
1657 2852 1840 2924 monentes,
1864 2851 1987 2928 quate-

1184 2967 1246 3011 nus
1260 2949 1366 3028 ipsius
1391 2951 1536 3011 animam
1558 2950 1591 3011 et
1609 2950 1757 3010 nostram
1772 2947 1986 3010 insufficien-

1183 3048 1264 3109 tiam
1287 3047 1352 3125 piis
1376 3046 1581 3109 orationibus
1604 3045 1716 3107 taliter
1736 3045 1916 3123 adjuvetis,
1933 3045 1981 3116 ut,

1184 3144 1213 3206 si
1234 3145 1346 3222 aliqua
1376 3145 1408 3206 el
1436 3144 1565 3206 macula
1590 3143 1630 3205 de
1651 3143 1814 3219 contagiis
1836 3143 1983 3204 terrenis
2099 3153 2100 3191 ;

1184 3241 1328 3316 inhaesit,
1340 3257 1401 3320 per
1415 3242 1601 3304 vestrarum
1616 3241 1804 3301 orationum
1819 3239 1982 3315 suffragia

1184 3339 1330 3401 diluatur
1350 3340 1384 3402 et
1404 3355 1464 3401 nos
1486 3337 1577 3400 Petri
1600 3337 1788 3400 naviculam
1812 3337 1981 3414 possimus
2098 3367 2099 3395 t

1184 3452 1258 3498 cum
1285 3437 1416 3498 temone
1437 3436 1514 3498 fldei
1535 3436 1569 3498 et
1588 3435 1735 3496 anchora
1756 3433 1897 3514 justitiae
1915 3449 1983 3510 gu-

1183 3533 1336 3597 hernare.

1543 3701 1621 3789 VH

1356 3891 1409 3951 Ad
1428 3889 1657 3952 strutionum
1676 3891 1804 3950 orbern.

1487 4018 1580 4092 tljul.
1596 4019 1675 4077 itio.

1183 4142 1312 4208 [Manena
1326 4143 1471 4194 Thesaurus
1489 4155 1573 4195 novus
1589 4140 1781 4201 anecdotcmm,
1796 4145 1815 4192 t.
1829 4141 1848 4203 l,
1866 4157 1891 4208 p.
1909 4143 1979 4210 sel]
2094 4199 2095 4212 χ

1246 4293 1394 4368 Significat
1406 4299 1489 4352 emm
1503 4294 1532 4350 in
1548 4293 1697 4352 Summum
1710 4292 1910 4352 l‘ontillcelum

1387 4431 1390 4438 .
1470 4382 1688 4458 promotionem.

1221 4556 1381 4632 supernae
1394 4554 1565 4632 dispositio
1578 4555 1761 4636 majestatis
1775 4571 1849 4633 quae
1862 4555 1974 4618 orbem

1180 4653 1344 4714 terrarum
1359 4652 1485 4714 coelesti
1500 4652 1640 4715 consilio
1652 4653 1853 4724 moderatur,
1866 4668 1976 4714 sacro-
2091 4669 2092 4678 ¹

1180 4749 1328 4811 sanctam
1344 4753 1527 4814 Romanam
1548 4749 1729 4812 Ecclesiam
1748 4749 1790 4810 eh
1808 4750 1881 4826 ipso
1897 4749 1972 4812 ildei
2090 4835 2091 4838 Ἴ

1179 4847 1370 4924 primordio,
1390 4849 1488 4924 caput
1505 4847 1651 4908 omnium
1668 4847 1884 4908 ecclesiarum
1899 4847 1973 4908 ins·
2090 4859 2091 4872 ¹

1178 4945 1268 5007 tituit
1288 4945 1323 5007 et
1347 4944 1568 5021 magistram:
1593 4944 1752 5006 ordinans
1773 4943 1808 5004 in
1831 4959 1872 5005 ea
1896 4943 1972 5005 lidei

1179 5043 1372 5106 orthodoxae
1404 5041 1617 5115 ministrum,
1645 5042 1733 5119 juris
1772 5043 1805 5103 et
1832 5041 1971 5119 justitiae

1178 5139 1418 5217 plantatorem,
1449 5139 1505 5216 qui
1541 5139 1648 5201 vicem
1683 5139 1774 5200 Petri
1809 5139 1904 5214 gerat
1935 5139 1971 5200 in

1177 5239 1288 5311 terris,
1309 5236 1437 5314 ligandi
1461 5236 1561 5314 atque
1591 5235 1742 5300 solvendi
1764 5235 1885 5298 habeat
1907 5251 1971 5314 po·
2088 5233 2089 5238 ’

1177 5335 1339 5408 testatem,
1355 5333 1501 5411 gladium
1516 5332 1664 5396 obtineat
1677 5333 1894 5412 spiritualem,
1911 5335 1974 5396 sit-

1177 5447 1240 5510 que
1255 5432 1341 5510 lapis
1363 5430 1544 5508 angularis,
1560 5446 1621 5508 per
1638 5446 1736 5509 quem
1755 5447 1838 5494 saxa
1858 5432 1891 5493 et
1911 5447 1972 5509 pa-

1177 5531 1277 5592 rietes
1298 5529 1506 5592 diversarum
1528 5527 1693 5590 haeresum
1709 5529 1968 5606 confringantur.

1178 5631 1263 5692 Sane
1284 5627 1340 5690 hic
1363 5627 1486 5690 dicitur
1506 5625 1671 5688 luminare
1693 5629 1811 5703 majus,
1827 5627 1913 5704 quod
1928 5629 1969 5688 ad
