4200 6404
250 233 337 355 ila·
699 248 886 347 ’00110101
907 285 952 346 111
973 284 1179 384 ornan-³
1194 283 1426 344 ssunonns.
1838 284 1903 345 011

251 447 346 514 vobis
361 447 484 511 dicium
503 448 612 510 0011(
629 447 871 507 Laxasmanus
892 443 925 504 et
938 442 1049 505 disso-
1142 443 1327 520 sequamur
1346 439 1449 517 igitur
1464 455 1558 515 eum,
1579 439 1616 501 ut
1634 440 1766 518 quando
1788 441 1903 503 male-

250 565 270 610 s
289 548 361 610 luta
376 561 484 623 genua
506 544 635 621 erigite,
655 543 690 605 01
707 557 843 620 gressus
864 541 972 604 rectos
996 541 1048 601 ia·
1101 538 1253 612 dicimur,
1268 555 1333 600 non
1355 536 1605 605 maledicamus,
1628 537 1684 599 sed
1714 539 1823 615 potius
1839 538 1905 600 be-

253 662 274 705 «
294 645 360 708 cite
382 643 520 722 pedibus
535 642 664 704 vestris.
688 658 707 701 »
727 639 858 702 Debetis
879 639 969 700 enim
988 653 1046 698 vos
1101 637 1304 704 nedioamns,
1317 635 1388 697 etsi
1403 634 1717 712 patimuraliquoda
1733 635 1902 712 proximo,
1914 681 1932 704 .

256 741 419 804 firmiores
444 738 690 800 imbecillitates
712 736 919 798 intirmorum
943 733 1048 798 susti·
1101 749 1167 794 non
1188 733 1438 804 comminemur,
1462 731 1519 793 sed
1543 731 1708 808 patienter
1728 732 1903 795 sustinea-

253 833 1047 913 0010011100101101001100100100010,0100111
1102 847 1187 891 mus.
1213 830 1307 892 Unde
1328 829 1532 906 Gregorius:
1557 847 1575 889 e
1595 829 1677 900 Quid
1702 829 1801 890 bomo
1830 831 1904 907 pati

252 935 443 997 infirmatur
456 932 577 1011 aliquis
592 933 627 993 in
642 929 747 1002 vobis,
768 931 845 994 tunc
857 932 974 1007 potens
990 928 1049 989 ilat
1103 943 1161 1004 pro
1180 943 1215 988 se
1230 926 1336 999 debet,
1353 927 1382 988 si
1396 927 1489 988 tanta
1513 942 1572 1004 pro
1588 926 1740 988 omnibus
1764 927 1905 1004 pertulit

253 1046 395 1110 perros,
410 1034 443 1093 01
457 1031 708 1092 0110110000010
723 1027 932 1106 portetetsic
947 1026 1049 1087 adim·
1103 1027 1202 1097 Deus,
1226 1025 1304 1102 quia
1335 1023 1406 1101 ipse
1437 1024 1583 1101 portavit
1613 1025 1750 1100 peccata
1784 1025 1905 1086 nostra

255 1126 346 1204 pleat
359 1125 465 1202 legem
480 1125 612 1187 Christi.
630 1127 698 1185 llas
713 1138 791 1185 oves
807 1121 942 1199 pascite,
955 1135 974 1182 0
988 1136 1047 1182 100
1102 1137 1204 1199 super
1217 1121 1355 1198 lignum.
1372 1121 1494 1182 »Unde
1509 1121 1633 1182 isaias:
1655 1123 1741 1183 Vere
1755 1126 1905 1199 inriguo-

256 1225 409 1300 pastores
424 1223 545 1294 ovium,
563 1221 640 1299 quia
655 1223 688 1283 et
705 1220 831 1298 pastori
846 1219 958 1280 ovium
977 1217 1050 1279 dic·
1102 1234 1161 1280 res
1185 1219 1323 1281 nostres
1344 1221 1417 1294 ipse
1443 1219 1530 1291 tulit,
1546 1218 1581 1280 et
1599 1221 1734 1280 dolores
1760 1219 1901 1280 costros

252 1321 323 1381 tum
338 1320 410 1382 est:
426 1324 536 1382 Pasce
550 1333 631 1380 oves
642 1333 749 1380 meas.
762 1317 824 1388 Qui
839 1317 926 1377 enim
937 1315 1049 1392 pastor
1103 1321 1176 1392 ipse
1195 1317 1353 1391 portavit
1367 1313 1436 1394 (Ρο.
1460 1331 1530 1386 um,
1554 1313 1598 1394 1).
1620 1316 1770 1376 Portarit
1790 1316 1904 1377 autem

253 1417 305 1480 est
318 1417 441 1489 orium,
456 1415 610 1494 proprias
624 1430 704 1477 oves
725 1415 823 1476 vocat
840 1413 1047 1481 nominatim,
1103 1429 1169 1474 non
1182 1414 1218 1474 ut
1230 1413 1301 1490 ipse
1314 1412 1461 1485 baberet,
1479 1412 1536 1474 sed
1546 1415 1583 1474 ut
1596 1427 1616 1473 a
1631 1411 1726 1473 nobis
1742 1412 1900 1474 auferret.

253 1514 287 1577 et
311 1514 422 1575 educit
441 1527 498 1574 eas
518 1513 553 1574 in
577 1512 649 1574 loco
669 1527 813 1590 pascuae,
835 1525 976 1588 pascens
991 1524 1049 1570 eas
1102 1511 1151 1572 Ad
1166 1511 1369 1588 sequendum
1380 1509 1546 1571 Christum
1561 1511 1671 1572 monet
1684 1511 1905 1586 0001100010-

253 1611 289 1672 in
304 1610 416 1672 herbis
428 1609 624 1681 virentibus,
639 1609 695 1687 qui
706 1609 805 1670 etiam
819 1607 925 1668 bonus
935 1607 1050 1684 pastor
1103 1607 1155 1669 lus
1178 1607 1311 1668 dicens:
1328 1608 1528 1669 imitatores
1549 1611 1623 1669 niet
1639 1608 1746 1668 estote
1763 1607 1902 1668 0100101

256 1707 313 1769 dat
334 1707 478 1769 animam
496 1722 590 1768 suam
606 1722 665 1782 pro
678 1705 794 1768 ovibus
810 1705 892 1778 suis,
909 1719 953 1766 ne
966 1703 1050 1766 sorte
1104 1719 1165 1781 epo
1180 1705 1308 1767 Christi
1330 1702 1359 1784 (l
1370 1705 1443 1764 Cor.
1457 1720 1504 1774 111,
1523 1701 1567 1782 1).
1580 1706 1627 1765 De
1639 1704 1703 1764 hac
1716 1703 1902 1766 imitatione

253 1803 351 1867 robis
360 1803 825 1866 dicaturzbuccomedebatis
833 1803 867 1863 et
876 1804 965 1864 ionis
974 1817 1051 1876 ope·
1103 1801 1344 1878 Apocalypsis:
1365 1802 1553 1862 Eccercz'tus
1578 1803 1637 1875 qui
1655 1802 1738 1862 sunt
1757 1804 1795 1861 tn
1818 1805 1904 1862 coeio

252 1903 448 1974 riebammt,
461 1916 604 1978 precem
615 1901 734 1962 autem
744 1903 883 1961 Domini
897 1914 966 1960 mcc
973 1915 1051 1974 pas·
1103 1900 1296 1972 secuuntur
1310 1902 1404 1960 tuum
1426 1901 1462 1959 in
1484 1901 1580 1972 equis
1593 1901 1677 1960 albis
1692 1895 1806 1975 (Apoc.
1827 1913 1900 1970 101,

255 1996 646 2076 0010110(ἡο011.1111111,
657 1995 703 2076 3).
717 1996 957 2074 Sedtamquam
968 2011 1052 2058 mer·
1105 1994 1170 2075 11).
1186 1995 1535 2073 11101011000010001
1553 1995 1588 2055 in
1611 1994 1704 2068 coelo,
1721 1996 1798 2056 sunt
1821 1992 1902 2056 boni

254 2095 410 2156 canarius
432 2095 466 2157 et
487 2096 625 2172 quinon
649 2097 700 2156 est
718 2095 832 2172 pastor
855 2094 968 2170 lupum
991 2109 1052 2155 10-
1104 2091 1899 2170 11110110011,0011000010011101000011100010,

255 2191 402 2253 nientem
414 2191 507 2254 ridet
518 2194 551 2254 et
562 2192 698 2253 dimittit
712 2207 792 2254 oves
807 2191 841 2253 et
855 2189 949 2267 iugit.
1105 2190 1183 2266 quia
1209 2189 1280 2250 sola
1302 2189 1450 2250 coelestia
1474 2188 1631 2265 diligunt,
1653 2188 1724 2248 sola
1753 2188 1905 2250 coelestia

296 2288 349 2350 Illi
366 2289 449 2351 bene
462 2289 601 2351 veniunt
613 2288 670 2366 qui
692 2290 875 2366 sequuntur
889 2291 1003 2360 Deum,
1019 2288 1052 2350 et
1105 2287 1270 2363 querunt.
1299 2287 1342 2346 lli
1368 2285 1536 2347 exercitus
1562 2285 1746 2363 sequuntur
1772 2287 1898 2359 lesum,

256 2388 480 2463 assequuntur
499 2386 681 2448 secundum
695 2386 883 2462 exemplum
898 2385 1050 2461 magistri
1106 2383 1237 2462 qnando
1248 2385 1441 2462 expugnant
1452 2383 1487 2445 in
1503 2399 1538 2444 se
1553 2384 1634 2445 vitia
1647 2399 1706 2460 per
1720 2385 1908 2446 correctio-

255 2483 309 2542 sui
336 2483 426 2545 Petri
453 2482 593 2544 dicentis
617 2501 659 2544 :a
683 2483 834 2545 Christus
859 2497 977 2560 passus
1002 2483 1052 2544 001
1105 2499 1192 2553 nem,
1220 2483 1254 2544 in
1281 2483 1442 2559 proximis
1470 2498 1530 2559 per
1552 2482 1821 2544 admonitionem.
1843 2483 1902 2544 Isti

256 2596 277 2639 c
298 2594 358 2656 pro
378 2578 484 2652 nobis,
509 2579 604 2641 vobis
630 2579 823 2658 relinquens
848 2579 1049 2655 exemplum,
1106 2579 1272 2642 exercitus
1291 2580 1417 2641 suntin
1432 2579 1526 2656 equis
1545 2579 1646 2652 albis,
1660 2579 1756 2649 idest,
1770 2580 1806 2640 in
1820 2593 1901 2640 cor-

255 2693 276 2736 «
296 2677 353 2754 qui
362 2677 532 2755 peccatum
541 2693 608 2739 non
619 2676 707 2746 iecit,
718 2691 780 2738 neo
790 2676 886 2738 dolus
895 2675 1051 2738 iuventus
1106 2676 1242 2755 poribus
1261 2677 1373 2738 castis.
1398 2677 1543 2754 Corpora
1561 2675 1723 2738 bonorum
1745 2677 1907 2739 dicuntur

254 2789 274 2832 e
294 2773 347 2835 est
367 2774 402 2834 in
429 2789 487 2834 ore
510 2777 594 2850 ejus,
617 2775 673 2852 qui
700 2789 774 2834 cum
798 2773 1053 2835 malediceretur
1106 2774 1194 2852 equi,
1212 2775 1302 2851 quia,
1319 2774 1405 2835 sicut
1419 2774 1607 2850 diriguntur
1625 2789 1685 2850 per
1698 2773 1901 2836 voluntatem

258 2883 365 2932 «non
393 2869 660 2941 remaledicebat,
688 2886 763 2931 cum
788 2871 961 2946 pateretur
985 2885 1052 2931 non
1106 2871 1237 2948 eqrritis,
1256 2871 1301 2932 ita
1319 2871 1485 2948 justorum
1507 2886 1647 2948 corpora
1668 2871 1829 2947 reguntur
1845 2887 1903 2933 se-

257 2982 278 3025 «
298 2964 572 3027 comminabatur.
588 2982 607 3025 s
622 2965 652 3042 (1
663 2968 735 3028 Pet.
751 2981 787 3038 11,
801 2967 886 3028 0301
900 2963 998 3044 serp).
1015 2969 1052 3028 ln
1107 2966 1460 3030 cundumvoluntatem
1473 2968 1619 3044 spiritus.
1632 2968 1691 3031 1011
1700 2966 1903 3046 equidebent

257 3061 399 3124 bactria
414 3077 538 3138 genera
553 3063 763 3140 peccatorum
784 3063 1001 3139 designantur
1021 3063 1053 3124 01
1108 3080 1183 3126 0000
1207 3064 1285 3138 albi,
1313 3065 1409 3138 idest,
1431 3080 1570 3141 corpora
1589 3065 1682 3127 easta
1708 3067 1741 3126 01
1767 3065 1906 3138 munda,-

259 3159 427 3220 aCbristo
447 3160 679 3235 removentur;
704 3159 874 3237 peccatum
898 3160 1053 3223 videlicet
1108 3160 1192 3238 quod
1217 3161 1246 3222 si
1265 3177 1332 3224 nou
1346 3161 1482 3236 fuerint,
1494 3161 1610 3224 mundi
1630 3178 1785 3224 essenon
1805 3162 1905 3242 pote-

260 3255 483 3331 cogitationis,
501 3271 574 3318 cum
587 3245 726 3320 dicitur:
740 3260 844 3319 Dolus
856 3272 925 3319 non
939 3260 992 3319 est
1003 3261 1053 3319 in·
1107 3260 1195 3319 runt.

256 3354 381 3414 veritus
394 3357 430 3414 m
444 3367 506 3415 ore
517 3356 603 3426 ejus.
616 3355 718 3416 Dolus
737 3369 879 3431 namque
896 3370 940 3416 ex
954 3354 1052 3417 corde
1147 3356 1228 3416 Item
1245 3370 1252 3416 :
1268 3357 1332 3422 cci
1350 3357 1424 3419 vult
1442 3359 1562 3418 vestire
1578 3357 1660 3430 post
1678 3358 1908 3434 0100000001

257 3451 428 3527 peccatum
443 3451 494 3512 est
508 3451 695 3524 locutionis,
710 3468 784 3513 cum
808 3452 951 3516 dicitur:
968 3455 1054 3514 Cum
1106 3453 1341 3527 semetipsum,
1358 3453 1392 3515 et
1410 3453 1503 3516 101101
1523 3467 1661 3516 matrem
1676 3469 1778 3515 mmm
1794 3453 1827 3515 et
1845 3468 1903 3515 se-

254 3550 529 3621 matedtceretur,
552 3564 621 3611 non
636 3551 906 3612 remaledicebat.
929 3552 1054 3612 Pecca-
1107 3550 1234 3623 quatur
1245 3565 1301 3611 me
1316 3547 1447 3628 (Mattb.
1465 3565 1533 3622 xvi,
1545 3549 1610 3629 24).
1629 3551 1691 3622 Qui
1705 3550 1775 3612 vult
1789 3551 1910 3612 venire

254 3645 325 3706 tum
340 3646 543 3722 operationis
556 3663 631 3708 cnm
650 3646 782 3721 dicitur,
799 3652 857 3724 qui
873 3648 1053 3725 peccatum
1107 3647 1181 3722 post
1201 3662 1265 3719 me,
1288 3662 1350 3722 per
1368 3662 1431 3719 me,
1448 3649 1481 3708 et
1503 3647 1545 3708 ad
1566 3663 1629 3720 me,
1652 3649 1727 3725 post
1749 3663 1806 3708 me
1826 3649 1904 3725 quia

255 3757 325 3804 nom
338 3744 429 3816 fecit.
1106 3743 1230 3805 veritas
1254 3761 1338 3816 sum,
1360 3759 1418 3821 per
1438 3760 1490 3805 me
1510 3745 1588 3822 quia
1602 3746 1657 3806 ria
1681 3745 1822 3817 eumad
1851 3761 1908 3806 me

296 3839 336 3900 ut
356 3838 429 3900 baec
450 3840 528 3901 sunt
554 3840 619 3901 tria
646 3841 851 3903 universalia
874 3843 910 3903 in
934 3841 1052 3920 quibus
1107 3840 1745 3919 001011100οι0,0100101001101100010
1763 3842 1906 3904 attollat

258 3934 404 3996 omnium
439 3937 648 4012 peccatorum
681 3953 803 4014 genera
834 3938 1054 4014 comprehen-
1107 3953 1239 3999 crucem
1258 3939 1398 4001 suamet
1421 3941 1579 4016 sequatur
1593 3955 1657 4002 me.
1671 3940 1749 4002 Tria
1763 3941 1904 4017 possunt

256 4031 404 4092 duntur:
430 4035 601 4109 peccatum
621 4035 748 4096 scilicet
763 4035 984 4110 cogitationis,
1003 4036 1055 4096 lo·
1108 4034 1229 4096 Christi
1250 4035 1310 4097 Dei
1332 4035 1438 4097 virtus
1457 4037 1491 4098 et
1511 4037 1570 4098 Dei
1596 4037 1770 4115 sapientia,
1788 4038 1901 4113 magni

256 4130 400 4192 cutionis
415 4131 448 4192 et
460 4132 675 4208 operationis.
689 4135 736 4194 De
755 4134 862 4210 primo
882 4133 1003 4194 dicitur
1017 4133 1053 4194 in
1108 4131 1239 4192 consilii
1262 4133 1402 4209 angelus
1417 4133 1537 4195 animae
1554 4134 1709 4196 rationali
1727 4133 1836 4196 iacere
1855 4135 1899 4196 ad

257 4230 366 4290 lsala:
392 4230 538 4303 Auferte
559 4237 690 4293 malum
704 4232 951 4308 cogitationum
971 4247 1052 4293 oes—
1107 4228 1287 4305 imaginem
1311 4231 1500 4302 Trinitatis,
1527 4230 1674 4304 scilicet,
1695 4231 1904 4304 servitutem,

256 4326 562 4389 trcmnncbccutis
572 4331 660 4389 meis
671 4323 728 4406 (Is.
743 4343 766 4400 1,
777 4325 841 4405 lo).
853 4330 900 4389 De
908 4326 1052 4388 secundo
1107 4326 1268 4388 vilitatem
1283 4327 1550 4405 etasperitatem.
1564 4331 1600 4390 ln
1616 4328 1834 4406 abnegatione
1849 4331 1903 4391 sui

256 4421 1054 4499 inpsalmozouommosmccecictioceeiamc-
1107 4424 1261 4496 00111100,
1291 4425 1326 4485 in
1352 4425 1549 4487 toleratione
1575 4428 1685 4488 crucis
1711 4427 1838 4500 vilitas,
1866 4427 1903 4488 in

254 4520 559 4594 neminemnam
573 4521 706 4599 est(Ps.
722 4523 770 4594 13,
786 4521 833 4601 3).
845 4524 891 4582 De
901 4523 967 4584 tert
981 4538 1001 4584 o
1017 4522 1051 4582 in
1106 4521 1292 4583 imitatione
1312 4522 1433 4585 Christi
1455 4523 1623 4600 asperitas.
1640 4524 1844 4602 designatur,
1869 4526 1906 4586 ut

257 4615 433 4677 Salomone
448 4633 455 4671 ι
471 4617 654 4678 Loeiaatur
666 4633 744 4678 cum
758 4621 1004 4691 malefecerint,
1019 4619 1052 4680 et
1107 4633 1180 4695 quae
1197 4633 1257 4696 per
1270 4619 1528 4683 inobedientiam
1541 4621 1582 4682 de
1595 4623 1683 4684 statu
1693 4620 1904 4684 101100010-

256 4713 416 4774 00011001
438 4715 476 4773 in
499 4716 601 4775 rebus
612 4718 776 4787 pessimis
798 4712 911 4792 (Prov.
931 4714 1050 4793 11,14).
1106 4715 1425 4779 110110110000100101
1444 4717 1619 4781 humiliata
1641 4719 1817 4781 affectione
1830 4721 1904 4780 ter-

256 4809 378 4870 Gontra
399 4809 570 4886 peccatum
592 4810 712 4882 cordis,
737 4810 848 4873 cordis
874 4811 1050 4885 contriti0;
1105 4829 1196 4882 renas
1228 4814 1372 4876 miserie
1400 4830 1460 4894 per
1488 4816 1710 4879 obedientiam
1737 4818 1903 4894 resurgat.

255 4906 369 4969 contra
386 4907 555 4984 peccatum
569 4907 648 4979 oris,
664 4908 732 4969 cris
744 4907 926 4983 00010001ος
937 4907 1052 4970 000110
1107 4911 1232 4976 Cecidit
1250 4912 1339 4973 enim
1353 4927 1373 4973 a
1393 4913 1527 4990 seipsa,
1544 4929 1565 4975 0
1583 4915 1741 4977 societate
1762 4915 1905 4990 angelo-

254 5005 425 5082 peccatum
446 5003 568 5081 operis,
586 5005 696 5081 operis
718 5004 912 5067 satisfactio.
936 5007 1052 5079 Quan-
1106 5024 1193 5082 rum,
1217 5009 1382 5072 arisione
1396 5011 1504 5083 Dei,a
1528 5011 1693 5084 libertate,
1716 5027 1736 5074 a
1757 5011 1905 5074 beatitu-

256 5117 354 5178 quam
372 5103 405 5164 et
423 5101 458 5162 in
474 5101 620 5180 quolibet
637 5102 770 5165 mortali
785 5103 857 5166 baec
872 5104 935 5176 tria
952 5105 1051 5166 simul
1106 5105 1194 5167 dine.
1207 5105 1330 5169 Audiat
1352 5123 1432 5183 ergo
1447 5108 1635 5181 consilium,
1652 5112 1689 5171 ut
1705 5107 1903 5185 abnegando

257 5198 325 5260 sint
337 5200 538 5261 necessaria.
554 5200 670 5278 Neque
685 5201 773 5262 enim
787 5201 910 5264 00111011
925 5203 1050 5263 bomini
1106 5203 1252 5280 seipsum
1267 5204 1377 5274 bomo,
1388 5205 1484 5277 idest,
1501 5205 1669 5282 propriam
1684 5206 1903 5278 voluntatem,

255 5295 556 5374 quantumcumque
578 5297 690 5360 dolere
705 5297 746 5361 de
763 5300 909 5377 peccato,
925 5299 953 5360 si
969 5299 1050 5359 illud
1106 5299 1158 5360 sai
1178 5299 1364 5362 libertatem
1390 5304 1575 5378 recuperet,
1598 5302 1743 5365 tollendo
1766 5317 1903 5364 crucem

255 5389 329 5468 quis
340 5391 510 5454 erubuerit
522 5393 684 5456 confiteri.
698 5395 768 5456 Nec
779 5395 878 5456 etiam
894 5395 1050 5458 contritio
1105 5413 1210 5469 suam,
1227 5397 1322 5468 idest,
1337 5413 1471 5462 carnem
1486 5415 1561 5460 cum
1575 5399 1668 5461 vitiis
1681 5400 1715 5461 01
1727 5399 1907 5476 concupis-

254 5488 288 5548 et
300 5486 466 5550 confessio
477 5489 657 5563 sufiiciunt,
670 5492 698 5552 01
710 5491 944 5568 contempserit
956 5493 1052 5553 satis·
1105 5495 1223 5555 centiis
1237 5496 1475 5573 crucifigend03
1488 5511 1548 5574 per
1556 5497 1769 5559 continentias
1782 5497 1905 5558 bouum

253 5583 365 5647 iacere
384 5583 483 5646 bomo
493 5589 590 5663 juxta
608 5586 781 5651 arbitrium
800 5589 968 5651 Ecclesiae.
1104 5594 1278 5670 recuperet
1299 5594 1490 5657 societatem
1511 5593 1716 5672 angelorum,
1735 5593 1904 5674 sequendo
