4214 6400
403 216 443 278 59
1019 205 1195 270 HONORII
1215 205 1260 270 111
1282 205 1430 268 OPERA.
1482 293 1486 302 ι
1976 235 2002 296 ω

405 371 612 438 secularibus
640 371 697 450 qui
720 370 799 434 tunc
826 368 924 432 erant
944 367 981 430 in
1008 382 1058 441 ea,
1088 367 1200 429 nullus

404 473 470 535 nisi
484 469 648 548 regularis
663 470 698 529 in
714 465 856 528 ecclesia
867 465 1062 528 succederet
1073 480 1201 527 merno-

402 561 1199 642 rata;salvisbonoribusetbeneflciisdictorum

404 666 605 730 secularium
629 664 828 726 clericorum
856 660 1012 739 quamdiu
1035 657 1197 732 viverent,

403 765 470 825 nisi
503 763 543 824 ad
582 761 711 838 nugam
750 759 899 822 melioris
930 759 1008 820 vitae
1041 756 1201 819 ducerent

402 860 654 932 transeundum,
682 860 715 920 et
736 858 773 919 ut
795 857 867 918 baec
891 855 1100 918 diffinitionis
1127 858 1200 933 ejus

402 959 567 1022 sententia
591 957 711 1018 futuris
731 953 937 1032 temporibus
958 952 1200 1014 inviolabiliter

403 1056 603 1125 servaretur,
617 1070 691 1116 eam
706 1051 903 1114 auctoritate
914 1049 1105 1128 Apostolrca
1118 1065 1200 1111 con-

402 1152 557 1225 firmavit,
574 1153 608 1214 et
630 1151 746 1228 scripti
767 1149 820 1210 sui
843 1148 1030 1226 patrocinio
1045 1163 1197 1210 commu-

402 1250 497 1322 nivit,
511 1249 705 1328 perpetuum
721 1247 890 1308 silentium
900 1245 961 1306 sub
976 1244 1199 1307 anathematis

402 1345 673 1410 interminatione
706 1345 878 1420 imponens
914 1342 967 1404 bis
1000 1343 1057 1420 qui
1082 1342 1199 1405 contra

401 1445 598 1522 religionem
612 1441 741 1505 ordinis
752 1440 916 1516 regularis
932 1456 1031 1519 quam
1052 1440 1088 1501 iu
1110 1455 1199 1518 prae-

402 1542 470 1604 fata
508 1541 649 1604 ecclesia
681 1538 926 1601 reformandam
958 1538 992 1599 et
1022 1536 1198 1599 tenendam

403 1638 550 1700 decrevit
573 1637 738 1699 suscitare
760 1636 800 1698 de
824 1635 934 1698 cetero
959 1636 1200 1712 praesumerent

402 1736 630 1815 quaestionem.
648 1734 790 1811 Ideoque
800 1731 993 1795 discretioni
1007 1731 1127 1793 vestrae
1139 1746 1199 1810 per

402 1833 590 1912 Apostolica
606 1832 729 1910 scripta
742 1830 965 1909 praecipiendo
989 1829 1195 1902 mandamus,

402 1932 564 2010 quatenus
576 1930 730 1992 revocato
749 1930 785 1990 iu
799 1928 931 1990 irritum
947 1925 1102 2006 quicquid
1117 1941 1199 1989 cou-

402 2029 455 2089 tra
480 2028 603 2088 dictam
627 2026 825 2088 sententiam
849 2025 1045 2100 inveneritis
1059 2023 1199 2086 attenta·

400 2123 482 2196 tum,
496 2122 628 2185 faciatis
640 2139 712 2184 eam
727 2121 924 2185 auctoritate
936 2121 1052 2183 nostra
1066 2120 1197 2184 sublato

401 2219 578 2298 cujuslibet
598 2219 869 2283 contradictionis
897 2220 932 2280 et
962 2218 1198 2296 appellationis

400 2311 582 2390 obstaculo
606 2317 746 2379 tirmiter
769 2316 950 2378 observari.
968 2316 1198 2378 contradicto-

399 2430 455 2478 res
480 2430 541 2492 per
565 2430 742 2476 censuram
766 2414 1028 2477 ecclesiasticam
1044 2414 1195 2491 appella-

399 2513 490 2574 tione
506 2512 687 2590 postposita
701 2513 958 2590 compescentes.
973 2513 1065 2584 Quod
1081 2513 1111 2573 si
1128 2527 1195 2573 non

400 2625 530 2682 omues,
554 2610 616 2672 etc.
646 2611 765 2672 Datum
791 2610 958 2682 Laterani,
974 2613 1051 2672 XIII
1076 2609 1197 2672 kalen-

399 2706 459 2768 das
494 2707 695 2777 novembris,
713 2707 926 2785 poutiflcatus
958 2702 1064 2769 nos'tri
1106 2723 1194 2769 anno

400 2821 519 2882 pr1mo.

764 2982 831 3070 XL

399 3187 451 3247 Ad
466 3187 633 3247 00000000
651 3185 685 3247 et
700 3185 889 3261 capitatam
908 3188 1191 3262 Burdcgolcnses.

696 3299 732 3356 20
741 3305 798 3358 oct.
811 3299 891 3357 1116.

459 3421 646 3487 [Regest.lib.l,
657 3422 731 3488 epist.
739 3421 778 3472 tt).
789 3424 848 3475 ldss.
859 3424 896 3475 La
907 3424 980 3474 Porte
990 3421 1024 3473 du
1035 3423 1129 3486 Thail].

394 3567 510 3624 Decano
529 3572 557 3623 et
577 3565 701 3639 capitulo
716 3564 909 3638 Burdogalen.
936 3564 1063 3635 mandat,
1088 3574 1119 3625 ut
1139 3565 1190 3624 ob·

429 3653 575 3713 observari
595 3651 700 3712 iaciant
718 3654 891 3713 sententiam
908 3669 924 3711 a
944 3655 1031 3712 bucio
1049 3657 1104 3712 PP.
1126 3653 1191 3728 (llll

324 3783 327 3790 .
429 3742 517 3800 latam
540 3743 570 3798 in
591 3743 785 3799 controversia
800 3743 875 3800 inter
891 3743 1043 3800 ecclesiam
1059 3745 1088 3801 S.
1103 3744 1190 3801 Seve-

429 3829 485 3886 rini
510 3835 539 3886 et
563 3827 810 3902 archiepiscopum
836 3829 1078 3904 burdegalensem
1105 3847 1192 3906 snper

429 3917 605 3976 institutione
615 3919 820 3976 canonicorum
830 3919 1016 3991 regularium.

433 4061 612 4129 Honorius,
625 4061 700 4134 etc„
717 4061 848 4124 dilectis
865 4061 942 4124 filiis
954 4062 1079 4127 decano
1095 4065 1127 4126 et
1138 4080 1191 4125 ca·

392 4159 497 4237 pitulo
510 4159 729 4236 Burdegalen.

432 4259 513 4318 Cum
527 4273 548 4319 a
561 4257 657 4320 nobis
668 4257 800 4336 petitur,
818 4257 893 4331 etc,
905 4274 1012 4334 usque
1026 4259 1191 4337 perduca-

391 4355 447 4417 tur
460 4354 624 4417 effectum.
642 4359 692 4417 Ex
708 4355 802 4432 parte
817 4355 980 4434 siquidem
995 4359 1106 4418 vestra
1127 4356 1189 4418 suit

389 4451 486 4513 nobis
501 4451 672 4513 humiliter
691 4453 923 4531 supplicatum,
935 4454 971 4516 ut
979 4453 1187 4516 diffinitivam

390 4549 599 4621 sententiam,
616 4565 715 4626 quarn
730 4549 837 4611 felicis
859 4551 1100 4613 recordationis
1116 4552 1187 4613 Lu-

390 4646 461 4707 cius
475 4650 564 4722 Papa
576 4646 801 4722 praedecessor
811 4648 924 4708 noster
938 4649 973 4708 in
988 4665 1100 4718 causa,
1113 4665 1187 4727 quae

392 4743 479 4804 inter
500 4743 646 4805 vestram
667 4744 700 4806 et
715 4745 827 4806 Sancti
853 4745 1003 4807 Severini
1027 4747 1186 4808 ecclesias

390 4855 490 4916 super
522 4838 759 4904 reformatione
794 4841 921 4905 ordinis
950 4843 1185 4906 canonicorum

387 4937 591 5013 regularium
606 4938 737 5001 indicta
751 4939 864 5002 Sancti
881 4941 1033 5004 Severini
1044 4942 1185 5004 ecclesia

387 5035 589 5108 vertebatur,
607 5036 748 5111 cognitis
763 5054 874 5100 causae
895 5037 1024 5101 meritis
1037 5041 1077 5101 de
1093 5055 1185 5102 com-

387 5133 479 5194 muni
494 5132 633 5194 fratrum
646 5150 783 5197 suorum
796 5135 935 5198 consilio
948 5136 1182 5214 promulgavit,

386 5232 419 5294 et
429 5232 528 5293 etiarn
541 5232 760 5306 confirmavit,
776 5234 956 5311 apostolico
970 5235 1185 5311 dignaremur

385 5329 567 5390 munimine
579 5329 750 5392 roborare.
760 5332 829 5391 Nos
844 5331 1182 5411 igiturvestrisjustis

385 5426 560 5502 postulatis
574 5428 669 5502 grato
685 5430 920 5491 concurrentes
938 5443 1089 5503 assensu,
1105 5447 1184 5492 seu-

385 5523 522 5585 tentiam
538 5523 655 5600 ipsam,
669 5542 768 5603 quam
782 5527 880 5604 prout
893 5525 926 5588 in
937 5528 1084 5604 ejusdem
1100 5544 1182 5608 prae·

1254 364 1438 427 decessoris
1451 365 1557 428 nostri
1574 371 1704 444 regesto
1717 369 1845 448 plenius
1859 383 2003 454 continetur

1254 462 1473 540 praesentibus
1488 464 1645 526 duximus
1660 465 1878 546 inserendam,
1892 483 2002 547 auctori.

1253 560 1321 621 tate
1334 560 1523 636 Apostolica
1550 563 1797 638 confirmamus,
1822 571 1854 631 et
1872 585 2003 648 praesentis

1254 657 1368 734 scripti
1382 658 1569 734 patrocinio
1580 663 1831 738 communimus,
1847 673 2004 746 cujustemr

1254 755 1304 816 est
1317 755 1405 816 talis.
1426 757 1560 829 Lucius
1582 759 1658 828 etc,
1673 761 1728 820 W.
1750 763 1972 847 archiepiscopo
1984 781 2004 839 0

1254 854 1291 912 (i.
1320 851 1456 926 decano,
1487 854 1521 915 et
1548 855 1694 932 capitulo
1722 859 2004 937 Burdogaleu.c11m

1254 948 1493 1023 controversia,
1519 967 1593 1028 quae
1615 952 1702 1014 inter
1716 956 1887 1020 ecclesiam
1900 966 2005 1030 vestrm

1253 1045 1286 1108 et
1300 1047 1476 1108 ecclesiam
1503 1050 1617 1112 Sancti
1632 1051 1785 1132 Severini
1800 1071 1894 1132 super
1906 1058 2005 1124 institu-

1253 1143 1343 1205 tione
1364 1145 1600 1208 canonicorum
1624 1148 1830 1224 regularium
1856 1156 2006 1221 vertebatur

1253 1241 1294 1302 ad
1323 1242 1471 1304 nostram
1499 1243 1704 1307 audientiam
1732 1249 1935 1326 pervenisset,
1953 1271 2003 1318 ean

1253 1337 1333 1400 olim
1346 1337 1419 1412 tibi,
1435 1337 1538 1402 frater
1550 1341 1812 1420 archiepiscope,
1823 1346 1855 1407 et
1866 1352 2007 1414 venerabili

1253 1433 1348 1496 fratri
1360 1437 1474 1498 nostro
1488 1438 1718 1500 lemovicensi
1734 1440 1883 1519 episcopo
1896 1447 2004 1508 audier-

1253 1531 1328 1593 dam
1343 1534 1579 1608 commisimus,
1602 1537 1635 1599 et
1654 1536 1722 1598 fine
1737 1537 1844 1600 debito
1859 1539 2006 1605 terminan-

1253 1629 1339 1692 dam.
1363 1632 1443 1692 Cum
1457 1633 1568 1696 autern
1581 1632 1641 1695 sub
1654 1635 1810 1696 examine
1821 1639 1920 1700 vestro
1931 1643 2006 1703 ratio

1253 1726 1351 1788 nibus
1367 1729 1539 1807 utriusque
1550 1731 1654 1808 partis
1668 1731 1873 1796 sufficienter
1884 1739 2005 1812 expositis

1253 1825 1337 1902 nibil
1350 1825 1441 1887 aliud
1457 1829 1655 1904 superesset,
1670 1828 1738 1890 nisi
1753 1833 1791 1891 ut
1802 1831 1947 1894 sententia
1956 1851 2006 1910 pro

1252 1921 1409 1998 ferretum
1426 1923 1551 2000 placuit
1572 1925 1724 2001 partibus
1745 1927 1780 1987 in
1802 1927 1930 1990 arbitros
1942 1945 2006 1990 con-

1252 2020 1444 2095 promittere
1453 2022 1486 2084 et
1496 2022 1824 2100 compromissionem
1839 2041 1922 2086 suan
1930 2043 2005 2102 pras·

1250 2116 1311 2178 tita
1328 2116 1493 2180 hincinde
1508 2119 1572 2181 fide
1585 2120 1733 2182 firmare.
1745 2121 1865 2183 Arbitri
1876 2139 1943 2184 vero
1953 2140 2004 2184 cun

1251 2217 1363 2277 essent
1380 2216 1532 2294 quatuor,
1552 2217 1621 2280 tres
1640 2233 1684 2280 ex
1703 2219 1765 2292 eis,
1777 2221 1887 2297 quarto
1904 2220 2002 2280 diesen

1250 2313 1363 2385 tiente,
1379 2313 1415 2374 in
1430 2330 1531 2376 unam
1541 2315 1741 2378 sententiam
1761 2319 1969 2388 convenerunt,
1983 2320 2004 2378 et
2038 2330 2039 2358 ³

1250 2409 1403 2472 arbitrati
1440 2412 1516 2474 sunt
1547 2413 1790 2491 inpraesentia
1818 2413 1902 2476 illius
1924 2413 2003 2490 quart
2039 2454 2040 2506 p

1250 2507 1445 2584 religionem
1455 2510 1692 2573 canonicorum
1701 2512 1897 2588 regularium
1905 2512 1934 2571 in
1945 2527 2003 2587 pre
2039 2563 2040 2572 ,

1250 2604 1337 2667 dicta
1347 2621 1422 2667 esse
1432 2608 1544 2670 Sancti
1556 2609 1709 2672 Severini
1717 2609 2002 2672 ecclesiarescrnau·

1250 2701 1337 2773 dam,
1354 2704 1456 2766 salvis
1468 2703 1661 2781 bonoribus,
1678 2709 1714 2770 et
1732 2707 1892 2770 beneflciis
1905 2705 2002 2767 secula

1248 2799 1336 2862 rium
1367 2801 1574 2876 clericorum,
1612 2803 1668 2882 qui
1707 2806 1786 2868 tunc
1821 2803 1956 2881 temporis
1977 2802 2000 2860 ir
2040 2820 2041 2888 p

1249 2898 1519 2961 eademecclesia
1541 2901 1785 2975 ministrabant,
1808 2901 1852 2966 ita
1867 2899 1940 2979 quod
1955 2898 2000 2958 illis
2040 2900 2041 2958 1

1249 2994 1494 3070 decedentibus,
1509 2998 1621 3060 nullus
1630 2999 1677 3061 ibi
1691 2999 1852 3062 decetero
1863 2998 1920 3059 nisi
1933 3009 2001 3070 regu·

1248 3091 1329 3154 laris
1344 3095 1524 3156 canonicus
1544 3097 1737 3173 poneretur.
1761 3098 1902 3159 Ceterum
1914 3093 1999 3154 abhoc

1247 3189 1386 3254 arbitrio
1408 3192 1552 3254 decanus
1578 3195 1690 3258 Sancti
1716 3195 1860 3258 Severini
1879 3187 2000 3254 cunira-

1247 3286 1353 3348 tribus
1372 3289 1442 3350 suis
1459 3289 1500 3350 ad
1520 3291 1639 3353 sedem
1651 3292 1870 3370 Apostolicam
1882 3285 1998 3366 appella·

1247 3384 1305 3457 vit,
1328 3401 1395 3448 non
1414 3387 1587 3450 attendens
1609 3389 1732 3466 quoda
1752 3383 1999 3467 compromissione

1246 3481 1281 3541 in
1294 3482 1437 3546 arbitros
1456 3484 1554 3560 facta,
1571 3490 1605 3548 et
1623 3486 1702 3549 fidei
1717 3485 1945 3565 interpositione
1955 3477 1998 3538 dr·

1246 3579 1335 3640 mata
1359 3596 1425 3644 non
1445 3585 1534 3645 esset
1554 3583 1603 3644 eis
1626 3585 1735 3648 tutum
1754 3587 1872 3648 temere
1888 3576 1997 3641 resilire.

1246 3678 1327 3738 Cum
1348 3693 1427 3754 ergo
1442 3681 1669 3744 controversia
1694 3683 1769 3746 baec
1786 3681 1841 3742 diu
1862 3675 1959 3739 brissei
1974 3671 1998 3730 in

1245 3775 1358 3838 nostro
1378 3775 1543 3838 auditorio
1556 3779 1732 3850 ventilata,
1748 3780 1788 3842 de
1805 3776 1934 3858 partium
1945 3771 1999 3830 tau-

1245 3870 1319 3933 dem
1334 3872 1541 3937 consessione
1557 3877 1785 3952 cognovimus,
1797 3873 1875 3954 quod
1887 3871 1996 3932 boemus

1246 3971 1359 4032 Sancti
1382 3971 1544 4046 Severini,
1568 3974 1711 4050 quicum
1735 3971 1892 4052 aliquibus
1903 3976 1996 4028 conca·

1245 4067 1439 4129 noricorum
1454 4085 1589 4132 suorum
1611 4070 1762 4134 habitum
1777 4062 1948 4143 susceperat
1957 4071 1996 4118 re·

1243 4165 1407 4240 gularem,
1441 4167 1477 4227 in
1509 4168 1625 4230 eodem
1650 4170 1767 4233 babitu
1803 4167 1883 4229 diem
1908 4151 1997 4221 clausit

1243 4261 1438 4336 extremum,
1462 4265 1495 4328 et
1519 4264 1606 4326 alius
1634 4265 1665 4328 ei
1693 4267 1836 4330 decanus
1857 4262 1890 4323 in
1912 4250 1997 4317 habitu

1243 4357 1403 4420 successit
1412 4359 1539 4432 eodem,
1555 4341 1998 4440 0011000110101000000010εἰ

1242 4453 1483 4516 iustitutionem
1514 4458 1717 4534 regularium
1749 4460 1783 4520 in
1813 4445 1941 4517 seculari
1963 4437 1998 4498 est

1241 4551 1356 4613 babitu
1371 4552 1565 4615 substitutus
1580 4556 1702 4631 praeter
1716 4560 1756 4620 R.
1771 4553 1826 4632 qui
1842 4558 1939 4612 coram
1953 4549 1998 4597 nv

1241 4647 1292 4708 bis
1307 4648 1341 4710 in
1364 4651 1523 4713 suscitata
1545 4652 1666 4714 exinde
1680 4635 1997 4717 controversiarum·

1240 4745 1306 4809 bat.
1324 4747 1510 4820 Unde-nos,
1527 4747 1580 4810 bis
1597 4750 1720 4814 auditis
1738 4753 1770 4813 et
1783 4738 1921 4821 cognitis,
1936 4742 1996 4833 ⁰⁰9·

1240 4843 1385 4905 siderata
1401 4845 1501 4906 etiam
1517 4845 1717 4909 discretione
1737 4848 1769 4908 et
1781 4833 1939 4924 prudentia
1950 4834 1995 4927 Plae

1239 4941 1479 5003 recordationis
1507 4946 1544 5004 G.
1580 4945 1745 5020 quondam
1777 4927 1995 5026 ΒιινᾱθίέἃῙθΠ,815

1239 5039 1490 5118 archiepiscopi,
1506 5041 1562 5119 qui
1576 5043 1632 5118 pio
1647 5043 1679 5104 et
1690 5038 1847 5105 imitando
1859 5017 1994 5124 0101108)ῑο

1239 5135 1273 5196 in
1285 5135 1424 5214 praefata
1439 5138 1579 5200 ecclesia
1596 5141 1709 5202 Sancti
1723 5129 1869 5202 Severini
1883 5120 1993 5191 rebem·

1237 5249 1313 5294 nem
1334 5233 1426 5295 illius
1451 5235 1578 5297 ordinis
1598 5235 1803 5308 instituerat,
1824 5211 1994 5290 attendentes

1237 5331 1336 5394 etiam
1364 5333 1633 5396 confirmationes
1655 5332 1920 5413 praedecessorum
1936 5319 1994 5417 {10³ss

1235 5428 1362 5490 trorum
1384 5429 1491 5492 felicis
1507 5433 1675 5494 memoriae
1690 5425 1826 5509 Eugenii
1841 5421 1871 5482 et
1884 5411 1993 5509 adriam

1237 5528 1462 5590 Romanorum
1478 5529 1688 5601 Pontificum,
1704 5530 1759 5612 qui
1780 5515 1934 5606 praefatam
1954 5511 1993 5557 ¹¹1·
