4234 6442
102 361 169 424 489

103 519 259 598 sigillum
275 537 371 584 suum
384 519 547 600 apposuit
561 518 671 582 Abbas
682 521 715 583 et
727 521 909 583 conventus

103 620 220 682 sancti
236 619 406 697 Stephani,
423 619 568 680 decanus
592 619 625 680 et
640 619 820 695 capitulum
836 634 910 695 oap-

103 716 219 793 pellee,
231 718 268 779 ut
282 717 344 779 hoo
358 718 468 778 ratum
480 716 516 778 in
536 717 704 794 posterum
718 714 906 789 haberetur,

104 814 223 890 sigilla
239 829 299 875 sua
321 813 475 876 similiter
487 815 644 892 praesenti
664 814 788 891 scripto
805 829 910 891 appo-

104 913 259 972 suerunt.
287 911 404 974 Actum
421 928 508 973 anno
523 913 640 989 gratiae
655 912 831 974 millesimo
847 911 909 972 du·

105 1008 292 1070 centesimo
328 1009 455 1071 decimo
486 1009 638 1086 septimo,
666 1025 779 1071 mense
807 1009 905 1071 maio.

104 1105 203 1166 Nulli
215 1120 305 1181 ergo,
319 1105 394 1178 etc,
408 1123 512 1184 usque
526 1129 533 1166 ε
545 1108 667 1168 nostrae
678 1107 907 1168 confirmatio-

105 1203 164 1262 nis
179 1201 373 1278 inlringere,
389 1203 442 1264 vel
458 1203 501 1276 ei,
516 1205 578 1264 etc.
593 1219 697 1281 usque
709 1225 716 1263 :
729 1203 905 1265 contraire.

107 1300 146 1360 Si
175 1299 249 1376 quis
271 1299 392 1373 autem,
422 1301 498 1370 etc„
526 1316 630 1377 usque
652 1323 659 1361 :
683 1300 905 1362 incursurum.

105 1397 230 1456 Datum
246 1395 415 1458 Ferentini
430 1397 529 1458 tertio
544 1397 620 1458 idus
633 1397 777 1474 augusti,
792 1397 906 1475 ponti-

107 1490 229 1553 ficatus
243 1491 350 1553 nostri
363 1507 451 1554 anno
461 1492 620 1556 secundo.

102 1822 371 1884 Adoblvaiemet
388 1824 595 1885 conventum
617 1824 730 1888 sancti
756 1827 906 1902 Beatqni

389 1922 619 1982 Divionense.

370 2052 401 2108 ll
418 2059 532 2124 august.
555 2051 634 2110 lili.

317 2173 426 2238 [Reqest.
440 2173 485 2226 lib.
500 2175 529 2233 ll,
544 2175 618 2240 epist.
631 2173 699 2240 tlte]

128 2291 295 2350 ¹Confirmat
313 2290 521 2349 absolutionem
537 2291 696 2350 Innocentii
712 2294 764 2362 ΙΙΙ,
782 2306 869 2366 super

260 2377 409 2452 cujusdam
426 2379 560 2436 monaehi
576 2381 749 2452 receptione.

145 2504 324 2577 Honorius,
341 2505 416 2577 etc,
428 2504 539 2568 abbati
547 2506 580 2566 et
587 2506 766 2568 conventui
776 2521 905 2568 monas·

102 2603 182 2664 terii
204 2602 312 2664 sancti
345 2603 487 2678 Benigni
516 2604 690 2666 Divionen.
718 2603 901 2680 lingonen.

104 2700 270 2772 dioecesis,
287 2699 440 2768 salutem,
457 2700 520 2762 etc.

146 2800 183 2858 ln
206 2795 328 2858 litteris
349 2797 552 2859 venerabilis
576 2797 691 2860 fratris
717 2800 820 2864 nostri
826 2843 899 2861 ......

105 2895 253 2972 episcopi
272 2894 458 2971 Lingonen.
474 2896 706 2974 prospeximus
726 2898 900 2972 contineri,

105 2992 192 3069 quod
220 3009 321 3070 quum
355 2991 463 3054 felicis
492 2995 660 3057 memoriae
689 2997 901 3059 Innocentius

105 3105 203 3166 papa,
229 3091 456 3167 praedecessor
483 3093 616 3164 noster„
634 3091 718 3154 olim
738 3092 807 3154 sihi
831 3095 901 3155 suis

104 3187 379 3250 dedissetlitteris
395 3188 430 3250 in
453 3190 630 3264 mandatis,
646 3193 682 3252 ut
705 3191 741 3254 si.
763 3193 900 3254 consta-

104 3287 155 3347 ret
169 3285 276 3347 eidem
290 3287 442 3364 quaedam
457 3304 530 3366 quae
541 3288 656 3351 contra
668 3291 707 3352 U.
721 3289 761 3352 de
775 3291 898 3368 Dreig„

104 3384 183 3445 tunc
214 3385 414 3446 monachum
440 3387 598 3459 vestrum,
627 3387 796 3465 proposita
822 3387 899 3449 iue-

103 3481 171 3542 rint
188 3497 269 3544 vera
290 3497 375 3555 esse,
389 3483 538 3558 ipsuma
559 3484 764 3545 monasterio
789 3485 899 3548 vestro

102 3579 233 3656 penitus
261 3580 442 3652 amoveret,
469 3580 585 3642 tama
614 3580 721 3658 capite
754 3597 851 3658 quam
880 3597 899 3643 a

102 3675 270 3748 membris
286 3675 320 3738 et
333 3677 467 3738 curaret
479 3677 515 3738 in
531 3677 597 3739 alio
617 3678 764 3755 ejusdem
790 3676 901 3741 obser·

102 3774 225 3836 vastiae
241 3775 443 3837 monasterio
458 3774 617 3837 collocari
644 3797 652 3836 ι
672 3775 743 3852 ipse
771 3775 899 3855 objecta

105 3872 210 3934 eidem
236 3888 297 3950 per
320 3871 484 3944 abbatam,
506 3873 651 3948 priorem
679 3875 712 3936 et
739 3874 898 3952 quosdam

104 3969 283 4031 monachos
307 3969 412 4046 ipsius
438 3969 504 4030 loci
533 3971 664 4048 juratos
693 3973 899 4050 comperiens

105 4081 179 4128 esse
190 4082 281 4140 vera,
293 4067 409 4144 ipsum
420 4067 545 4129 amovit
565 4084 585 4131 a
605 4069 742 4146 praelato
762 4086 898 4133 monas-

103 4163 185 4225 terio
201 4166 302 4226 tama
318 4165 537 4243 capitequam
566 4181 586 4227 a
614 4167 782 4240 membris,
800 4170 897 4248 juxta

104 4262 240 4324 formam
253 4263 288 4324 in
301 4261 585 4340 litterisejusdem
598 4266 703 4327 nostri
718 4265 899 4342 predeces-

104 4360 190 4422 soris
215 4375 420 4439 expressam,
450 4362 484 4423 et
512 4361 545 4422 ei
563 4361 642 4425 licet
668 4363 818 4441 recipere
837 4382 897 4429 re-

104 4457 230 4530 nuenti,
244 4458 353 4520 locum
379 4457 415 4518 in
442 4457 510 4520 alio
534 4458 681 4536 ejusdem
716 4459 896 4526 observan-

104 4551 157 4614 ttae
169 4555 370 4615 monasterio
381 4570 422 4616 se
443 4553 561 4617 obtulit
582 4557 812 4634 provisurum3
838 4575 898 4620 cu-

101 4650 158 4724 jus
180 4650 378 4712 amotionem
409 4651 496 4713 idem
531 4653 757 4729 praedecessor
783 4659 898 4719 noster

105 4745 309 4821 postmodum
321 4747 575 4822 recomparans,
589 4767 648 4813 vos
665 4768 765 4830 super
774 4770 896 4833 recep·

103 4841 191 4903 tione
205 4841 310 4918 ipsius
325 4842 366 4904 ab
381 4845 531 4920 ejusdem.
553 4849 714 4924 petitione
742 4851 893 4927 absolvit,

139 4969 178 5044 (l)
198 4971 273 5040 Quid
282 4973 319 5030 sit
331 4972 471 5031 absolutio
485 4992 571 5104 wssef
590 4981 753 5106 receptione
776 4997 813 5042 ex
832 4986 896 5058 ipso

104 5051 233 5100 contextu
250 5051 342 5116 potest
361 5045 490 5118 intelligi.

105 5115 223 5242 gisseni.
240 5113 268 5172 id
285 5121 327 5172 esi
340 5120 404 5186 post
417 5123 480 5172 vota
507 5118 623 5186 endsss,
655 5119 773 5180 incultas
802 5127 893 5198 possi-

123 5185 185 5242 cndi
199 5185 253 5243 ‘am
270 5185 373 5257 cuique
389 5187 503 5243 tollitur.
523 5190 624 5247 Omnis
651 5191 737 5264 igitur
757 5197 897 5268 regularis

105 5272 157 5340 non
170 5202 223 5340 sibi
234 5257 365 5330 acquirit,
380 5263 411 5314 ut
443 5258 532 5341 aiunt,
549 5259 598 5316 sed
610 5265 782 5321 monasterio
796 5269 894 5350 ecqui·

105 5335 147 5384 rrt.
161 5327 292 5398 Aliunde,
310 5336 515 5388 monasterium
532 5345 581 5402 per
593 5335 785 5404 receptionem
805 5351 897 5412 cujus·

105 5397 165 5456 dam
181 5399 295 5471 ligatur.
310 5415 397 5472 quarn
421 5400 554 5458 alimenta
578 5401 703 5462 vicissim
716 5413 745 5462 ot
763 5407 828 5466 vitre
844 5425 892 5467 ne·

105 5471 224 5527 cessaria
253 5469 354 5528 debeat
387 5471 414 5528 ei
448 5473 496 5543 qui
528 5472 697 5546 religionem
726 5478 894 5550 ingreditur.

107 5541 197 5608 Porro,
212 5542 236 5597 is
263 5541 313 5612 qui
337 5556 391 5600 nec
411 5541 497 5600 babet
523 5558 576 5600 nec
604 5545 709 5604 babere
733 5556 782 5606 sut
821 5551 894 5609 ossi·

106 5610 169 5669 dore
196 5618 298 5694 potest,
332 5613 360 5670 iu
385 5629 417 5670 se
434 5614 588 5672 transferre
614 5615 707 5676 debita
731 5628 838 5694 nequit,
868 5629 896 5680 et

106 5689 303 5740 monasterium
319 5683 411 5756 ipsum
423 5687 597 5745 exsolvendo
614 5688 768 5750 obnoxium
785 5693 896 5754 videtur

534 5054 580 5104 ost
604 5053 810 5121 procssionem
835 5057 897 5112 reli·

732 361 961 424 EPISTOLAE.
985 359 1063 422 LIB.
1087 362 1128 422 ΙΙ.

1701 364 1761 424 490

944 555 945 558 =
965 519 1052 582 siout
1064 535 1108 582 ex
1121 519 1215 598 parte
1228 519 1339 580 vestra
1355 517 1418 581 luit
1429 519 1634 596 propositum
1649 534 1762 582 coram

963 616 1071 690 nobis,
1101 619 1134 678 et
1159 617 1194 678 in
1221 616 1369 694 ejusdem
1394 617 1623 679 absolutionis.
1640 616 1761 680 litteris

964 713 1086 776 dicitur
1106 713 1281 776 contineri.
1309 717 1415 787 Quum
1442 715 1544 791 igitur
1565 715 1660 776 nobis
1683 732 1764 793 sup·

962 811 1167 890 plicaveritis
1209 811 1381 875 humiliter
1432 812 1465 874 et
1504 812 1684 886 instanter,
1726 815 1763 876 ut

963 909 1066 986 quieti
1081 909 1276 971 monasterii
1296 909 1410 982 vestri,
1428 911 1481 970 cui
1507 925 1550 971 ex
1573 911 1763 988 receptione

963 1007 1054 1069 illius
1068 1007 1138 1070 tum
1151 1007 1396 1084 proptermulta
1409 1007 1615 1086 debitaque
1624 1009 1758 1072 incaute

963 1104 1139 1176 contraxit,
1156 1106 1230 1166 tum
1250 1105 1385 1183 propter
1399 1121 1519 1170 causas
1543 1106 1628 1167 alias
1655 1123 1760 1182 grave

963 1201 1384 1278 dispendiumimmineret,
1398 1203 1574 1279 providere
1585 1219 1685 1282 super
1697 1205 1762 1268 hoc

962 1299 1223 1366 misericorditer
1263 1299 1499 1376 dignaremur3
1538 1316 1599 1361 uos
1641 1303 1761 1364 vestris
1810 1381 1814 1388 .

957 1397 1057 1474 Jusiis
1102 1396 1256 1473 precibus
1302 1396 1476 1470 inclinati,
1520 1396 1762 1461 absolutionem

961 1495 1066 1571 ipsius
1088 1494 1346 1572 praedecessoris
1367 1494 1474 1556 nostri
1496 1494 1603 1558 eidem
1627 1513 1764 1558 monas-

960 1592 1046 1654 terio
1068 1591 1180 1654 vestro
1206 1590 1339 1665 iactam,
1371 1592 1461 1662 sicut
1480 1592 1515 1654 in
1541 1595 1613 1671 ejus
1641 1593 1762 1658 litteris

961 1689 1762 1768 continetur‚,auctoritateApostolicaconflrma-
1871 1721 1874 1729 ·

961 1803 1049 1860 mus,
1062 1789 1095 1850 et
1109 1787 1265 1866 praesenti
1280 1787 1395 1865 scripti
1410 1789 1597 1866 patrocinio
1612 1807 1763 1853 commu-

961 1885 1081 1947 nimus.
1103 1885 1194 1949 Nulli
1210 1901 1302 1962 ergo,
1318 1886 1393 1960 etc,
1410 1902 1518 1962 usque
1531 1891 1654 1950 nostrae
1674 1905 1759 1950 con-

960 1983 1158 2044 firmationis
1185 1983 1380 2060 intringere,
1403 1984 1456 2046 vel
1486 1985 1528 2058 ei,
1552 1987 1628 2057 etc..
1651 2001 1759 2061 usque

960 2081 1137 2142 contraire.
1151 2080 1186 2141 Si
1200 2081 1274 2158 quis
1289 2081 1411 2154 erdem,
1429 2083 1504 2154 eto,
1516 2097 1624 2158 usque
1640 2084 1758 2146 incur-

959 2193 1086 2240 surum.
1098 2178 1217 2240 Datum
1231 2177 1403 2240 Ferentini
1414 2179 1511 2242 tertio
1526 2179 1601 2241 idus
1612 2181 1757 2258 augusti,

959 2275 1170 2353 pontificatus
1188 2276 1294 2338 nostri
1310 2291 1398 2338 anno
1413 2276 1559 2340 secundo
1576 2275 1635 2358 (1).

998 2472 1037 2531 In
1076 2471 1229 2533 eumdem
1264 2470 1334 2532 iere
1367 2472 1500 2536 modum
1536 2473 1695 2550 scriptum
1724 2476 1761 2537 ut

958 2581 1059 2644 supra
1084 2567 1269 2630 venerabili
1296 2567 1432 2631 fratri...
1459 2569 1625 2648 episcopo,
1651 2573 1685 2633 et
1705 2571 1759 2632 di-

958 2664 1054 2726 lectis
1090 2664 1168 2725 illlis
1199 2665 1359 2742 magistro
1391 2667 1431 2728 U.
1461 2665 1501 2728 de
1528 2668 1697 2738 Bormont,
1728 2669 1761 2731 et

957 2763 994 2822 0.
1009 2760 1049 2822 de
1062 2762 1247 2823 Mormento
1260 2761 1431 2824 canonicis
1452 2763 1634 2840 Lingonen.
1651 2781 1759 2840 osque

957 2857 1157 2919 continetur.
1175 2857 1318 2935 Ideoque
1344 2858 1537 2921 discretioni
1552 2861 1673 2923 vestrae
1699 2877 1759 2938 per

956 2954 1146 3031 Apostolioa
1186 2955 1310 3032 scripta
1356 2957 1552 3018 mandamus
1592 2959 1757 3036 quatenus

956 3051 1193 3114 monasterium
1211 3052 1320 3130 ipsum
1343 3069 1410 3116 non
1439 3055 1637 3131 permittatis
1657 3072 1758 3134 super

955 3148 1145 3227 receptione
1160 3149 1267 3227 ipsius
1283 3150 1324 3212 de
1338 3152 1458 3214 caetero
1471 3151 1618 3229 fatigari,
1639 3153 1757 3216 moles·

955 3246 1079 3309 tutores
1094 3248 1342 3325 ejusiudebitos
1358 3265 1499 3311 censura
1515 3251 1755 3326 ecclesiastica,

955 3343 1094 3407 sublato.
1126 3345 1358 3424 appellationis
1396 3346 1565 3410 obstaculo
1603 3365 1757 3427 compes-

955 3441 1070 3513 cando,
1078 3441 1272 3503 invocantes
1287 3443 1316 3503 si
1341 3459 1423 3520 opus
1451 3443 1553 3506 fuerit
1580 3442 1755 3508 brachium

955 3539 1126 3600 saeculare.
1138 3539 1229 3610 Quod
1246 3540 1275 3599 si
1290 3555 1356 3600 non
1370 3555 1495 3614 omnes
1507 3542 1583 3616 etc,
1599 3542 1637 3604 tu
1653 3543 1756 3606 irater

954 3635 1118 3713 episcope,
1133 3635 1195 3697 etc.
1213 3637 1331 3698 Datum
1344 3637 1381 3699 ut
1400 3653 1513 3716 supra.

966 3948 1019 4010 Aa
1031 3947 1457 4044 coaventummoaostemt
1470 3951 1601 4014 soractae
1613 3955 1740 4016 Morte

1222 4048 1491 4122 imbrcrttnensts.

1250 4169 1285 4226 tt
1297 4183 1364 4244 aug.
1378 4169 1457 4228 ltll.

953 4280 1105 4345 [Bullsri'um
1116 4281 1278 4342 Vaticanum,
1297 4289 1316 4333 t.
1328 4283 1348 4342 l,
1359 4299 1388 4348 p..
1405 4283 1460 4334 tlte.
1478 4283 1515 4335 lix
1531 4284 1642 4336 archivis
1666 4291 1750 4352 apost.

1187 4361 1214 4413 in
1222 4364 1319 4427 lieqest.
1332 4363 1434 4428 epistol.
1447 4364 1517 4442 biti]

952 4467 1180 4526 Controversiam
1198 4467 1272 4525 inter
1287 4476 1460 4527 conventum
1471 4465 1751 4532 monasteriisenetas

986 4556 1083 4614 Maria
1098 4555 1351 4629 l'yburtioensiset
1362 4559 1516 4617 canonicos
1531 4559 1656 4618 basilice
1671 4563 1748 4635 prin·

987 4644 1059 4718 cipis
1083 4645 1287 4718 Apostolorum
1312 4661 1398 4719 super
1437 4649 1621 4721 possessione
1660 4652 1751 4726 ipsius

987 4743 1153 4800 monasterii
1168 4743 1315 4818 vigentem
1330 4741 1447 4802 dirimit.

990 4861 1158 4922 Honorius
1197 4861 1386 4939 episcopus,
1422 4879 1538 4926 servus
1577 4881 1749 4929 servorum

951 4990 1043 5048 donec
1057 5007 1143 5064 super
1158 4994 1321 5065 receptione
1331 5007 1388 5051 non
1404 4991 1568 5050 absolvitur.
1585 4997 1647 5052 llac
1663 4996 1747 5056 abso·

950 5062 1057 5120 lutionc
1076 5063 1169 5118 onmis
1194 5061 1315 5136 juridica
1342 5063 1441 5120 relatio
1463 5065 1602 5137 rumpitur
1628 5083 1691 5140 quse
1712 5083 1750 5127 ex

951 5129 1127 5206 professione
1136 5133 1196 5205 ipsa
1217 5131 1351 5190 monachi
1365 5133 1546 5206 procedebat.

985 5203 1147 5261 Notandum
1161 5211 1298 5276 preterea
1322 5202 1357 5261 dc
1380 5204 1520 5278 ejectione
1540 5207 1747 5267 monachorum

951 5275 1748 5410 stillicidiisttlttflllteliltttllll

952 5417 1060 5472 Ferreri
1076 5415 1111 5472 de
1125 5417 1225 5489 ejecto,
1247 5361 1340 5488 qubus
1354 5417 1512 5475 dominium
1534 5426 1563 5478 et
1584 5419 1748 5481 facultatem

951 5486 1114 5558 possidendi
1148 5503 1154 5546 :
1178 5509 1188 5538 ι
1213 5487 1326 5561 Ejectus
1340 5504 1374 5546 ec
1395 5489 1461 5547 uirit
1484 5489 1577 5547 adbuc
1595 5491 1669 5550 bona
1687 5509 1749 5552 mo·

952 5559 1076 5614 uasterio
1107 5560 1153 5615 vel
1176 5559 1306 5642 religioni
1331 5505 1406 5617 unge
1428 5567 1471 5619 est
1496 5560 1613 5633 eJectus.
1651 5567 1749 5626 Potest

950 5635 1046 5685 tamen
1062 5627 1097 5686 dc
1117 5631 1262 5702 acquisitis
1276 5629 1428 5704 disponere
1449 5639 1531 5702 prout
1550 5640 1641 5692 status
1659 5638 1750 5712 exigit

950 5700 1041 5770 quood
1058 5700 1123 5762 vito
1144 5703 1312 5762 massoria.
1334 5703 1396 5766 llou
1418 5709 1625 5776 potestantem
1655 5706 1749 5768 lucere
