<?xml version="1.0" encoding="UTF-8"?>
<!DOCTYPE html PUBLIC "-//W3C//DTD XHTML 1.0 Transitional//EN"
    "http://www.w3.org/TR/xhtml1/DTD/xhtml1-transitional.dtd">
<html xmlns="http://www.w3.org/1999/xhtml" xml:lang="en" lang="en">
 <head>
  <title>
</title>
<meta http-equiv="Content-Type" content="text/html;charset=utf-8" />
  <meta name='ocr-system' content='tesseract 3.04.00' />
  <meta name='ocr-capabilities' content='ocr_page ocr_carea ocr_par ocr_line ocrx_word'/>
</head>
<body>
  <div class='ocr_page' id='page_1' title='image "./mediiaevibiblio02unkngoog_0557.png"; bbox 0 0 4162 6424; ppageno 0'>
   <div class='ocr_carea' id='block_1_1' title="bbox 331 199 2010 271">
    <p class='ocr_par' dir='ltr' id='par_1_1' title="bbox 331 199 2010 271">
     <span class='ocr_line' id='line_1_1' title="bbox 331 199 2010 271; baseline -0.002 0"><span class='ocrx_word' id='word_1_1' title='bbox 331 211 389 271; x_wconf 79' lang='lat'><strong>631</strong></span> <span class='ocrx_word' id='word_1_2' title='bbox 952 205 1127 268; x_wconf 80' lang='lat' dir='ltr'><strong>HONOIlIl</strong></span> <span class='ocrx_word' id='word_1_3' title='bbox 1150 205 1195 264; x_wconf 78' lang='grc' dir='ltr'><strong>ΙΙΙ</strong></span> <span class='ocrx_word' id='word_1_4' title='bbox 1217 199 1364 266; x_wconf 52' lang='lat' dir='ltr'><strong>OPERA,</strong></span> <span class='ocrx_word' id='word_1_5' title='bbox 1960 209 2010 266; x_wconf 64' lang='grc' dir='ltr'><strong>’ΞΔ</strong></span> 
     </span>
    </p>
   </div>
   <div class='ocr_carea' id='block_1_2' title="bbox 333 361 2010 446">
    <p class='ocr_par' dir='ltr' id='par_1_2' title="bbox 333 361 2010 446">
     <span class='ocr_line' id='line_1_2' title="bbox 333 361 2010 446; baseline -0.006 -14"><span class='ocrx_word' id='word_1_6' title='bbox 333 370 396 432; x_wconf 82' lang='lat' dir='ltr'><strong>tuit</strong></span> <span class='ocrx_word' id='word_1_7' title='bbox 409 367 587 431; x_wconf 87' lang='lat' dir='ltr'><strong>crudeliter</strong></span> <span class='ocrx_word' id='word_1_8' title='bbox 601 381 758 429; x_wconf 87' lang='lat' dir='ltr'><strong>exercere</strong></span> <span class='ocrx_word' id='word_1_9' title='bbox 774 365 833 446; x_wconf 88' lang='lat'>(1).</span> <span class='ocrx_word' id='word_1_10' title='bbox 852 367 894 428; x_wconf 89' lang='lat' dir='ltr'><strong>Ut</strong></span> <span class='ocrx_word' id='word_1_11' title='bbox 912 369 1021 428; x_wconf 87' lang='lat' dir='ltr'><strong>autem</strong></span> <span class='ocrx_word' id='word_1_12' title='bbox 1043 364 1125 426; x_wconf 90' lang='lat' dir='ltr'><strong>bre·</strong></span> <span class='ocrx_word' id='word_1_13' title='bbox 1181 380 1310 442; x_wconf 88' lang='lat' dir='ltr'><strong>quaque</strong></span> <span class='ocrx_word' id='word_1_14' title='bbox 1332 361 1506 424; x_wconf 82' lang='lat' dir='ltr'><strong>conterens</strong></span> <span class='ocrx_word' id='word_1_15' title='bbox 1521 365 1554 424; x_wconf 88' lang='lat' dir='ltr'><strong>et</strong></span> <span class='ocrx_word' id='word_1_16' title='bbox 1577 363 1734 441; x_wconf 75' lang='lat' dir='ltr'><strong>qidetem,</strong></span> <span class='ocrx_word' id='word_1_17' title='bbox 1763 377 1812 423; x_wconf 86' lang='lat' dir='ltr'><strong>eo</strong></span> <span class='ocrx_word' id='word_1_18' title='bbox 1839 362 1946 438; x_wconf 84' lang='lat' dir='ltr'><strong>qnod</strong></span> <span class='ocrx_word' id='word_1_19' title='bbox 1968 365 2010 423; x_wconf 75' lang='lat' dir='ltr'><strong>di-</strong></span> 
     </span>
    </p>
   </div>
   <div class='ocr_carea' id='block_1_3' title="bbox 226 459 2012 543">
    <p class='ocr_par' dir='ltr' id='par_1_3' title="bbox 226 459 2012 543">
     <span class='ocr_line' id='line_1_3' title="bbox 226 459 2012 543; baseline -0.005 -13"><span class='ocrx_word' id='word_1_20' title='bbox 226 491 228 495; x_wconf 92' lang='lat'>·</span> <span class='ocrx_word' id='word_1_21' title='bbox 331 463 1127 543; x_wconf 79' lang='lat' dir='ltr'><strong>vitertranseamusquoddomumchstrepcut</strong></span> <span class='ocrx_word' id='word_1_22' title='bbox 1181 461 1263 523; x_wconf 89' lang='lat' dir='ltr'><strong>lexit</strong></span> <span class='ocrx_word' id='word_1_23' title='bbox 1282 461 1459 538; x_wconf 87' lang='lat' dir='ltr'><strong>justitiam,</strong></span> <span class='ocrx_word' id='word_1_24' title='bbox 1479 459 1650 522; x_wconf 89' lang='lat' dir='ltr'><strong>liberando</strong></span> <span class='ocrx_word' id='word_1_25' title='bbox 1673 474 1882 538; x_wconf 78' lang='lat' dir='ltr'>pauperem</span> <span class='ocrx_word' id='word_1_26' title='bbox 1914 475 1938 519; x_wconf 87' lang='lat' dir='ltr'><strong>a</strong></span> <span class='ocrx_word' id='word_1_27' title='bbox 1961 479 2012 536; x_wconf 69' lang='lat' dir='ltr'><strong>pc-</strong></span> 
     </span>
    </p>
   </div>
   <div class='ocr_carea' id='block_1_4' title="bbox 270 557 2018 5407">
    <p class='ocr_par' dir='ltr' id='par_1_4' title="bbox 270 557 2018 5407">
     <span class='ocr_line' id='line_1_4' title="bbox 332 557 2008 642; baseline -0.007 -14"><span class='ocrx_word' id='word_1_28' title='bbox 332 564 552 642; x_wconf 86' lang='lat' dir='ltr'><strong>episcopalem</strong></span> <span class='ocrx_word' id='word_1_29' title='bbox 577 579 638 640; x_wconf 92' lang='lat' dir='ltr'><strong>per</strong></span> <span class='ocrx_word' id='word_1_30' title='bbox 660 579 738 624; x_wconf 88' lang='lat' dir='ltr'><strong>snos</strong></span> <span class='ocrx_word' id='word_1_31' title='bbox 763 562 841 623; x_wconf 87' lang='lat' dir='ltr'><strong>tecit</strong></span> <span class='ocrx_word' id='word_1_32' title='bbox 864 561 1013 637; x_wconf 77' lang='lat' dir='ltr'><strong>infringi,</strong></span> <span class='ocrx_word' id='word_1_33' title='bbox 1039 559 1124 622; x_wconf 91' lang='lat' dir='ltr'><strong>bona</strong></span> <span class='ocrx_word' id='word_1_34' title='bbox 1181 559 1280 631; x_wconf 85' lang='lat' dir='ltr'><strong>tenta,</strong></span> <span class='ocrx_word' id='word_1_35' title='bbox 1304 575 1343 620; x_wconf 90' lang='lat' dir='ltr'><strong>ac</strong></span> <span class='ocrx_word' id='word_1_36' title='bbox 1367 557 1506 619; x_wconf 85' lang='lat' dir='ltr'><strong>liberam</strong></span> <span class='ocrx_word' id='word_1_37' title='bbox 1531 557 1653 619; x_wconf 83' lang='lat' dir='ltr'><strong>Christi</strong></span> <span class='ocrx_word' id='word_1_38' title='bbox 1677 573 1858 635; x_wconf 82' lang='lat' dir='ltr'><strong>sponsam</strong></span> <span class='ocrx_word' id='word_1_39' title='bbox 1893 573 1918 617; x_wconf 90' lang='lat' dir='ltr'><strong>a</strong></span> <span class='ocrx_word' id='word_1_40' title='bbox 1948 563 2008 617; x_wconf 72' lang='lat' dir='ltr'><strong>sn‘·</strong></span> 
     </span>
     <span class='ocr_line' id='line_1_5' title="bbox 331 655 2009 740; baseline -0.005 -17"><span class='ocrx_word' id='word_1_41' title='bbox 331 663 441 738; x_wconf 82' lang='lat' dir='ltr'><strong>rapuit</strong></span> <span class='ocrx_word' id='word_1_42' title='bbox 456 677 528 740; x_wconf 86' lang='lat' dir='ltr'><strong>quae</strong></span> <span class='ocrx_word' id='word_1_43' title='bbox 545 661 678 722; x_wconf 82' lang='lat' dir='ltr'><strong>inventa</strong></span> <span class='ocrx_word' id='word_1_44' title='bbox 701 660 835 721; x_wconf 84' lang='lat' dir='ltr'><strong>luerunt</strong></span> <span class='ocrx_word' id='word_1_45' title='bbox 850 657 983 730; x_wconf 81' lang='lat' dir='ltr'><strong>ibidem,</strong></span> <span class='ocrx_word' id='word_1_46' title='bbox 999 657 1126 719; x_wconf 84' lang='lat' dir='ltr'><strong>fossata</strong></span> <span class='ocrx_word' id='word_1_47' title='bbox 1182 655 1637 732; x_wconf 85' lang='lat' dir='ltr'><strong>oppressionibusliberavit:</strong></span> <span class='ocrx_word' id='word_1_48' title='bbox 1654 657 1712 733; x_wconf 91' lang='lat' dir='ltr'><strong>qui</strong></span> <span class='ocrx_word' id='word_1_49' title='bbox 1724 658 1829 716; x_wconf 86' lang='lat' dir='ltr'><strong>Deus</strong></span> <span class='ocrx_word' id='word_1_50' title='bbox 1845 657 1885 715; x_wconf 90' lang='lat' dir='ltr'><strong>et</strong></span> <span class='ocrx_word' id='word_1_51' title='bbox 1896 657 2009 716; x_wconf 83' lang='lat' dir='ltr'><strong>Donn-</strong></span> 
     </span>
     <span class='ocr_line' id='line_1_6' title="bbox 330 752 2009 836; baseline -0.004 -16"><span class='ocrx_word' id='word_1_52' title='bbox 330 759 429 836; x_wconf 92' lang='lat' dir='ltr'><strong>rupit,</strong></span> <span class='ocrx_word' id='word_1_53' title='bbox 455 757 489 820; x_wconf 91' lang='lat' dir='ltr'><strong>et</strong></span> <span class='ocrx_word' id='word_1_54' title='bbox 513 758 645 820; x_wconf 88' lang='lat' dir='ltr'><strong>tandem</strong></span> <span class='ocrx_word' id='word_1_55' title='bbox 670 758 817 818; x_wconf 82' lang='lat' dir='ltr'><strong>castrum</strong></span> <span class='ocrx_word' id='word_1_56' title='bbox 840 756 945 832; x_wconf 89' lang='lat' dir='ltr'><strong>ipsius</strong></span> <span class='ocrx_word' id='word_1_57' title='bbox 967 755 1124 832; x_wconf 84' lang='lat' dir='ltr'><strong>episcopi,</strong></span> <span class='ocrx_word' id='word_1_58' title='bbox 1182 770 1245 815; x_wconf 88' lang='lat' dir='ltr'><strong>nus</strong></span> <span class='ocrx_word' id='word_1_59' title='bbox 1274 752 1430 815; x_wconf 83' lang='lat' dir='ltr'><strong>liberabit</strong></span> <span class='ocrx_word' id='word_1_60' title='bbox 1458 754 1558 816; x_wconf 85' lang='lat' dir='ltr'><strong>etiam</strong></span> <span class='ocrx_word' id='word_1_61' title='bbox 1588 753 1840 815; x_wconf 88' lang='lat' dir='ltr'><strong>excellentiam</strong></span> <span class='ocrx_word' id='word_1_62' title='bbox 1877 755 2009 828; x_wconf 73' lang='lat' dir='ltr'><strong>regia-a</strong></span> 
     </span>
     <span class='ocr_line' id='line_1_7' title="bbox 329 851 2010 935; baseline -0.004 -16"><span class='ocrx_word' id='word_1_63' title='bbox 329 857 416 935; x_wconf 90' lang='lat' dir='ltr'><strong>quod</strong></span> <span class='ocrx_word' id='word_1_64' title='bbox 451 859 591 918; x_wconf 84' lang='lat' dir='ltr'><strong>Ptvcrts</strong></span> <span class='ocrx_word' id='word_1_65' title='bbox 626 855 757 926; x_wconf 90' lang='lat' dir='ltr'><strong>dicitur,</strong></span> <span class='ocrx_word' id='word_1_66' title='bbox 794 854 882 915; x_wconf 86' lang='lat' dir='ltr'><strong>intra</strong></span> <span class='ocrx_word' id='word_1_67' title='bbox 915 855 1126 915; x_wconf 66' lang='lat' dir='ltr'><strong>securitatem</strong></span> <span class='ocrx_word' id='word_1_68' title='bbox 1182 851 1493 930; x_wconf 88' lang='lat' dir='ltr'><strong>semperabimpstn</strong></span> <span class='ocrx_word' id='word_1_69' title='bbox 1504 851 1699 925; x_wconf 74' lang='lat' dir='ltr'><strong>hostiumst</strong></span> <span class='ocrx_word' id='word_1_70' title='bbox 1710 851 2010 929; x_wconf 73' lang='lat' dir='ltr'><strong>persistatlibsrs</strong></span> 
     </span>
     <span class='ocr_line' id='line_1_8' title="bbox 330 949 2009 1031; baseline -0.003 -17"><span class='ocrx_word' id='word_1_71' title='bbox 330 954 475 1031; x_wconf 88' lang='lat' dir='ltr'><strong>quamsi</strong></span> <span class='ocrx_word' id='word_1_72' title='bbox 497 953 538 1014; x_wconf 90' lang='lat' dir='ltr'><strong>ad</strong></span> <span class='ocrx_word' id='word_1_73' title='bbox 562 952 754 1014; x_wconf 89' lang='lat' dir='ltr'><strong>mandatnm</strong></span> <span class='ocrx_word' id='word_1_74' title='bbox 770 951 898 1028; x_wconf 88' lang='lat' dir='ltr'><strong>regium</strong></span> <span class='ocrx_word' id='word_1_75' title='bbox 914 949 1124 1028; x_wconf 85' lang='lat' dir='ltr'><strong>praestiterat,</strong></span> <span class='ocrx_word' id='word_1_76' title='bbox 1181 951 1216 1010; x_wconf 95' lang='lat' dir='ltr'><strong>in</strong></span> <span class='ocrx_word' id='word_1_77' title='bbox 1237 949 1490 1010; x_wconf 88' lang='lat' dir='ltr'><strong>liberationibus</strong></span> <span class='ocrx_word' id='word_1_78' title='bbox 1505 965 1744 1026; x_wconf 89' lang='lat' dir='ltr'><strong>oppressorum</strong></span> <span class='ocrx_word' id='word_1_79' title='bbox 1766 951 1807 1010; x_wconf 88' lang='lat' dir='ltr'><strong>et</strong></span> <span class='ocrx_word' id='word_1_80' title='bbox 1825 949 2009 1010; x_wconf 39' lang='lat' dir='ltr'><strong>ecclesiae</strong></span> 
     </span>
     <span class='ocr_line' id='line_1_9' title="bbox 330 1046 2006 1128; baseline -0.003 -15"><span class='ocrx_word' id='word_1_81' title='bbox 330 1050 533 1128; x_wconf 91' lang='lat' dir='ltr'><strong>occupando,</strong></span> <span class='ocrx_word' id='word_1_82' title='bbox 549 1049 702 1111; x_wconf 89' lang='lat' dir='ltr'><strong>homines</strong></span> <span class='ocrx_word' id='word_1_83' title='bbox 719 1051 791 1126; x_wconf 77' lang='lat' dir='ltr'><strong>eius</strong></span> <span class='ocrx_word' id='word_1_84' title='bbox 810 1049 851 1110; x_wconf 92' lang='lat' dir='ltr'><strong>ad</strong></span> <span class='ocrx_word' id='word_1_85' title='bbox 866 1047 1126 1126; x_wconf 84' lang='lat' dir='ltr'><strong>redemptionem</strong></span> <span class='ocrx_word' id='word_1_86' title='bbox 1181 1047 1247 1108; x_wconf 88' lang='lat' dir='ltr'><strong>tica</strong></span> <span class='ocrx_word' id='word_1_87' title='bbox 1272 1046 1425 1109; x_wconf 87' lang='lat' dir='ltr'><strong>libertate</strong></span> <span class='ocrx_word' id='word_1_88' title='bbox 1454 1046 1598 1115; x_wconf 89' lang='lat' dir='ltr'><strong>tuenda,</strong></span> <span class='ocrx_word' id='word_1_89' title='bbox 1627 1049 1659 1108; x_wconf 89' lang='lat' dir='ltr'><strong>et</strong></span> <span class='ocrx_word' id='word_1_90' title='bbox 1682 1047 1852 1124; x_wconf 88' lang='lat' dir='ltr'><strong>insuper,</strong></span> <span class='ocrx_word' id='word_1_91' title='bbox 1886 1063 2006 1108; x_wconf 78' lang='lat' dir='ltr'><strong>cuma</strong></span> 
     </span>
     <span class='ocr_line' id='line_1_10' title="bbox 330 1142 2006 1223; baseline -0.003 -14"><span class='ocrx_word' id='word_1_92' title='bbox 330 1147 449 1223; x_wconf 87' lang='lat' dir='ltr'><strong>coegit,</strong></span> <span class='ocrx_word' id='word_1_93' title='bbox 457 1145 1127 1210; x_wconf 83' lang='lat' dir='ltr'><strong>ecclesiistractisetcanonicisinhoneste</strong></span> <span class='ocrx_word' id='word_1_94' title='bbox 1182 1144 1293 1206; x_wconf 90' lang='lat' dir='ltr'><strong>carnis</strong></span> <span class='ocrx_word' id='word_1_95' title='bbox 1306 1159 1441 1206; x_wconf 87' lang='lat' dir='ltr'><strong>carcere</strong></span> <span class='ocrx_word' id='word_1_96' title='bbox 1458 1142 1618 1205; x_wconf 89' lang='lat' dir='ltr'><strong>liberatus</strong></span> <span class='ocrx_word' id='word_1_97' title='bbox 1634 1144 1749 1216; x_wconf 86' lang='lat' dir='ltr'><strong>luerit,</strong></span> <span class='ocrx_word' id='word_1_98' title='bbox 1767 1143 1820 1205; x_wconf 88' lang='lat' dir='ltr'><strong>ad</strong></span> <span class='ocrx_word' id='word_1_99' title='bbox 1839 1147 2006 1204; x_wconf 71' lang='lat' dir='ltr'><strong>aster-nan</strong></span> 
     </span>
     <span class='ocr_line' id='line_1_11' title="bbox 328 1240 1639 1325; baseline -0.006 -17"><span class='ocrx_word' id='word_1_100' title='bbox 328 1246 490 1325; x_wconf 84' lang='lat' dir='ltr'><strong>tractatis,</strong></span> <span class='ocrx_word' id='word_1_101' title='bbox 514 1245 649 1307; x_wconf 86' lang='lat' dir='ltr'><strong>cantore</strong></span> <span class='ocrx_word' id='word_1_102' title='bbox 671 1245 776 1322; x_wconf 90' lang='lat' dir='ltr'><strong>ipsius</strong></span> <span class='ocrx_word' id='word_1_103' title='bbox 797 1243 947 1306; x_wconf 87' lang='lat' dir='ltr'><strong>ecclesiae</strong></span> <span class='ocrx_word' id='word_1_104' title='bbox 963 1259 1067 1320; x_wconf 89' lang='lat' dir='ltr'><strong>nsque</strong></span> <span class='ocrx_word' id='word_1_105' title='bbox 1085 1242 1127 1303; x_wconf 88' lang='lat' dir='ltr'><strong>ad</strong></span> <span class='ocrx_word' id='word_1_106' title='bbox 1182 1257 1257 1302; x_wconf 91' lang='lat' dir='ltr'><strong>enm</strong></span> <span class='ocrx_word' id='word_1_107' title='bbox 1270 1240 1430 1318; x_wconf 88' lang='lat' dir='ltr'><strong>provehet</strong></span> <span class='ocrx_word' id='word_1_108' title='bbox 1442 1240 1639 1302; x_wconf 86' lang='lat' dir='ltr'><strong>libertatem.</strong></span> 
     </span>
     <span class='ocr_line' id='line_1_12' title="bbox 329 1338 2005 1418; baseline -0.003 -14"><span class='ocrx_word' id='word_1_109' title='bbox 329 1342 527 1404; x_wconf 81' lang='lat' dir='ltr'><strong>effusionem</strong></span> <span class='ocrx_word' id='word_1_110' title='bbox 547 1341 722 1418; x_wconf 88' lang='lat' dir='ltr'><strong>sanguinis</strong></span> <span class='ocrx_word' id='word_1_111' title='bbox 743 1341 928 1412; x_wconf 88' lang='lat' dir='ltr'><strong>verberato,</strong></span> <span class='ocrx_word' id='word_1_112' title='bbox 951 1341 1072 1416; x_wconf 83' lang='lat' dir='ltr'><strong>praeter</strong></span> <span class='ocrx_word' id='word_1_113' title='bbox 1093 1339 1126 1399; x_wconf 92' lang='lat' dir='ltr'><strong>id</strong></span> <span class='ocrx_word' id='word_1_114' title='bbox 1223 1341 1429 1416; x_wconf 88' lang='lat' dir='ltr'><strong>Quapropter</strong></span> <span class='ocrx_word' id='word_1_115' title='bbox 1448 1338 1621 1400; x_wconf 87' lang='lat' dir='ltr'><strong>serenitati</strong></span> <span class='ocrx_word' id='word_1_116' title='bbox 1644 1339 1750 1414; x_wconf 83' lang='lat' dir='ltr'><strong>regiae</strong></span> <span class='ocrx_word' id='word_1_117' title='bbox 1771 1355 1846 1416; x_wconf 89' lang='lat' dir='ltr'><strong>per</strong></span> <span class='ocrx_word' id='word_1_118' title='bbox 1874 1339 2005 1400; x_wconf 75' lang='lat' dir='ltr'><strong>litteras</strong></span> 
     </span>
     <span class='ocr_line' id='line_1_13' title="bbox 329 1435 2000 1516; baseline -0.002 -16"><span class='ocrx_word' id='word_1_119' title='bbox 329 1439 416 1516; x_wconf 92' lang='lat' dir='ltr'><strong>qnod</strong></span> <span class='ocrx_word' id='word_1_120' title='bbox 432 1440 587 1516; x_wconf 89' lang='lat' dir='ltr'><strong>episcopo</strong></span> <span class='ocrx_word' id='word_1_121' title='bbox 608 1439 685 1516; x_wconf 91' lang='lat' dir='ltr'><strong>ipsi,</strong></span> <span class='ocrx_word' id='word_1_122' title='bbox 706 1441 803 1516; x_wconf 88' lang='lat' dir='ltr'><strong>cujus</strong></span> <span class='ocrx_word' id='word_1_123' title='bbox 819 1437 1014 1513; x_wconf 88' lang='lat' dir='ltr'><strong>sanguinem</strong></span> <span class='ocrx_word' id='word_1_124' title='bbox 1034 1435 1128 1496; x_wconf 89' lang='lat' dir='ltr'><strong>vide-</strong></span> <span class='ocrx_word' id='word_1_125' title='bbox 1182 1437 1314 1496; x_wconf 91' lang='lat' dir='ltr'><strong>nostras</strong></span> <span class='ocrx_word' id='word_1_126' title='bbox 1330 1437 1469 1512; x_wconf 89' lang='lat' dir='ltr'><strong>paterna</strong></span> <span class='ocrx_word' id='word_1_127' title='bbox 1491 1435 1665 1497; x_wconf 89' lang='lat' dir='ltr'><strong>dulcedine</strong></span> <span class='ocrx_word' id='word_1_128' title='bbox 1673 1435 1876 1496; x_wconf 88' lang='lat' dir='ltr'><strong>suademus</strong></span> <span class='ocrx_word' id='word_1_129' title='bbox 1893 1440 1932 1497; x_wconf 87' lang='lat' dir='ltr'><strong>et</strong></span> <span class='ocrx_word' id='word_1_130' title='bbox 1946 1437 2000 1496; x_wconf 91' lang='lat' dir='ltr'><strong>ob-</strong></span> 
     </span>
     <span class='ocr_line' id='line_1_14' title="bbox 270 1532 2000 1611; baseline -0.002 -13"><span class='ocrx_word' id='word_1_131' title='bbox 270 1593 276 1598; x_wconf 91' lang='lat'>.</span> <span class='ocrx_word' id='word_1_132' title='bbox 328 1535 427 1597; x_wconf 90' lang='lat' dir='ltr'><strong>batur</strong></span> <span class='ocrx_word' id='word_1_133' title='bbox 449 1536 555 1607; x_wconf 89' lang='lat' dir='ltr'><strong>sitire,</strong></span> <span class='ocrx_word' id='word_1_134' title='bbox 580 1535 720 1597; x_wconf 89' lang='lat' dir='ltr'><strong>insidias</strong></span> <span class='ocrx_word' id='word_1_135' title='bbox 737 1534 847 1611; x_wconf 90' lang='lat' dir='ltr'><strong>posuit</strong></span> <span class='ocrx_word' id='word_1_136' title='bbox 861 1537 895 1594; x_wconf 89' lang='lat' dir='ltr'><strong>et</strong></span> <span class='ocrx_word' id='word_1_137' title='bbox 917 1533 984 1594; x_wconf 90' lang='lat' dir='ltr'><strong>alia</strong></span> <span class='ocrx_word' id='word_1_138' title='bbox 1006 1533 1126 1593; x_wconf 91' lang='lat' dir='ltr'><strong>damna</strong></span> <span class='ocrx_word' id='word_1_139' title='bbox 1182 1548 1351 1594; x_wconf 85' lang='lat' dir='ltr'><strong>sacramus</strong></span> <span class='ocrx_word' id='word_1_140' title='bbox 1380 1532 1415 1593; x_wconf 93' lang='lat' dir='ltr'><strong>in</strong></span> <span class='ocrx_word' id='word_1_141' title='bbox 1443 1533 1594 1604; x_wconf 91' lang='lat' dir='ltr'><strong>Domino,</strong></span> <span class='ocrx_word' id='word_1_142' title='bbox 1624 1534 1669 1604; x_wconf 92' lang='lat' dir='ltr'><strong>ut,</strong></span> <span class='ocrx_word' id='word_1_143' title='bbox 1698 1549 1737 1594; x_wconf 89' lang='lat' dir='ltr'><strong>se</strong></span> <span class='ocrx_word' id='word_1_144' title='bbox 1767 1533 1843 1594; x_wconf 88' lang='lat' dir='ltr'><strong>sub</strong></span> <span class='ocrx_word' id='word_1_145' title='bbox 1877 1537 2000 1610; x_wconf 76' lang='lat' dir='ltr'><strong>potent</strong></span> 
     </span>
     <span class='ocr_line' id='line_1_15' title="bbox 329 1629 1997 1710; baseline -0.002 -15"><span class='ocrx_word' id='word_1_146' title='bbox 329 1633 434 1695; x_wconf 88' lang='lat' dir='ltr'><strong>multa</strong></span> <span class='ocrx_word' id='word_1_147' title='bbox 448 1633 572 1705; x_wconf 91' lang='lat' dir='ltr'><strong>intulit,</strong></span> <span class='ocrx_word' id='word_1_148' title='bbox 587 1649 660 1710; x_wconf 88' lang='lat' dir='ltr'><strong>quae</strong></span> <span class='ocrx_word' id='word_1_149' title='bbox 671 1647 833 1694; x_wconf 89' lang='lat' dir='ltr'><strong>enarrare</strong></span> <span class='ocrx_word' id='word_1_150' title='bbox 841 1645 900 1708; x_wconf 91' lang='lat' dir='ltr'><strong>per</strong></span> <span class='ocrx_word' id='word_1_151' title='bbox 912 1629 1044 1707; x_wconf 88' lang='lat' dir='ltr'><strong>singula</strong></span> <span class='ocrx_word' id='word_1_152' title='bbox 1052 1629 1128 1690; x_wconf 91' lang='lat' dir='ltr'><strong>lon·</strong></span> <span class='ocrx_word' id='word_1_153' title='bbox 1182 1645 1283 1691; x_wconf 87' lang='lat' dir='ltr'><strong>mann</strong></span> <span class='ocrx_word' id='word_1_154' title='bbox 1297 1631 1356 1692; x_wconf 85' lang='lat' dir='ltr'><strong>Dei</strong></span> <span class='ocrx_word' id='word_1_155' title='bbox 1375 1645 1506 1706; x_wconf 89' lang='lat' dir='ltr'><strong>semper</strong></span> <span class='ocrx_word' id='word_1_156' title='bbox 1522 1629 1715 1702; x_wconf 88' lang='lat' dir='ltr'><strong>humilians,</strong></span> <span class='ocrx_word' id='word_1_157' title='bbox 1733 1631 1770 1692; x_wconf 92' lang='lat' dir='ltr'><strong>et</strong></span> <span class='ocrx_word' id='word_1_158' title='bbox 1792 1631 1840 1691; x_wconf 87' lang='lat' dir='ltr'><strong>in</strong></span> <span class='ocrx_word' id='word_1_159' title='bbox 1865 1632 1997 1692; x_wconf 85' lang='lat' dir='ltr'><strong>exalta-</strong></span> 
     </span>
     <span class='ocr_line' id='line_1_16' title="bbox 328 1727 1997 1808; baseline -0.002 -17"><span class='ocrx_word' id='word_1_160' title='bbox 328 1747 406 1806; x_wconf 84' lang='lat' dir='ltr'><strong>gum</strong></span> <span class='ocrx_word' id='word_1_161' title='bbox 426 1731 523 1793; x_wconf 89' lang='lat' dir='ltr'><strong>esset.</strong></span> <span class='ocrx_word' id='word_1_162' title='bbox 552 1731 631 1802; x_wconf 91' lang='lat' dir='ltr'><strong>Quis</strong></span> <span class='ocrx_word' id='word_1_163' title='bbox 653 1745 799 1808; x_wconf 85' lang='lat' dir='ltr'><strong>unquam</strong></span> <span class='ocrx_word' id='word_1_164' title='bbox 823 1729 859 1789; x_wconf 93' lang='lat' dir='ltr'><strong>in</strong></span> <span class='ocrx_word' id='word_1_165' title='bbox 885 1729 1030 1806; x_wconf 84' lang='lat' dir='ltr'><strong>aliquem</strong></span> <span class='ocrx_word' id='word_1_166' title='bbox 1054 1728 1126 1788; x_wconf 91' lang='lat' dir='ltr'><strong>sine</strong></span> <span class='ocrx_word' id='word_1_167' title='bbox 1181 1728 1271 1789; x_wconf 92' lang='lat' dir='ltr'><strong>tione</strong></span> <span class='ocrx_word' id='word_1_168' title='bbox 1285 1727 1473 1803; x_wconf 88' lang='lat' dir='ltr'><strong>recogitans</strong></span> <span class='ocrx_word' id='word_1_169' title='bbox 1485 1727 1561 1790; x_wconf 86' lang='lat' dir='ltr'><strong>tlnis</strong></span> <span class='ocrx_word' id='word_1_170' title='bbox 1574 1727 1640 1800; x_wconf 86' lang='lat' dir='ltr'><strong>sui,</strong></span> <span class='ocrx_word' id='word_1_171' title='bbox 1649 1743 1691 1788; x_wconf 92' lang='lat' dir='ltr'><strong>ne</strong></span> <span class='ocrx_word' id='word_1_172' title='bbox 1704 1729 1837 1805; x_wconf 88' lang='lat' dir='ltr'><strong>pereat</strong></span> <span class='ocrx_word' id='word_1_173' title='bbox 1851 1728 1891 1788; x_wconf 95' lang='lat' dir='ltr'><strong>in</strong></span> <span class='ocrx_word' id='word_1_174' title='bbox 1906 1733 1997 1788; x_wconf 76' lang='lat' dir='ltr'><strong>aster-</strong></span> 
     </span>
     <span class='ocr_line' id='line_1_17' title="bbox 330 1823 1993 1904; baseline -0.002 -15"><span class='ocrx_word' id='word_1_175' title='bbox 330 1843 432 1889; x_wconf 91' lang='lat' dir='ltr'><strong>causa</strong></span> <span class='ocrx_word' id='word_1_176' title='bbox 450 1828 532 1890; x_wconf 85' lang='lat' dir='ltr'><strong>adeo</strong></span> <span class='ocrx_word' id='word_1_177' title='bbox 554 1827 759 1890; x_wconf 87' lang='lat' dir='ltr'><strong>debacchare</strong></span> <span class='ocrx_word' id='word_1_178' title='bbox 774 1825 891 1904; x_wconf 89' lang='lat' dir='ltr'><strong>potuit,</strong></span> <span class='ocrx_word' id='word_1_179' title='bbox 912 1826 998 1887; x_wconf 88' lang='lat' dir='ltr'><strong>sicut</strong></span> <span class='ocrx_word' id='word_1_180' title='bbox 1014 1823 1076 1886; x_wconf 88' lang='lat' dir='ltr'><strong>iste</strong></span> <span class='ocrx_word' id='word_1_181' title='bbox 1092 1826 1125 1885; x_wconf 93' lang='lat' dir='ltr'><strong>in</strong></span> <span class='ocrx_word' id='word_1_182' title='bbox 1181 1841 1270 1898; x_wconf 92' lang='lat' dir='ltr'><strong>num,</strong></span> <span class='ocrx_word' id='word_1_183' title='bbox 1288 1828 1402 1897; x_wconf 86' lang='lat' dir='ltr'><strong>Deum,</strong></span> <span class='ocrx_word' id='word_1_184' title='bbox 1420 1825 1559 1904; x_wconf 86' lang='lat' dir='ltr'><strong>qnienm</strong></span> <span class='ocrx_word' id='word_1_185' title='bbox 1575 1826 1777 1903; x_wconf 87' lang='lat' dir='ltr'><strong>propensius</strong></span> <span class='ocrx_word' id='word_1_186' title='bbox 1795 1825 1993 1898; x_wconf 69' lang='lat' dir='ltr'><strong>honorarit,</strong></span> 
     </span>
     <span class='ocr_line' id='line_1_18' title="bbox 330 1921 1994 2000; baseline -0.001 -14"><span class='ocrx_word' id='word_1_187' title='bbox 330 1925 492 1986; x_wconf 87' lang='lat' dir='ltr'><strong>christum</strong></span> <span class='ocrx_word' id='word_1_188' title='bbox 507 1925 637 1985; x_wconf 84' lang='lat' dir='ltr'><strong>Domini</strong></span> <span class='ocrx_word' id='word_1_189' title='bbox 648 1923 973 2000; x_wconf 85' lang='lat' dir='ltr'><strong>archipresbyterum</strong></span> <span class='ocrx_word' id='word_1_190' title='bbox 987 1921 1127 1984; x_wconf 80' lang='lat' dir='ltr'><strong>Belsiae?</strong></span> <span class='ocrx_word' id='word_1_191' title='bbox 1181 1923 1321 1985; x_wconf 88' lang='lat' dir='ltr'><strong>honoret</strong></span> <span class='ocrx_word' id='word_1_192' title='bbox 1333 1923 1368 1983; x_wconf 93' lang='lat' dir='ltr'><strong>in</strong></span> <span class='ocrx_word' id='word_1_193' title='bbox 1384 1939 1521 1984; x_wconf 89' lang='lat' dir='ltr'><strong>suornm</strong></span> <span class='ocrx_word' id='word_1_194' title='bbox 1533 1921 1796 1984; x_wconf 86' lang='lat' dir='ltr'><strong>honoriticentia</strong></span> <span class='ocrx_word' id='word_1_195' title='bbox 1813 1925 1994 1984; x_wconf 76' lang='lat' dir='ltr'><strong>ministro·</strong></span> 
     </span>
     <span class='ocr_line' id='line_1_19' title="bbox 330 2018 1993 2098; baseline 0.001 -17"><span class='ocrx_word' id='word_1_196' title='bbox 330 2037 427 2098; x_wconf 90' lang='lat' dir='ltr'><strong>quem</strong></span> <span class='ocrx_word' id='word_1_197' title='bbox 448 2024 605 2082; x_wconf 86' lang='lat' dir='ltr'><strong>vexatum</strong></span> <span class='ocrx_word' id='word_1_198' title='bbox 631 2021 785 2096; x_wconf 85' lang='lat' dir='ltr'><strong>angustia</strong></span> <span class='ocrx_word' id='word_1_199' title='bbox 805 2018 967 2081; x_wconf 87' lang='lat' dir='ltr'><strong>carcerali</strong></span> <span class='ocrx_word' id='word_1_200' title='bbox 993 2018 1124 2080; x_wconf 89' lang='lat' dir='ltr'><strong>tandem</strong></span> <span class='ocrx_word' id='word_1_201' title='bbox 1181 2037 1266 2088; x_wconf 87' lang='lat' dir='ltr'><strong>rum,</strong></span> <span class='ocrx_word' id='word_1_202' title='bbox 1283 2023 1315 2082; x_wconf 91' lang='lat' dir='ltr'><strong>et</strong></span> <span class='ocrx_word' id='word_1_203' title='bbox 1333 2019 1580 2082; x_wconf 82' lang='lat' dir='ltr'><strong>malefactorem</strong></span> <span class='ocrx_word' id='word_1_204' title='bbox 1595 2021 1799 2098; x_wconf 81' lang='lat' dir='ltr'><strong>praedictum</strong></span> <span class='ocrx_word' id='word_1_205' title='bbox 1814 2038 1993 2084; x_wconf 88' lang='lat' dir='ltr'><strong>cumcon-</strong></span> 
     </span>
     <span class='ocr_line' id='line_1_20' title="bbox 328 2116 1990 2196; baseline 0.001 -18"><span class='ocrx_word' id='word_1_206' title='bbox 328 2118 417 2190; x_wconf 85' lang='lat' dir='ltr'><strong>fecit,</strong></span> <span class='ocrx_word' id='word_1_207' title='bbox 434 2119 625 2180; x_wconf 88' lang='lat' dir='ltr'><strong>transverso</strong></span> <span class='ocrx_word' id='word_1_208' title='bbox 639 2119 784 2195; x_wconf 86' lang='lat' dir='ltr'><strong>caputio,</strong></span> <span class='ocrx_word' id='word_1_209' title='bbox 801 2132 901 2194; x_wconf 89' lang='lat' dir='ltr'><strong>snper</strong></span> <span class='ocrx_word' id='word_1_210' title='bbox 915 2132 1035 2193; x_wconf 91' lang='lat' dir='ltr'><strong>equum</strong></span> <span class='ocrx_word' id='word_1_211' title='bbox 1049 2132 1124 2177; x_wconf 87' lang='lat' dir='ltr'><strong>nra·</strong></span> <span class='ocrx_word' id='word_1_212' title='bbox 1180 2117 1322 2196; x_wconf 90' lang='lat' dir='ltr'><strong>plicibus</strong></span> <span class='ocrx_word' id='word_1_213' title='bbox 1336 2118 1405 2179; x_wconf 92' lang='lat' dir='ltr'><strong>suis</strong></span> <span class='ocrx_word' id='word_1_214' title='bbox 1422 2116 1504 2196; x_wconf 90' lang='lat' dir='ltr'><strong>(qui,</strong></span> <span class='ocrx_word' id='word_1_215' title='bbox 1515 2135 1589 2180; x_wconf 89' lang='lat' dir='ltr'><strong>cnm</strong></span> <span class='ocrx_word' id='word_1_216' title='bbox 1600 2119 1644 2180; x_wconf 91' lang='lat' dir='ltr'><strong>sit</strong></span> <span class='ocrx_word' id='word_1_217' title='bbox 1654 2117 1756 2179; x_wconf 90' lang='lat' dir='ltr'><strong>homo</strong></span> <span class='ocrx_word' id='word_1_218' title='bbox 1773 2134 1870 2180; x_wconf 89' lang='lat' dir='ltr'><strong>suus</strong></span> <span class='ocrx_word' id='word_1_219' title='bbox 1885 2121 1990 2196; x_wconf 76' lang='lat' dir='ltr'><strong>ligiis.</strong></span> 
     </span>
     <span class='ocr_line' id='line_1_21' title="bbox 328 2213 1989 2292; baseline -0.001 -16"><span class='ocrx_word' id='word_1_220' title='bbox 328 2215 600 2287; x_wconf 88' lang='lat' dir='ltr'><strong>cilentissimnm,</strong></span> <span class='ocrx_word' id='word_1_221' title='bbox 623 2216 696 2276; x_wconf 93' lang='lat' dir='ltr'><strong>sine</strong></span> <span class='ocrx_word' id='word_1_222' title='bbox 716 2214 818 2286; x_wconf 87' lang='lat' dir='ltr'><strong>sella,</strong></span> <span class='ocrx_word' id='word_1_223' title='bbox 845 2213 971 2276; x_wconf 89' lang='lat' dir='ltr'><strong>tamdiu</strong></span> <span class='ocrx_word' id='word_1_224' title='bbox 996 2214 1126 2275; x_wconf 88' lang='lat' dir='ltr'><strong>discur-</strong></span> <span class='ocrx_word' id='word_1_225' title='bbox 1181 2231 1242 2276; x_wconf 92' lang='lat' dir='ltr'><strong>nec</strong></span> <span class='ocrx_word' id='word_1_226' title='bbox 1265 2215 1360 2275; x_wconf 91' lang='lat' dir='ltr'><strong>extra</strong></span> <span class='ocrx_word' id='word_1_227' title='bbox 1379 2229 1517 2289; x_wconf 87' lang='lat' dir='ltr'><strong>regnum</strong></span> <span class='ocrx_word' id='word_1_228' title='bbox 1537 2217 1609 2290; x_wconf 89' lang='lat' dir='ltr'><strong>ejus</strong></span> <span class='ocrx_word' id='word_1_229' title='bbox 1629 2213 1761 2292; x_wconf 90' lang='lat' dir='ltr'><strong>aliquid</strong></span> <span class='ocrx_word' id='word_1_230' title='bbox 1783 2215 1927 2277; x_wconf 87' lang='lat' dir='ltr'><strong>habere</strong></span> <span class='ocrx_word' id='word_1_231' title='bbox 1946 2218 1989 2276; x_wconf 92' lang='lat' dir='ltr'><strong>di-</strong></span> 
     </span>
     <span class='ocr_line' id='line_1_22' title="bbox 327 2300 2018 2389; baseline 0.001 -16"><span class='ocrx_word' id='word_1_232' title='bbox 327 2328 412 2385; x_wconf 90' lang='lat' dir='ltr'><strong>rere,</strong></span> <span class='ocrx_word' id='word_1_233' title='bbox 430 2313 534 2374; x_wconf 92' lang='lat' dir='ltr'><strong>donec</strong></span> <span class='ocrx_word' id='word_1_234' title='bbox 553 2312 622 2374; x_wconf 87' lang='lat' dir='ltr'><strong>lere</strong></span> <span class='ocrx_word' id='word_1_235' title='bbox 636 2313 796 2389; x_wconf 88' lang='lat' dir='ltr'><strong>spiritum</strong></span> <span class='ocrx_word' id='word_1_236' title='bbox 817 2311 1001 2383; x_wconf 85' lang='lat' dir='ltr'><strong>exhalaret,</strong></span> <span class='ocrx_word' id='word_1_237' title='bbox 1019 2312 1051 2372; x_wconf 88' lang='lat' dir='ltr'><strong>et</strong></span> <span class='ocrx_word' id='word_1_238' title='bbox 1065 2327 1124 2372; x_wconf 90' lang='lat' dir='ltr'><strong>re·</strong></span> <span class='ocrx_word' id='word_1_239' title='bbox 1180 2313 1286 2384; x_wconf 89' lang='lat' dir='ltr'><strong>catur,</strong></span> <span class='ocrx_word' id='word_1_240' title='bbox 1307 2311 1364 2372; x_wconf 85' lang='lat' dir='ltr'><strong>vix</strong></span> <span class='ocrx_word' id='word_1_241' title='bbox 1388 2311 1542 2372; x_wconf 87' lang='lat' dir='ltr'><strong>credetur</strong></span> <span class='ocrx_word' id='word_1_242' title='bbox 1555 2311 1628 2372; x_wconf 91' lang='lat' dir='ltr'><strong>sine</strong></span> <span class='ocrx_word' id='word_1_243' title='bbox 1641 2300 1751 2388; x_wconf 75' lang='lat' dir='ltr'><strong>ipsiu‘s</strong></span> <span class='ocrx_word' id='word_1_244' title='bbox 1768 2313 1987 2374; x_wconf 73' lang='lat' dir='ltr'><strong>conniventia</strong></span> <span class='ocrx_word' id='word_1_245' title='bbox 2017 2343 2018 2374; x_wconf 78' lang='lat' dir='ltr'><strong>t</strong></span> 
     </span>
     <span class='ocr_line' id='line_1_23' title="bbox 327 2407 1988 2486; baseline 0.001 -15"><span class='ocrx_word' id='word_1_246' title='bbox 327 2409 455 2471; x_wconf 90' lang='lat' dir='ltr'><strong>clusum</strong></span> <span class='ocrx_word' id='word_1_247' title='bbox 475 2410 509 2470; x_wconf 94' lang='lat' dir='ltr'><strong>in</strong></span> <span class='ocrx_word' id='word_1_248' title='bbox 533 2425 668 2471; x_wconf 90' lang='lat' dir='ltr'><strong>carcere</strong></span> <span class='ocrx_word' id='word_1_249' title='bbox 691 2410 888 2471; x_wconf 87' lang='lat' dir='ltr'><strong>semivivum</strong></span> <span class='ocrx_word' id='word_1_250' title='bbox 904 2409 1124 2471; x_wconf 85' lang='lat' dir='ltr'><strong>metamortis</strong></span> <span class='ocrx_word' id='word_1_251' title='bbox 1179 2409 1384 2470; x_wconf 87' lang='lat' dir='ltr'><strong>commisisse</strong></span> <span class='ocrx_word' id='word_1_252' title='bbox 1416 2408 1515 2481; x_wconf 85' lang='lat' dir='ltr'><strong>talia,</strong></span> <span class='ocrx_word' id='word_1_253' title='bbox 1543 2407 1609 2470; x_wconf 91' lang='lat' dir='ltr'><strong>nisi</strong></span> <span class='ocrx_word' id='word_1_254' title='bbox 1637 2411 1710 2486; x_wconf 76' lang='lat' dir='ltr'><strong>eJus</strong></span> <span class='ocrx_word' id='word_1_255' title='bbox 1743 2410 1927 2472; x_wconf 87' lang='lat' dir='ltr'><strong>malitiam</strong></span> <span class='ocrx_word' id='word_1_256' title='bbox 1950 2415 1988 2471; x_wconf 89' lang='lat' dir='ltr'><strong>n&#39;-</strong></span> 
     </span>
     <span class='ocr_line' id='line_1_24' title="bbox 326 2504 1986 2585; baseline -0.001 -16"><span class='ocrx_word' id='word_1_257' title='bbox 326 2507 533 2585; x_wconf 89' lang='lat' dir='ltr'><strong>postmodnm</strong></span> <span class='ocrx_word' id='word_1_258' title='bbox 546 2506 638 2570; x_wconf 90' lang='lat' dir='ltr'><strong>abire</strong></span> <span class='ocrx_word' id='word_1_259' title='bbox 653 2507 816 2585; x_wconf 89' lang='lat' dir='ltr'><strong>permisit.</strong></span> <span class='ocrx_word' id='word_1_260' title='bbox 1179 2507 1270 2567; x_wconf 93' lang='lat' dir='ltr'><strong>tione</strong></span> <span class='ocrx_word' id='word_1_261' title='bbox 1291 2505 1392 2566; x_wconf 89' lang='lat' dir='ltr'><strong>celeri</strong></span> <span class='ocrx_word' id='word_1_262' title='bbox 1414 2504 1659 2585; x_wconf 87' lang='lat' dir='ltr'><strong>prosequatur),</strong></span> <span class='ocrx_word' id='word_1_263' title='bbox 1677 2509 1716 2568; x_wconf 92' lang='lat' dir='ltr'><strong>ut</strong></span> <span class='ocrx_word' id='word_1_264' title='bbox 1732 2509 1911 2584; x_wconf 89' lang='lat' dir='ltr'><strong>episcopo</strong></span> <span class='ocrx_word' id='word_1_265' title='bbox 1927 2527 1986 2568; x_wconf 75' lang='lat' dir='ltr'><strong>rne-</strong></span> 
     </span>
     <span class='ocr_line' id='line_1_25' title="bbox 365 2603 1983 2683; baseline 0 -17"><span class='ocrx_word' id='word_1_266' title='bbox 365 2607 445 2666; x_wconf 85' lang='lat' dir='ltr'><strong>Haec</strong></span> <span class='ocrx_word' id='word_1_267' title='bbox 459 2605 582 2683; x_wconf 86' lang='lat' dir='ltr'><strong>itaque,</strong></span> <span class='ocrx_word' id='word_1_268' title='bbox 599 2605 663 2665; x_wconf 88' lang='lat' dir='ltr'><strong>nisi</strong></span> <span class='ocrx_word' id='word_1_269' title='bbox 675 2605 766 2666; x_wconf 85' lang='lat' dir='ltr'><strong>zelus</strong></span> <span class='ocrx_word' id='word_1_270' title='bbox 779 2605 896 2666; x_wconf 88' lang='lat' dir='ltr'><strong>domus</strong></span> <span class='ocrx_word' id='word_1_271' title='bbox 911 2603 1052 2675; x_wconf 90' lang='lat' dir='ltr'><strong>Domini,</strong></span> <span class='ocrx_word' id='word_1_272' title='bbox 1068 2604 1124 2681; x_wconf 90' lang='lat' dir='ltr'><strong>qni</strong></span> <span class='ocrx_word' id='word_1_273' title='bbox 1179 2605 1308 2665; x_wconf 88' lang='lat' dir='ltr'><strong>morato</strong></span> <span class='ocrx_word' id='word_1_274' title='bbox 1323 2605 1355 2664; x_wconf 89' lang='lat' dir='ltr'><strong>et</strong></span> <span class='ocrx_word' id='word_1_275' title='bbox 1370 2603 1445 2663; x_wconf 88' lang='lat' dir='ltr'><strong>aliis</strong></span> <span class='ocrx_word' id='word_1_276' title='bbox 1463 2603 1573 2664; x_wconf 90' lang='lat' dir='ltr'><strong>ablata</strong></span> <span class='ocrx_word' id='word_1_277' title='bbox 1591 2603 1748 2666; x_wconf 89' lang='lat' dir='ltr'><strong>restituat</strong></span> <span class='ocrx_word' id='word_1_278' title='bbox 1765 2607 1949 2678; x_wconf 75' lang='lat' dir='ltr'><strong>universa,</strong></span> <span class='ocrx_word' id='word_1_279' title='bbox 1963 2613 1983 2666; x_wconf 76' lang='lat' dir='ltr'><strong>st</strong></span> 
     </span>
     <span class='ocr_line' id='line_1_26' title="bbox 326 2700 1981 2780; baseline 0.001 -17"><span class='ocrx_word' id='word_1_280' title='bbox 326 2703 573 2778; x_wconf 89' lang='lat' dir='ltr'><strong>dictumregem</strong></span> <span class='ocrx_word' id='word_1_281' title='bbox 587 2703 670 2763; x_wconf 90' lang='lat' dir='ltr'><strong>solet</strong></span> <span class='ocrx_word' id='word_1_282' title='bbox 680 2701 897 2773; x_wconf 91' lang='lat' dir='ltr'><strong>commedere,</strong></span> <span class='ocrx_word' id='word_1_283' title='bbox 910 2701 944 2762; x_wconf 93' lang='lat' dir='ltr'><strong>in</strong></span> <span class='ocrx_word' id='word_1_284' title='bbox 961 2717 1000 2762; x_wconf 92' lang='lat' dir='ltr'><strong>eo</strong></span> <span class='ocrx_word' id='word_1_285' title='bbox 1010 2700 1123 2762; x_wconf 85' lang='lat' dir='ltr'><strong>forsan</strong></span> <span class='ocrx_word' id='word_1_286' title='bbox 1179 2702 1219 2762; x_wconf 88' lang='lat' dir='ltr'><strong>de</strong></span> <span class='ocrx_word' id='word_1_287' title='bbox 1243 2701 1373 2762; x_wconf 89' lang='lat' dir='ltr'><strong>damnis</strong></span> <span class='ocrx_word' id='word_1_288' title='bbox 1396 2703 1429 2762; x_wconf 88' lang='lat' dir='ltr'><strong>et</strong></span> <span class='ocrx_word' id='word_1_289' title='bbox 1453 2701 1703 2776; x_wconf 85' lang='lat' dir='ltr'><strong>gravaminibus</strong></span> <span class='ocrx_word' id='word_1_290' title='bbox 1731 2702 1911 2780; x_wconf 87' lang='lat' dir='ltr'><strong>irrogatis</strong></span> <span class='ocrx_word' id='word_1_291' title='bbox 1937 2722 1981 2764; x_wconf 82' lang='lat' dir='ltr'><strong>sa·</strong></span> 
     </span>
     <span class='ocr_line' id='line_1_27' title="bbox 326 2795 1982 2876; baseline 0.001 -16"><span class='ocrx_word' id='word_1_292' title='bbox 326 2800 436 2860; x_wconf 88' lang='lat' dir='ltr'><strong>minus</strong></span> <span class='ocrx_word' id='word_1_293' title='bbox 450 2795 650 2870; x_wconf 87' lang='lat' dir='ltr'><strong>solitonunc</strong></span> <span class='ocrx_word' id='word_1_294' title='bbox 665 2799 818 2871; x_wconf 78' lang='lat' dir='ltr'><strong>ferveret,</strong></span> <span class='ocrx_word' id='word_1_295' title='bbox 835 2797 1124 2859; x_wconf 85' lang='lat' dir='ltr'><strong>animadversione</strong></span> <span class='ocrx_word' id='word_1_296' title='bbox 1178 2797 1324 2860; x_wconf 84' lang='lat' dir='ltr'><strong>tisiaciat</strong></span> <span class='ocrx_word' id='word_1_297' title='bbox 1338 2799 1571 2874; x_wconf 87' lang='lat' dir='ltr'><strong>competenter,</strong></span> <span class='ocrx_word' id='word_1_298' title='bbox 1589 2799 1682 2874; x_wconf 86' lang='lat' dir='ltr'><strong>regia</strong></span> <span class='ocrx_word' id='word_1_299' title='bbox 1707 2801 1888 2876; x_wconf 86' lang='lat' dir='ltr'><strong>potestate</strong></span> <span class='ocrx_word' id='word_1_300' title='bbox 1906 2819 1982 2863; x_wconf 86' lang='lat' dir='ltr'><strong>con·</strong></span> 
     </span>
     <span class='ocr_line' id='line_1_28' title="bbox 326 2895 1982 2975; baseline 0.001 -18"><span class='ocrx_word' id='word_1_301' title='bbox 326 2896 539 2974; x_wconf 87' lang='lat' dir='ltr'><strong>priusdebita</strong></span> <span class='ocrx_word' id='word_1_302' title='bbox 554 2897 850 2973; x_wconf 86' lang='lat' dir='ltr'><strong>punivissetqnam</strong></span> <span class='ocrx_word' id='word_1_303' title='bbox 865 2895 1026 2956; x_wconf 90' lang='lat' dir='ltr'><strong>innostro</strong></span> <span class='ocrx_word' id='word_1_304' title='bbox 1041 2911 1123 2972; x_wconf 90' lang='lat' dir='ltr'><strong>pos·</strong></span> <span class='ocrx_word' id='word_1_305' title='bbox 1179 2897 1299 2973; x_wconf 89' lang='lat' dir='ltr'><strong>pellat,</strong></span> <span class='ocrx_word' id='word_1_306' title='bbox 1326 2896 1438 2975; x_wconf 89' lang='lat' dir='ltr'><strong>sicque</strong></span> <span class='ocrx_word' id='word_1_307' title='bbox 1454 2896 1599 2972; x_wconf 87' lang='lat' dir='ltr'><strong>corrigat</strong></span> <span class='ocrx_word' id='word_1_308' title='bbox 1612 2911 1672 2972; x_wconf 92' lang='lat' dir='ltr'><strong>per</strong></span> <span class='ocrx_word' id='word_1_309' title='bbox 1696 2897 1861 2974; x_wconf 90' lang='lat' dir='ltr'><strong>seipsum</strong></span> <span class='ocrx_word' id='word_1_310' title='bbox 1883 2899 1982 2975; x_wconf 55' lang='lat' dir='ltr'><strong>hujus</strong></span> 
     </span>
     <span class='ocr_line' id='line_1_29' title="bbox 327 2992 1980 3075; baseline 0.002 -21"><span class='ocrx_word' id='word_1_311' title='bbox 327 2995 401 3055; x_wconf 89' lang='lat' dir='ltr'><strong>sent</strong></span> <span class='ocrx_word' id='word_1_312' title='bbox 415 2993 581 3054; x_wconf 91' lang='lat' dir='ltr'><strong>auditorio</strong></span> <span class='ocrx_word' id='word_1_313' title='bbox 600 2992 747 3064; x_wconf 89' lang='lat' dir='ltr'><strong>recitari,</strong></span> <span class='ocrx_word' id='word_1_314' title='bbox 766 2993 886 3052; x_wconf 88' lang='lat' dir='ltr'><strong>nedum</strong></span> <span class='ocrx_word' id='word_1_315' title='bbox 908 2992 1005 3070; x_wconf 92' lang='lat' dir='ltr'><strong>quod,</strong></span> <span class='ocrx_word' id='word_1_316' title='bbox 1027 2995 1126 3070; x_wconf 93' lang='lat' dir='ltr'><strong>pront</strong></span> <span class='ocrx_word' id='word_1_317' title='bbox 1179 2993 1267 3054; x_wconf 89' lang='lat' dir='ltr'><strong>modi</strong></span> <span class='ocrx_word' id='word_1_318' title='bbox 1287 2994 1482 3055; x_wconf 87' lang='lat' dir='ltr'><strong>temeritatis</strong></span> <span class='ocrx_word' id='word_1_319' title='bbox 1509 3009 1677 3066; x_wconf 89' lang='lat' dir='ltr'><strong>excessus,</strong></span> <span class='ocrx_word' id='word_1_320' title='bbox 1709 2995 1801 3071; x_wconf 88' lang='lat' dir='ltr'><strong>quod</strong></span> <span class='ocrx_word' id='word_1_321' title='bbox 1832 2997 1910 3069; x_wconf 91' lang='lat' dir='ltr'><strong>alii,</strong></span> <span class='ocrx_word' id='word_1_322' title='bbox 1938 2999 1980 3075; x_wconf 88' lang='lat' dir='ltr'><strong>qni</strong></span> 
     </span>
     <span class='ocr_line' id='line_1_30' title="bbox 326 3089 1980 3168; baseline 0.001 -16"><span class='ocrx_word' id='word_1_323' title='bbox 326 3093 399 3167; x_wconf 90' lang='lat' dir='ltr'><strong>ejus</strong></span> <span class='ocrx_word' id='word_1_324' title='bbox 412 3090 549 3152; x_wconf 85' lang='lat' dir='ltr'><strong>decebat</strong></span> <span class='ocrx_word' id='word_1_325' title='bbox 564 3089 755 3167; x_wconf 88' lang='lat' dir='ltr'><strong>potentiam,</strong></span> <span class='ocrx_word' id='word_1_326' title='bbox 768 3090 924 3166; x_wconf 86' lang='lat' dir='ltr'><strong>episcopo</strong></span> <span class='ocrx_word' id='word_1_327' title='bbox 939 3089 1004 3166; x_wconf 90' lang='lat' dir='ltr'><strong>ipsi</strong></span> <span class='ocrx_word' id='word_1_328' title='bbox 1019 3106 1126 3167; x_wconf 83' lang='lat' dir='ltr'><strong>praes·</strong></span> <span class='ocrx_word' id='word_1_329' title='bbox 1179 3091 1308 3166; x_wconf 83' lang='lat' dir='ltr'><strong>praelati</strong></span> <span class='ocrx_word' id='word_1_330' title='bbox 1321 3091 1447 3152; x_wconf 87' lang='lat' dir='ltr'><strong>scelera</strong></span> <span class='ocrx_word' id='word_1_331' title='bbox 1463 3090 1619 3153; x_wconf 86' lang='lat' dir='ltr'><strong>scelerati</strong></span> <span class='ocrx_word' id='word_1_332' title='bbox 1627 3093 1698 3168; x_wconf 88' lang='lat' dir='ltr'><strong>jam</strong></span> <span class='ocrx_word' id='word_1_333' title='bbox 1711 3092 1878 3166; x_wconf 89' lang='lat' dir='ltr'><strong>trahunt,</strong></span> <span class='ocrx_word' id='word_1_334' title='bbox 1896 3097 1929 3156; x_wconf 90' lang='lat' dir='ltr'><strong>ut</strong></span> <span class='ocrx_word' id='word_1_335' title='bbox 1941 3095 1980 3154; x_wconf 90' lang='lat' dir='ltr'><strong>di-</strong></span> 
     </span>
     <span class='ocr_line' id='line_1_31' title="bbox 325 3185 1980 3266; baseline 0 -15"><span class='ocrx_word' id='word_1_336' title='bbox 325 3189 391 3251; x_wconf 87' lang='lat' dir='ltr'><strong>tari</strong></span> <span class='ocrx_word' id='word_1_337' title='bbox 407 3189 618 3250; x_wconf 84' lang='lat' dir='ltr'><strong>securitatem</strong></span> <span class='ocrx_word' id='word_1_338' title='bbox 631 3202 697 3249; x_wconf 94' lang='lat' dir='ltr'><strong>non</strong></span> <span class='ocrx_word' id='word_1_339' title='bbox 712 3185 800 3259; x_wconf 86' lang='lat' dir='ltr'><strong>iecit,</strong></span> <span class='ocrx_word' id='word_1_340' title='bbox 817 3186 896 3248; x_wconf 89' lang='lat' dir='ltr'><strong>licet</strong></span> <span class='ocrx_word' id='word_1_341' title='bbox 908 3187 977 3248; x_wconf 89' lang='lat' dir='ltr'><strong>tam</strong></span> <span class='ocrx_word' id='word_1_342' title='bbox 992 3187 1033 3248; x_wconf 89' lang='lat' dir='ltr'><strong>ab</strong></span> <span class='ocrx_word' id='word_1_343' title='bbox 1050 3187 1123 3265; x_wconf 91' lang='lat' dir='ltr'><strong>ipso</strong></span> <span class='ocrx_word' id='word_1_344' title='bbox 1179 3189 1274 3260; x_wconf 89' lang='lat' dir='ltr'><strong>citur,</strong></span> <span class='ocrx_word' id='word_1_345' title='bbox 1293 3188 1326 3249; x_wconf 92' lang='lat' dir='ltr'><strong>in</strong></span> <span class='ocrx_word' id='word_1_346' title='bbox 1342 3189 1540 3266; x_wconf 88' lang='lat' dir='ltr'><strong>exemplum,</strong></span> <span class='ocrx_word' id='word_1_347' title='bbox 1555 3189 1590 3249; x_wconf 93' lang='lat' dir='ltr'><strong>in</strong></span> <span class='ocrx_word' id='word_1_348' title='bbox 1602 3189 1873 3253; x_wconf 87' lang='lat' dir='ltr'><strong>irreverentiam</strong></span> <span class='ocrx_word' id='word_1_349' title='bbox 1894 3193 1980 3254; x_wconf 87' lang='lat' dir='ltr'><strong>cleri-</strong></span> 
     </span>
     <span class='ocr_line' id='line_1_32' title="bbox 326 3285 1978 3364; baseline 0.004 -18"><span class='ocrx_word' id='word_1_350' title='bbox 326 3302 424 3363; x_wconf 89' lang='lat' dir='ltr'><strong>qnam</strong></span> <span class='ocrx_word' id='word_1_351' title='bbox 444 3286 484 3348; x_wconf 95' lang='lat' dir='ltr'><strong>ab</strong></span> <span class='ocrx_word' id='word_1_352' title='bbox 501 3285 577 3348; x_wconf 89' lang='lat' dir='ltr'><strong>aliis</strong></span> <span class='ocrx_word' id='word_1_353' title='bbox 594 3285 791 3363; x_wconf 89' lang='lat' dir='ltr'><strong>quibusdam</strong></span> <span class='ocrx_word' id='word_1_354' title='bbox 810 3285 976 3362; x_wconf 88' lang='lat' dir='ltr'><strong>episcopis</strong></span> <span class='ocrx_word' id='word_1_355' title='bbox 1000 3285 1123 3363; x_wconf 87' lang='lat' dir='ltr'><strong>saepius</strong></span> <span class='ocrx_word' id='word_1_356' title='bbox 1178 3302 1303 3358; x_wconf 89' lang='lat' dir='ltr'><strong>corum,</strong></span> <span class='ocrx_word' id='word_1_357' title='bbox 1321 3287 1409 3348; x_wconf 89' lang='lat' dir='ltr'><strong>metu</strong></span> <span class='ocrx_word' id='word_1_358' title='bbox 1425 3302 1530 3364; x_wconf 82' lang='lat' dir='ltr'><strong>poenae</strong></span> <span class='ocrx_word' id='word_1_359' title='bbox 1553 3286 1749 3363; x_wconf 90' lang='lat' dir='ltr'><strong>temporalis</strong></span> <span class='ocrx_word' id='word_1_360' title='bbox 1766 3288 1948 3352; x_wconf 88' lang='lat' dir='ltr'><strong>addiscant</strong></span> <span class='ocrx_word' id='word_1_361' title='bbox 1964 3309 1978 3352; x_wconf 84' lang='lat' dir='ltr'><strong>a</strong></span> 
     </span>
     <span class='ocr_line' id='line_1_33' title="bbox 326 3383 1977 3462; baseline 0.004 -18"><span class='ocrx_word' id='word_1_362' title='bbox 326 3383 516 3462; x_wconf 85' lang='lat' dir='ltr'><strong>superbos</strong></span> <span class='ocrx_word' id='word_1_363' title='bbox 545 3383 717 3445; x_wconf 88' lang='lat' dir='ltr'><strong>humiliter</strong></span> <span class='ocrx_word' id='word_1_364' title='bbox 744 3383 935 3461; x_wconf 85' lang='lat' dir='ltr'><strong>requisitus,</strong></span> <span class='ocrx_word' id='word_1_365' title='bbox 963 3385 1061 3460; x_wconf 91' lang='lat' dir='ltr'><strong>prout</strong></span> <span class='ocrx_word' id='word_1_366' title='bbox 1088 3384 1122 3444; x_wconf 94' lang='lat' dir='ltr'><strong>in</strong></span> <span class='ocrx_word' id='word_1_367' title='bbox 1178 3383 1343 3445; x_wconf 91' lang='lat' dir='ltr'><strong>similibus</strong></span> <span class='ocrx_word' id='word_1_368' title='bbox 1367 3383 1544 3446; x_wconf 87' lang='lat' dir='ltr'><strong>abstinere.</strong></span> <span class='ocrx_word' id='word_1_369' title='bbox 1567 3387 1671 3457; x_wconf 89' lang='lat' dir='ltr'><strong>anm</strong></span> <span class='ocrx_word' id='word_1_370' title='bbox 1691 3385 1787 3446; x_wconf 89' lang='lat' dir='ltr'><strong>enim</strong></span> <span class='ocrx_word' id='word_1_371' title='bbox 1814 3387 1909 3450; x_wconf 90' lang='lat' dir='ltr'><strong>idem</strong></span> <span class='ocrx_word' id='word_1_372' title='bbox 1929 3406 1977 3450; x_wconf 77' lang='lat' dir='ltr'><strong>rex</strong></span> 
     </span>
     <span class='ocr_line' id='line_1_34' title="bbox 324 3479 2018 3568; baseline 0.002 -26"><span class='ocrx_word' id='word_1_373' title='bbox 324 3481 444 3544; x_wconf 92' lang='lat' dir='ltr'><strong>litteris</strong></span> <span class='ocrx_word' id='word_1_374' title='bbox 463 3479 559 3542; x_wconf 90' lang='lat' dir='ltr'><strong>nobis</strong></span> <span class='ocrx_word' id='word_1_375' title='bbox 580 3479 738 3542; x_wconf 79' lang='lat' dir='ltr'><strong>exhibitis</strong></span> <span class='ocrx_word' id='word_1_376' title='bbox 760 3481 993 3558; x_wconf 81' lang='lat' dir='ltr'><strong>perspeximus</strong></span> <span class='ocrx_word' id='word_1_377' title='bbox 1011 3481 1122 3542; x_wconf 92' lang='lat' dir='ltr'><strong>conti·</strong></span> <span class='ocrx_word' id='word_1_378' title='bbox 1173 3484 1291 3559; x_wconf 89' lang='lat' dir='ltr'><strong>jugum</strong></span> <span class='ocrx_word' id='word_1_379' title='bbox 1300 3481 1359 3543; x_wconf 87' lang='lat' dir='ltr'><strong>Dei</strong></span> <span class='ocrx_word' id='word_1_380' title='bbox 1367 3481 1408 3542; x_wconf 94' lang='lat' dir='ltr'><strong>ab</strong></span> <span class='ocrx_word' id='word_1_381' title='bbox 1420 3481 1642 3543; x_wconf 89' lang='lat' dir='ltr'><strong>adolescentia</strong></span> <span class='ocrx_word' id='word_1_382' title='bbox 1651 3498 1711 3543; x_wconf 89' lang='lat' dir='ltr'><strong>sna</strong></span> <span class='ocrx_word' id='word_1_383' title='bbox 1725 3486 1977 3560; x_wconf 81' lang='lat' dir='ltr'><strong>portaveritsn·</strong></span> <span class='ocrx_word' id='word_1_384' title='bbox 2017 3539 2018 3568; x_wconf 73' lang='lat'><strong>,</strong></span> 
     </span>
     <span class='ocr_line' id='line_1_35' title="bbox 324 3575 2018 3662; baseline 0.002 -22"><span class='ocrx_word' id='word_1_385' title='bbox 324 3578 585 3641; x_wconf 87' lang='lat' dir='ltr'><strong>neri.Potuisset</strong></span> <span class='ocrx_word' id='word_1_386' title='bbox 595 3578 707 3656; x_wconf 91' lang='lat' dir='ltr'><strong>ntique</strong></span> <span class='ocrx_word' id='word_1_387' title='bbox 720 3579 921 3639; x_wconf 90' lang='lat' dir='ltr'><strong>memoratus</strong></span> <span class='ocrx_word' id='word_1_388' title='bbox 934 3575 1119 3654; x_wconf 90' lang='lat' dir='ltr'><strong>episcopus,</strong></span> <span class='ocrx_word' id='word_1_389' title='bbox 1179 3595 1237 3655; x_wconf 88' lang='lat' dir='ltr'><strong>per</strong></span> <span class='ocrx_word' id='word_1_390' title='bbox 1262 3579 1508 3640; x_wconf 89' lang='lat' dir='ltr'><strong>manutenenda</strong></span> <span class='ocrx_word' id='word_1_391' title='bbox 1534 3579 1685 3640; x_wconf 78' lang='lat' dir='ltr'><strong>ecclesia</strong></span> <span class='ocrx_word' id='word_1_392' title='bbox 1709 3579 1889 3652; x_wconf 89' lang='lat' dir='ltr'><strong>libertate,</strong></span> <span class='ocrx_word' id='word_1_393' title='bbox 1903 3585 1972 3645; x_wconf 86' lang='lat' dir='ltr'><strong>absit</strong></span> <span class='ocrx_word' id='word_1_394' title='bbox 2017 3651 2018 3662; x_wconf 10' lang='grc' dir='ltr'>ἵ</span> 
     </span>
     <span class='ocr_line' id='line_1_36' title="bbox 325 3674 2018 3752; baseline 0.005 -17"><span class='ocrx_word' id='word_1_395' title='bbox 325 3692 425 3752; x_wconf 90' lang='lat' dir='ltr'><strong>quum</strong></span> <span class='ocrx_word' id='word_1_396' title='bbox 448 3675 584 3752; x_wconf 90' lang='lat' dir='ltr'><strong>petitam</strong></span> <span class='ocrx_word' id='word_1_397' title='bbox 611 3675 893 3737; x_wconf 87' lang='lat' dir='ltr'><strong>assecurationem</strong></span> <span class='ocrx_word' id='word_1_398' title='bbox 921 3689 988 3738; x_wconf 92' lang='lat' dir='ltr'><strong>non</strong></span> <span class='ocrx_word' id='word_1_399' title='bbox 1016 3674 1122 3751; x_wconf 92' lang='lat' dir='ltr'><strong>potuit</strong></span> <span class='ocrx_word' id='word_1_400' title='bbox 1178 3677 1214 3738; x_wconf 93' lang='lat' dir='ltr'><strong>ut</strong></span> <span class='ocrx_word' id='word_1_401' title='bbox 1236 3676 1318 3737; x_wconf 92' lang='lat' dir='ltr'><strong>illud</strong></span> <span class='ocrx_word' id='word_1_402' title='bbox 1342 3677 1383 3738; x_wconf 90' lang='lat' dir='ltr'><strong>ab</strong></span> <span class='ocrx_word' id='word_1_403' title='bbox 1399 3676 1545 3738; x_wconf 89' lang='lat' dir='ltr'><strong>humeris</strong></span> <span class='ocrx_word' id='word_1_404' title='bbox 1565 3677 1635 3737; x_wconf 90' lang='lat' dir='ltr'><strong>suis</strong></span> <span class='ocrx_word' id='word_1_405' title='bbox 1655 3679 1812 3740; x_wconf 86' lang='lat' dir='ltr'><strong>excutiat</strong></span> <span class='ocrx_word' id='word_1_406' title='bbox 1835 3682 1876 3742; x_wconf 77' lang='lat' dir='ltr'><strong>in</strong></span> <span class='ocrx_word' id='word_1_407' title='bbox 1895 3685 1973 3742; x_wconf 80' lang='lat' dir='ltr'><strong>aetatc</strong></span> <span class='ocrx_word' id='word_1_408' title='bbox 2017 3691 2018 3744; x_wconf 76' lang='lat'>3</span> 
     </span>
     <span class='ocr_line' id='line_1_37' title="bbox 325 3761 2018 3852; baseline 0.002 -18"><span class='ocrx_word' id='word_1_409' title='bbox 325 3772 485 3843; x_wconf 90' lang='lat' dir='ltr'><strong>obtinere,</strong></span> <span class='ocrx_word' id='word_1_410' title='bbox 511 3787 578 3832; x_wconf 91' lang='lat' dir='ltr'><strong>non</strong></span> <span class='ocrx_word' id='word_1_411' title='bbox 600 3771 764 3832; x_wconf 90' lang='lat' dir='ltr'><strong>immerito</strong></span> <span class='ocrx_word' id='word_1_412' title='bbox 786 3785 885 3847; x_wconf 89' lang='lat' dir='ltr'><strong>super</strong></span> <span class='ocrx_word' id='word_1_413' title='bbox 909 3773 1036 3847; x_wconf 87' lang='lat' dir='ltr'><strong>partem</strong></span> <span class='ocrx_word' id='word_1_414' title='bbox 1059 3771 1123 3832; x_wconf 90' lang='lat' dir='ltr'><strong>ali·</strong></span> <span class='ocrx_word' id='word_1_415' title='bbox 1178 3773 1351 3850; x_wconf 89' lang='lat' dir='ltr'><strong>provecta,</strong></span> <span class='ocrx_word' id='word_1_416' title='bbox 1376 3774 1507 3852; x_wconf 88' lang='lat' dir='ltr'><strong>qnando</strong></span> <span class='ocrx_word' id='word_1_417' title='bbox 1530 3773 1649 3836; x_wconf 85' lang='lat' dir='ltr'><strong>tortior</strong></span> <span class='ocrx_word' id='word_1_418' title='bbox 1669 3774 1704 3834; x_wconf 92' lang='lat' dir='ltr'><strong>in</strong></span> <span class='ocrx_word' id='word_1_419' title='bbox 1721 3779 1910 3839; x_wconf 83' lang='lat' dir='ltr'><strong>servandis</strong></span> <span class='ocrx_word' id='word_1_420' title='bbox 1929 3778 1973 3839; x_wconf 71' lang='lat' dir='ltr'><strong>hri</strong></span> <span class='ocrx_word' id='word_1_421' title='bbox 2017 3761 2018 3826; x_wconf 75' lang='lat' dir='ltr'><strong>l</strong></span> 
     </span>
     <span class='ocr_line' id='line_1_38' title="bbox 325 3866 1971 3952; baseline 0.002 -24"><span class='ocrx_word' id='word_1_422' title='bbox 325 3868 529 3945; x_wconf 89' lang='lat' dir='ltr'><strong>qnamregni</strong></span> <span class='ocrx_word' id='word_1_423' title='bbox 540 3869 613 3945; x_wconf 88' lang='lat' dir='ltr'><strong>ejus</strong></span> <span class='ocrx_word' id='word_1_424' title='bbox 622 3866 848 3945; x_wconf 87' lang='lat' dir='ltr'><strong>jurisdictioni</strong></span> <span class='ocrx_word' id='word_1_425' title='bbox 860 3882 930 3928; x_wconf 83' lang='lat' dir='ltr'><strong>suae</strong></span> <span class='ocrx_word' id='word_1_426' title='bbox 941 3867 1122 3943; x_wconf 83' lang='lat' dir='ltr'><strong>subjectam</strong></span> <span class='ocrx_word' id='word_1_427' title='bbox 1172 3871 1469 3949; x_wconf 80' lang='lat' dir='ltr'><strong>justificationibus</strong></span> <span class='ocrx_word' id='word_1_428' title='bbox 1489 3871 1585 3932; x_wconf 90' lang='lat' dir='ltr'><strong>debet</strong></span> <span class='ocrx_word' id='word_1_429' title='bbox 1603 3885 1687 3943; x_wconf 89' lang='lat' dir='ltr'><strong>esse,</strong></span> <span class='ocrx_word' id='word_1_430' title='bbox 1705 3872 1760 3932; x_wconf 84' lang='lat' dir='ltr'><strong>vel</strong></span> <span class='ocrx_word' id='word_1_431' title='bbox 1777 3875 1874 3950; x_wconf 86' lang='lat' dir='ltr'><strong>qnod</strong></span> <span class='ocrx_word' id='word_1_432' title='bbox 1897 3877 1971 3952; x_wconf 82' lang='lat' dir='ltr'><strong>prius</strong></span> 
     </span>
     <span class='ocr_line' id='line_1_39' title="bbox 324 3963 2018 4046; baseline 0.006 -20"><span class='ocrx_word' id='word_1_433' title='bbox 324 3964 586 4026; x_wconf 85' lang='lat' dir='ltr'><strong>ecclesiasticum</strong></span> <span class='ocrx_word' id='word_1_434' title='bbox 605 3979 764 4026; x_wconf 87' lang='lat' dir='ltr'><strong>exercere</strong></span> <span class='ocrx_word' id='word_1_435' title='bbox 779 3965 942 4039; x_wconf 85' lang='lat' dir='ltr'><strong>rigorem;</strong></span> <span class='ocrx_word' id='word_1_436' title='bbox 968 3963 1025 4025; x_wconf 92' lang='lat' dir='ltr'><strong>sed</strong></span> <span class='ocrx_word' id='word_1_437' title='bbox 1045 3981 1121 4026; x_wconf 84' lang='lat' dir='ltr'><strong>ma·</strong></span> <span class='ocrx_word' id='word_1_438' title='bbox 1176 3969 1276 4045; x_wconf 89' lang='lat' dir='ltr'><strong>coepti</strong></span> <span class='ocrx_word' id='word_1_439' title='bbox 1290 3984 1424 4029; x_wconf 88' lang='lat' dir='ltr'><strong>cursum</strong></span> <span class='ocrx_word' id='word_1_440' title='bbox 1436 3967 1567 4030; x_wconf 91' lang='lat' dir='ltr'><strong>itineris</strong></span> <span class='ocrx_word' id='word_1_441' title='bbox 1580 3967 1727 4041; x_wconf 81' lang='lat' dir='ltr'><strong>deserat,</strong></span> <span class='ocrx_word' id='word_1_442' title='bbox 1735 3983 1846 4046; x_wconf 88' lang='lat' dir='ltr'><strong>qnam</strong></span> <span class='ocrx_word' id='word_1_443' title='bbox 1861 3973 1905 4034; x_wconf 86' lang='lat' dir='ltr'><strong>ad</strong></span> <span class='ocrx_word' id='word_1_444' title='bbox 1918 3989 1972 4033; x_wconf 79' lang='lat' dir='ltr'><strong>ns·</strong></span> <span class='ocrx_word' id='word_1_445' title='bbox 2017 4021 2018 4038; x_wconf 55' lang='lat'><em>2</em></span> 
     </span>
     <span class='ocr_line' id='line_1_40' title="bbox 323 4051 2018 4146; baseline 0.002 -22"><span class='ocrx_word' id='word_1_446' title='bbox 323 4065 385 4126; x_wconf 92' lang='lat' dir='ltr'><strong>lnit</strong></span> <span class='ocrx_word' id='word_1_447' title='bbox 397 4064 590 4126; x_wconf 88' lang='lat' dir='ltr'><strong>reverenter</strong></span> <span class='ocrx_word' id='word_1_448' title='bbox 602 4062 703 4140; x_wconf 88' lang='lat' dir='ltr'><strong>regiae</strong></span> <span class='ocrx_word' id='word_1_449' title='bbox 717 4062 882 4140; x_wconf 89' lang='lat' dir='ltr'><strong>majestati</strong></span> <span class='ocrx_word' id='word_1_450' title='bbox 895 4061 1034 4135; x_wconf 84' lang='lat' dir='ltr'><strong>deterre,</strong></span> <span class='ocrx_word' id='word_1_451' title='bbox 1051 4078 1123 4139; x_wconf 90' lang='lat' dir='ltr'><strong>spe·</strong></span> <span class='ocrx_word' id='word_1_452' title='bbox 1176 4066 1243 4126; x_wconf 89' lang='lat' dir='ltr'><strong>tam</strong></span> <span class='ocrx_word' id='word_1_453' title='bbox 1259 4064 1440 4143; x_wconf 85' lang='lat' dir='ltr'><strong>perveniat,</strong></span> <span class='ocrx_word' id='word_1_454' title='bbox 1463 4065 1502 4126; x_wconf 91' lang='lat' dir='ltr'><strong>de</strong></span> <span class='ocrx_word' id='word_1_455' title='bbox 1518 4081 1581 4142; x_wconf 91' lang='lat' dir='ltr'><strong>qua</strong></span> <span class='ocrx_word' id='word_1_456' title='bbox 1602 4063 1665 4125; x_wconf 90' lang='lat' dir='ltr'><strong>sibi</strong></span> <span class='ocrx_word' id='word_1_457' title='bbox 1688 4081 1820 4128; x_wconf 85' lang='lat' dir='ltr'><strong>corona</strong></span> <span class='ocrx_word' id='word_1_458' title='bbox 1843 4071 1969 4146; x_wconf 81' lang='lat' dir='ltr'><strong>justitia</strong></span> <span class='ocrx_word' id='word_1_459' title='bbox 2017 4051 2018 4054; x_wconf 27' lang='lat'>¹</span> 
     </span>
     <span class='ocr_line' id='line_1_41' title="bbox 324 4157 1969 4244; baseline 0.001 -22"><span class='ocrx_word' id='word_1_460' title='bbox 324 4177 403 4222; x_wconf 89' lang='lat' dir='ltr'><strong>rans</strong></span> <span class='ocrx_word' id='word_1_461' title='bbox 418 4160 504 4238; x_wconf 91' lang='lat' dir='ltr'><strong>quod</strong></span> <span class='ocrx_word' id='word_1_462' title='bbox 520 4159 576 4222; x_wconf 90' lang='lat' dir='ltr'><strong>ille</strong></span> <span class='ocrx_word' id='word_1_463' title='bbox 593 4159 627 4220; x_wconf 94' lang='lat' dir='ltr'><strong>in</strong></span> <span class='ocrx_word' id='word_1_464' title='bbox 642 4163 736 4239; x_wconf 85' lang='lat' dir='ltr'><strong>cujus</strong></span> <span class='ocrx_word' id='word_1_465' title='bbox 757 4160 835 4220; x_wconf 88' lang='lat' dir='ltr'><strong>sunt</strong></span> <span class='ocrx_word' id='word_1_466' title='bbox 848 4157 1002 4220; x_wconf 89' lang='lat' dir='ltr'><strong>manibus</strong></span> <span class='ocrx_word' id='word_1_467' title='bbox 1021 4159 1120 4220; x_wconf 88' lang='lat' dir='ltr'><strong>corda</strong></span> <span class='ocrx_word' id='word_1_468' title='bbox 1176 4163 1374 4238; x_wconf 89' lang='lat' dir='ltr'><strong>reponatur!</strong></span> <span class='ocrx_word' id='word_1_469' title='bbox 1393 4162 1586 4224; x_wconf 78' lang='lat' dir='ltr'><strong>Corisiderot</strong></span> <span class='ocrx_word' id='word_1_470' title='bbox 1600 4163 1683 4239; x_wconf 88' lang='lat' dir='ltr'><strong>ipse,</strong></span> <span class='ocrx_word' id='word_1_471' title='bbox 1696 4163 1969 4244; x_wconf 78' lang='lat' dir='ltr'><strong>consideretqnit</strong></span> 
     </span>
     <span class='ocr_line' id='line_1_42' title="bbox 323 4247 2018 4336; baseline 0.003 -17"><span class='ocrx_word' id='word_1_472' title='bbox 323 4274 450 4334; x_wconf 87' lang='lat' dir='ltr'><strong>regum,</strong></span> <span class='ocrx_word' id='word_1_473' title='bbox 477 4273 557 4335; x_wconf 88' lang='lat' dir='ltr'><strong>erga</strong></span> <span class='ocrx_word' id='word_1_474' title='bbox 579 4274 654 4319; x_wconf 88' lang='lat' dir='ltr'><strong>eum</strong></span> <span class='ocrx_word' id='word_1_475' title='bbox 682 4257 828 4333; x_wconf 83' lang='lat' dir='ltr'><strong>regalem</strong></span> <span class='ocrx_word' id='word_1_476' title='bbox 854 4257 1002 4318; x_wconf 82' lang='lat' dir='ltr'><strong>animum</strong></span> <span class='ocrx_word' id='word_1_477' title='bbox 1024 4271 1119 4317; x_wconf 89' lang='lat' dir='ltr'><strong>sere·</strong></span> <span class='ocrx_word' id='word_1_478' title='bbox 1176 4260 1288 4321; x_wconf 85' lang='lat' dir='ltr'><strong>amisit</strong></span> <span class='ocrx_word' id='word_1_479' title='bbox 1300 4260 1466 4332; x_wconf 87' lang='lat' dir='ltr'><strong>Salomon,</strong></span> <span class='ocrx_word' id='word_1_480' title='bbox 1477 4259 1554 4336; x_wconf 92' lang='lat' dir='ltr'><strong>qnia</strong></span> <span class='ocrx_word' id='word_1_481' title='bbox 1567 4274 1687 4336; x_wconf 89' lang='lat' dir='ltr'><strong>purum</strong></span> <span class='ocrx_word' id='word_1_482' title='bbox 1700 4262 1771 4321; x_wconf 89' lang='lat' dir='ltr'><strong>Deo</strong></span> <span class='ocrx_word' id='word_1_483' title='bbox 1784 4263 1969 4324; x_wconf 85' lang='lat' dir='ltr'><strong>etstabilen</strong></span> <span class='ocrx_word' id='word_1_484' title='bbox 2017 4247 2018 4262; x_wconf 54' lang='lat'>³</span> 
     </span>
     <span class='ocr_line' id='line_1_43' title="bbox 322 4354 1968 4433; baseline 0.003 -18"><span class='ocrx_word' id='word_1_485' title='bbox 322 4355 426 4417; x_wconf 88' lang='lat' dir='ltr'><strong>nabit.</strong></span> <span class='ocrx_word' id='word_1_486' title='bbox 452 4357 539 4416; x_wconf 90' lang='lat' dir='ltr'><strong>Num</strong></span> <span class='ocrx_word' id='word_1_487' title='bbox 564 4355 641 4432; x_wconf 94' lang='lat' dir='ltr'><strong>quid</strong></span> <span class='ocrx_word' id='word_1_488' title='bbox 663 4354 770 4417; x_wconf 88' lang='lat' dir='ltr'><strong>dictus</strong></span> <span class='ocrx_word' id='word_1_489' title='bbox 785 4369 848 4418; x_wconf 90' lang='lat' dir='ltr'><strong>rex</strong></span> <span class='ocrx_word' id='word_1_490' title='bbox 871 4354 968 4416; x_wconf 89' lang='lat' dir='ltr'><strong>debet</strong></span> <span class='ocrx_word' id='word_1_491' title='bbox 989 4354 1035 4415; x_wconf 88' lang='lat' dir='ltr'><strong>ita</strong></span> <span class='ocrx_word' id='word_1_492' title='bbox 1055 4355 1122 4414; x_wconf 87' lang='lat' dir='ltr'><strong>Do-</strong></span> <span class='ocrx_word' id='word_1_493' title='bbox 1176 4358 1323 4418; x_wconf 88' lang='lat' dir='ltr'><strong>animum</strong></span> <span class='ocrx_word' id='word_1_494' title='bbox 1341 4374 1408 4418; x_wconf 92' lang='lat' dir='ltr'><strong>non</strong></span> <span class='ocrx_word' id='word_1_495' title='bbox 1432 4357 1592 4430; x_wconf 82' lang='lat' dir='ltr'><strong>serravit,</strong></span> <span class='ocrx_word' id='word_1_496' title='bbox 1614 4359 1648 4418; x_wconf 89' lang='lat' dir='ltr'><strong>et</strong></span> <span class='ocrx_word' id='word_1_497' title='bbox 1671 4356 1712 4418; x_wconf 92' lang='lat' dir='ltr'><strong>ad</strong></span> <span class='ocrx_word' id='word_1_498' title='bbox 1735 4374 1842 4433; x_wconf 88' lang='lat' dir='ltr'><strong>quem</strong></span> <span class='ocrx_word' id='word_1_499' title='bbox 1868 4378 1968 4422; x_wconf 84' lang='lat' dir='ltr'><strong>cason</strong></span> 
     </span>
     <span class='ocr_line' id='line_1_44' title="bbox 323 4451 1971 4532; baseline 0.003 -20"><span class='ocrx_word' id='word_1_500' title='bbox 323 4453 414 4513; x_wconf 90' lang='lat' dir='ltr'><strong>mino</strong></span> <span class='ocrx_word' id='word_1_501' title='bbox 434 4451 634 4528; x_wconf 88' lang='lat' dir='ltr'><strong>respondere</strong></span> <span class='ocrx_word' id='word_1_502' title='bbox 654 4467 713 4527; x_wconf 91' lang='lat' dir='ltr'><strong>pro</strong></span> <span class='ocrx_word' id='word_1_503' title='bbox 739 4451 890 4512; x_wconf 90' lang='lat' dir='ltr'><strong>omnibns</strong></span> <span class='ocrx_word' id='word_1_504' title='bbox 909 4467 982 4528; x_wconf 86' lang='lat' dir='ltr'><strong>quae</strong></span> <span class='ocrx_word' id='word_1_505' title='bbox 1005 4451 1122 4514; x_wconf 90' lang='lat' dir='ltr'><strong>tribuit</strong></span> <span class='ocrx_word' id='word_1_506' title='bbox 1177 4454 1256 4514; x_wconf 85' lang='lat' dir='ltr'><strong>Saul</strong></span> <span class='ocrx_word' id='word_1_507' title='bbox 1282 4454 1473 4528; x_wconf 77' lang='lat' dir='ltr'><strong>devenerit,</strong></span> <span class='ocrx_word' id='word_1_508' title='bbox 1500 4469 1539 4516; x_wconf 90' lang='lat' dir='ltr'><strong>eo</strong></span> <span class='ocrx_word' id='word_1_509' title='bbox 1570 4453 1656 4531; x_wconf 89' lang='lat' dir='ltr'><strong>quod</strong></span> <span class='ocrx_word' id='word_1_510' title='bbox 1680 4453 1716 4514; x_wconf 92' lang='lat' dir='ltr'><strong>in</strong></span> <span class='ocrx_word' id='word_1_511' title='bbox 1739 4461 1971 4532; x_wconf 74' lang='lat' dir='ltr'><strong>perseverante</strong></span> 
     </span>
     <span class='ocr_line' id='line_1_45' title="bbox 323 4547 1971 4631; baseline 0.005 -23"><span class='ocrx_word' id='word_1_512' title='bbox 323 4550 395 4626; x_wconf 88' lang='lat' dir='ltr'><strong>ipse</strong></span> <span class='ocrx_word' id='word_1_513' title='bbox 410 4547 498 4608; x_wconf 81' lang='lat' dir='ltr'><strong>sibit</strong></span> <span class='ocrx_word' id='word_1_514' title='bbox 518 4547 659 4608; x_wconf 87' lang='lat' dir='ltr'><strong>Gradere</strong></span> <span class='ocrx_word' id='word_1_515' title='bbox 679 4547 811 4624; x_wconf 89' lang='lat' dir='ltr'><strong>quidem</strong></span> <span class='ocrx_word' id='word_1_516' title='bbox 826 4547 922 4609; x_wconf 90' lang='lat' dir='ltr'><strong>debet</strong></span> <span class='ocrx_word' id='word_1_517' title='bbox 941 4549 974 4609; x_wconf 89' lang='lat' dir='ltr'><strong>et</strong></span> <span class='ocrx_word' id='word_1_518' title='bbox 988 4548 1122 4609; x_wconf 91' lang='lat' dir='ltr'><strong>indubi-</strong></span> <span class='ocrx_word' id='word_1_519' title='bbox 1175 4551 1261 4612; x_wconf 91' lang='lat' dir='ltr'><strong>bono</strong></span> <span class='ocrx_word' id='word_1_520' title='bbox 1281 4567 1347 4612; x_wconf 91' lang='lat' dir='ltr'><strong>non</strong></span> <span class='ocrx_word' id='word_1_521' title='bbox 1368 4551 1468 4613; x_wconf 88' lang='lat' dir='ltr'><strong>stetit.</strong></span> <span class='ocrx_word' id='word_1_522' title='bbox 1486 4551 1740 4613; x_wconf 83' lang='lat' dir='ltr'><strong>Perseverantia</strong></span> <span class='ocrx_word' id='word_1_523' title='bbox 1756 4553 1886 4631; x_wconf 88' lang='lat' dir='ltr'><strong>quippe</strong></span> <span class='ocrx_word' id='word_1_524' title='bbox 1904 4573 1971 4616; x_wconf 86' lang='lat' dir='ltr'><strong>cur-</strong></span> 
     </span>
     <span class='ocr_line' id='line_1_46' title="bbox 322 4643 1968 4726; baseline 0.004 -20"><span class='ocrx_word' id='word_1_525' title='bbox 322 4648 434 4707; x_wconf 90' lang='lat' dir='ltr'><strong>tanter</strong></span> <span class='ocrx_word' id='word_1_526' title='bbox 442 4647 567 4717; x_wconf 88' lang='lat' dir='ltr'><strong>tenere,</strong></span> <span class='ocrx_word' id='word_1_527' title='bbox 585 4643 671 4720; x_wconf 87' lang='lat' dir='ltr'><strong>quod</strong></span> <span class='ocrx_word' id='word_1_528' title='bbox 682 4645 738 4723; x_wconf 89' lang='lat' dir='ltr'><strong>qui</strong></span> <span class='ocrx_word' id='word_1_529' title='bbox 751 4644 854 4705; x_wconf 86' lang='lat' dir='ltr'><strong>David</strong></span> <span class='ocrx_word' id='word_1_530' title='bbox 863 4647 896 4707; x_wconf 90' lang='lat' dir='ltr'><strong>et</strong></span> <span class='ocrx_word' id='word_1_531' title='bbox 908 4645 1015 4706; x_wconf 89' lang='lat' dir='ltr'><strong>omnis</strong></span> <span class='ocrx_word' id='word_1_532' title='bbox 1025 4661 1123 4706; x_wconf 87' lang='lat' dir='ltr'><strong>man·</strong></span> <span class='ocrx_word' id='word_1_533' title='bbox 1175 4649 1302 4710; x_wconf 85' lang='lat' dir='ltr'><strong>rentem</strong></span> <span class='ocrx_word' id='word_1_534' title='bbox 1318 4651 1521 4720; x_wconf 88' lang='lat' dir='ltr'><strong>remunerat,</strong></span> <span class='ocrx_word' id='word_1_535' title='bbox 1543 4647 1743 4726; x_wconf 88' lang='lat' dir='ltr'><strong>roboratque</strong></span> <span class='ocrx_word' id='word_1_536' title='bbox 1758 4655 1968 4725; x_wconf 79' lang='lat' dir='ltr'><strong>pugnantem,</strong></span> 
     </span>
     <span class='ocr_line' id='line_1_47' title="bbox 321 4742 1968 4822; baseline 0.003 -17"><span class='ocrx_word' id='word_1_537' title='bbox 321 4743 505 4805; x_wconf 91' lang='lat' dir='ltr'><strong>suetudinis</strong></span> <span class='ocrx_word' id='word_1_538' title='bbox 521 4745 593 4820; x_wconf 87' lang='lat' dir='ltr'><strong>ejus</strong></span> <span class='ocrx_word' id='word_1_539' title='bbox 609 4742 770 4812; x_wconf 87' lang='lat' dir='ltr'><strong>meminit,</strong></span> <span class='ocrx_word' id='word_1_540' title='bbox 782 4742 840 4804; x_wconf 91' lang='lat' dir='ltr'><strong>ille</strong></span> <span class='ocrx_word' id='word_1_541' title='bbox 853 4742 916 4803; x_wconf 94' lang='lat' dir='ltr'><strong>sibi</strong></span> <span class='ocrx_word' id='word_1_542' title='bbox 930 4753 996 4804; x_wconf 91' lang='lat' dir='ltr'><strong>non</strong></span> <span class='ocrx_word' id='word_1_543' title='bbox 1011 4744 1118 4805; x_wconf 89' lang='lat' dir='ltr'><strong>solum</strong></span> <span class='ocrx_word' id='word_1_544' title='bbox 1176 4761 1273 4822; x_wconf 91' lang='lat' dir='ltr'><strong>quam</strong></span> <span class='ocrx_word' id='word_1_545' title='bbox 1298 4746 1436 4822; x_wconf 74' lang='lat' dir='ltr'><strong>mystice</strong></span> <span class='ocrx_word' id='word_1_546' title='bbox 1465 4746 1682 4822; x_wconf 86' lang='lat' dir='ltr'><strong>repraesentat</strong></span> <span class='ocrx_word' id='word_1_547' title='bbox 1709 4746 1831 4807; x_wconf 86' lang='lat' dir='ltr'><strong>talaris</strong></span> <span class='ocrx_word' id='word_1_548' title='bbox 1866 4753 1968 4812; x_wconf 85' lang='lat' dir='ltr'><strong>tunica</strong></span> 
     </span>
     <span class='ocr_line' id='line_1_48' title="bbox 321 4840 1969 4921; baseline 0.002 -17"><span class='ocrx_word' id='word_1_549' title='bbox 321 4843 401 4905; x_wconf 88' lang='lat' dir='ltr'><strong>lecit</strong></span> <span class='ocrx_word' id='word_1_550' title='bbox 415 4842 448 4903; x_wconf 90' lang='lat' dir='ltr'><strong>et</strong></span> <span class='ocrx_word' id='word_1_551' title='bbox 462 4841 602 4904; x_wconf 91' lang='lat' dir='ltr'><strong>contulit</strong></span> <span class='ocrx_word' id='word_1_552' title='bbox 615 4840 741 4917; x_wconf 83' lang='lat' dir='ltr'><strong>grande</strong></span> <span class='ocrx_word' id='word_1_553' title='bbox 756 4856 876 4902; x_wconf 93' lang='lat' dir='ltr'><strong>nomen</strong></span> <span class='ocrx_word' id='word_1_554' title='bbox 888 4841 986 4918; x_wconf 89' lang='lat' dir='ltr'><strong>juxta</strong></span> <span class='ocrx_word' id='word_1_555' title='bbox 999 4857 1118 4902; x_wconf 89' lang='lat' dir='ltr'><strong>nomen</strong></span> <span class='ocrx_word' id='word_1_556' title='bbox 1170 4843 1254 4920; x_wconf 87' lang='lat' dir='ltr'><strong>justi</strong></span> <span class='ocrx_word' id='word_1_557' title='bbox 1267 4843 1401 4921; x_wconf 84' lang='lat' dir='ltr'><strong>loseph,</strong></span> <span class='ocrx_word' id='word_1_558' title='bbox 1417 4859 1490 4921; x_wconf 86' lang='lat' dir='ltr'><strong>quae</strong></span> <span class='ocrx_word' id='word_1_559' title='bbox 1507 4859 1609 4920; x_wconf 90' lang='lat' dir='ltr'><strong>usqne</strong></span> <span class='ocrx_word' id='word_1_560' title='bbox 1625 4843 1665 4903; x_wconf 91' lang='lat' dir='ltr'><strong>ad</strong></span> <span class='ocrx_word' id='word_1_561' title='bbox 1681 4843 1807 4919; x_wconf 90' lang='lat' dir='ltr'><strong>pedum</strong></span> <span class='ocrx_word' id='word_1_562' title='bbox 1815 4849 1969 4911; x_wconf 85' lang='lat' dir='ltr'><strong>extremi-</strong></span> 
     </span>
     <span class='ocr_line' id='line_1_49' title="bbox 321 4938 1968 5022; baseline 0.003 -20"><span class='ocrx_word' id='word_1_563' title='bbox 321 4956 517 5019; x_wconf 90' lang='lat' dir='ltr'><strong>magnorum</strong></span> <span class='ocrx_word' id='word_1_564' title='bbox 532 4940 589 5016; x_wconf 91' lang='lat' dir='ltr'><strong>qui</strong></span> <span class='ocrx_word' id='word_1_565' title='bbox 604 4938 682 5000; x_wconf 90' lang='lat' dir='ltr'><strong>sunt</strong></span> <span class='ocrx_word' id='word_1_566' title='bbox 700 4939 736 4999; x_wconf 93' lang='lat' dir='ltr'><strong>in</strong></span> <span class='ocrx_word' id='word_1_567' title='bbox 754 4941 855 5010; x_wconf 85' lang='lat' dir='ltr'><strong>terra,</strong></span> <span class='ocrx_word' id='word_1_568' title='bbox 877 4953 993 4999; x_wconf 80' lang='lat' dir='ltr'><strong>verum</strong></span> <span class='ocrx_word' id='word_1_569' title='bbox 1019 4939 1118 5000; x_wconf 91' lang='lat' dir='ltr'><strong>etiam</strong></span> <span class='ocrx_word' id='word_1_570' title='bbox 1174 4941 1275 5003; x_wconf 89' lang='lat' dir='ltr'><strong>tatem</strong></span> <span class='ocrx_word' id='word_1_571' title='bbox 1291 4941 1454 5017; x_wconf 92' lang='lat' dir='ltr'><strong>pervenit.</strong></span> <span class='ocrx_word' id='word_1_572' title='bbox 1470 4943 1548 5004; x_wconf 86' lang='lat' dir='ltr'><strong>llaec</strong></span> <span class='ocrx_word' id='word_1_573' title='bbox 1563 4941 1613 5003; x_wconf 89' lang='lat' dir='ltr'><strong>est</strong></span> <span class='ocrx_word' id='word_1_574' title='bbox 1628 4941 1717 5002; x_wconf 88' lang='lat' dir='ltr'><strong>enim</strong></span> <span class='ocrx_word' id='word_1_575' title='bbox 1735 4940 1835 5004; x_wconf 88' lang='lat' dir='ltr'><strong>bonae</strong></span> <span class='ocrx_word' id='word_1_576' title='bbox 1859 4961 1968 5022; x_wconf 78' lang='lat' dir='ltr'><strong>opera-</strong></span> 
     </span>
     <span class='ocr_line' id='line_1_50' title="bbox 322 5033 2018 5119; baseline 0.002 -20"><span class='ocrx_word' id='word_1_577' title='bbox 322 5053 459 5115; x_wconf 89' lang='lat' dir='ltr'><strong>regnum</strong></span> <span class='ocrx_word' id='word_1_578' title='bbox 481 5052 577 5097; x_wconf 88' lang='lat' dir='ltr'><strong>sunm</strong></span> <span class='ocrx_word' id='word_1_579' title='bbox 596 5034 656 5095; x_wconf 90' lang='lat' dir='ltr'><strong>snb</strong></span> <span class='ocrx_word' id='word_1_580' title='bbox 672 5036 744 5112; x_wconf 91' lang='lat' dir='ltr'><strong>ejus</strong></span> <span class='ocrx_word' id='word_1_581' title='bbox 763 5033 925 5110; x_wconf 89' lang='lat' dir='ltr'><strong>regimine</strong></span> <span class='ocrx_word' id='word_1_582' title='bbox 942 5033 1119 5110; x_wconf 85' lang='lat' dir='ltr'><strong>gloriosius</strong></span> <span class='ocrx_word' id='word_1_583' title='bbox 1174 5037 1275 5098; x_wconf 91' lang='lat' dir='ltr'><strong>tionis</strong></span> <span class='ocrx_word' id='word_1_584' title='bbox 1295 5038 1482 5110; x_wconf 86' lang='lat' dir='ltr'><strong>calcaneus,</strong></span> <span class='ocrx_word' id='word_1_585' title='bbox 1505 5053 1601 5116; x_wconf 90' lang='lat' dir='ltr'><strong>quem</strong></span> <span class='ocrx_word' id='word_1_586' title='bbox 1620 5038 1753 5114; x_wconf 89' lang='lat' dir='ltr'><strong>sapiens</strong></span> <span class='ocrx_word' id='word_1_587' title='bbox 1777 5053 1799 5100; x_wconf 91' lang='lat' dir='ltr'><strong>a</strong></span> <span class='ocrx_word' id='word_1_588' title='bbox 1821 5047 1967 5119; x_wconf 77' lang='lat' dir='ltr'><strong>serpente</strong></span> <span class='ocrx_word' id='word_1_589' title='bbox 2017 5059 2018 5062; x_wconf 45' lang='lat'>¹</span> 
     </span>
     <span class='ocr_line' id='line_1_51' title="bbox 322 5131 2018 5222; baseline 0.002 -23"><span class='ocrx_word' id='word_1_590' title='bbox 322 5135 453 5199; x_wconf 83' lang='lat' dir='ltr'><strong>coeteris</strong></span> <span class='ocrx_word' id='word_1_591' title='bbox 481 5133 652 5206; x_wconf 85' lang='lat' dir='ltr'><strong>exaltavit,</strong></span> <span class='ocrx_word' id='word_1_592' title='bbox 681 5132 878 5210; x_wconf 88' lang='lat' dir='ltr'><strong>inunxitque</strong></span> <span class='ocrx_word' id='word_1_593' title='bbox 908 5131 1017 5209; x_wconf 90' lang='lat' dir='ltr'><strong>ipsum</strong></span> <span class='ocrx_word' id='word_1_594' title='bbox 1046 5131 1119 5194; x_wconf 91' lang='lat' dir='ltr'><strong>oleo</strong></span> <span class='ocrx_word' id='word_1_595' title='bbox 1175 5135 1328 5197; x_wconf 88' lang='lat' dir='ltr'><strong>custodit.</strong></span> <span class='ocrx_word' id='word_1_596' title='bbox 1346 5135 1609 5197; x_wconf 87' lang='lat' dir='ltr'><strong>Haecestcanda</strong></span> <span class='ocrx_word' id='word_1_597' title='bbox 1636 5134 1753 5197; x_wconf 87' lang='lat' dir='ltr'><strong>hostiae</strong></span> <span class='ocrx_word' id='word_1_598' title='bbox 1769 5153 1873 5214; x_wconf 85' lang='lat' dir='ltr'><strong>quarn</strong></span> <span class='ocrx_word' id='word_1_599' title='bbox 1890 5159 1967 5218; x_wconf 78' lang='lat' dir='ltr'><strong>pra-</strong></span> <span class='ocrx_word' id='word_1_600' title='bbox 2017 5209 2018 5222; x_wconf 14' lang='grc' dir='ltr'>ἦ</span> 
     </span>
     <span class='ocr_line' id='line_1_52' title="bbox 322 5228 1966 5311; baseline 0.004 -18"><span class='ocrx_word' id='word_1_601' title='bbox 322 5233 446 5296; x_wconf 85' lang='lat' dir='ltr'><strong>laetitiae</strong></span> <span class='ocrx_word' id='word_1_602' title='bbox 463 5247 530 5309; x_wconf 85' lang='lat' dir='ltr'><strong>praa</strong></span> <span class='ocrx_word' id='word_1_603' title='bbox 550 5229 679 5292; x_wconf 86' lang='lat' dir='ltr'><strong>cunctis</strong></span> <span class='ocrx_word' id='word_1_604' title='bbox 698 5228 832 5305; x_wconf 89' lang='lat' dir='ltr'><strong>regibus</strong></span> <span class='ocrx_word' id='word_1_605' title='bbox 852 5231 908 5307; x_wconf 91' lang='lat' dir='ltr'><strong>qni</strong></span> <span class='ocrx_word' id='word_1_606' title='bbox 933 5245 1020 5290; x_wconf 92' lang='lat' dir='ltr'><strong>nnnc</strong></span> <span class='ocrx_word' id='word_1_607' title='bbox 1039 5229 1119 5290; x_wconf 88' lang='lat' dir='ltr'><strong>ads·</strong></span> <span class='ocrx_word' id='word_1_608' title='bbox 1175 5233 1263 5311; x_wconf 91' lang='lat' dir='ltr'><strong>cepit</strong></span> <span class='ocrx_word' id='word_1_609' title='bbox 1291 5249 1366 5295; x_wconf 90' lang='lat' dir='ltr'><strong>cum</strong></span> <span class='ocrx_word' id='word_1_610' title='bbox 1394 5234 1529 5295; x_wconf 79' lang='lat' dir='ltr'><strong>victima</strong></span> <span class='ocrx_word' id='word_1_611' title='bbox 1557 5233 1614 5294; x_wconf 89' lang='lat' dir='ltr'><strong>lox</strong></span> <span class='ocrx_word' id='word_1_612' title='bbox 1647 5234 1774 5294; x_wconf 84' lang='lat' dir='ltr'><strong>offerri.</strong></span> <span class='ocrx_word' id='word_1_613' title='bbox 1801 5237 1966 5298; x_wconf 79' lang='lat' dir='ltr'><strong>Menenius</strong></span> 
     </span>
     <span class='ocr_line' id='line_1_53' title="bbox 322 5325 1966 5407; baseline 0.004 -16"><span class='ocrx_word' id='word_1_614' title='bbox 322 5332 404 5402; x_wconf 89' lang='lat' dir='ltr'><strong>tant,</strong></span> <span class='ocrx_word' id='word_1_615' title='bbox 423 5345 538 5407; x_wconf 91' lang='lat' dir='ltr'><strong>pacem</strong></span> <span class='ocrx_word' id='word_1_616' title='bbox 555 5327 619 5390; x_wconf 89' lang='lat' dir='ltr'><strong>sibi</strong></span> <span class='ocrx_word' id='word_1_617' title='bbox 643 5327 684 5388; x_wconf 91' lang='lat' dir='ltr'><strong>de</strong></span> <span class='ocrx_word' id='word_1_618' title='bbox 708 5327 777 5388; x_wconf 92' lang='lat' dir='ltr'><strong>suis</strong></span> <span class='ocrx_word' id='word_1_619' title='bbox 802 5325 951 5388; x_wconf 90' lang='lat' dir='ltr'><strong>hostibus</strong></span> <span class='ocrx_word' id='word_1_620' title='bbox 972 5327 1119 5388; x_wconf 91' lang='lat' dir='ltr'><strong>circum·</strong></span> <span class='ocrx_word' id='word_1_621' title='bbox 1175 5332 1335 5407; x_wconf 89' lang='lat' dir='ltr'><strong>praeterea</strong></span> <span class='ocrx_word' id='word_1_622' title='bbox 1351 5329 1502 5393; x_wconf 90' lang='lat' dir='ltr'><strong>eumdem</strong></span> <span class='ocrx_word' id='word_1_623' title='bbox 1526 5332 1562 5392; x_wconf 92' lang='lat' dir='ltr'><strong>ut</strong></span> <span class='ocrx_word' id='word_1_624' title='bbox 1581 5331 1687 5394; x_wconf 87' lang='lat' dir='ltr'><strong>filium</strong></span> <span class='ocrx_word' id='word_1_625' title='bbox 1707 5331 1918 5396; x_wconf 85' lang='lat' dir='ltr'><strong>carissimum</strong></span> <span class='ocrx_word' id='word_1_626' title='bbox 1940 5343 1966 5398; x_wconf 88' lang='lat' dir='ltr'><strong>et</strong></span> 
     </span>
    </p>
   </div>
   <div class='ocr_carea' id='block_1_5' title="bbox 319 5456 1965 5609">
    <p class='ocr_par' dir='ltr' id='par_1_5' title="bbox 319 5456 1965 5609">
     <span class='ocr_line' id='line_1_54' title="bbox 357 5456 1965 5541; baseline 0.008 -25"><span class='ocrx_word' id='word_1_627' title='bbox 357 5459 397 5532; x_wconf 82' lang='lat' dir='ltr'><strong>(lt</strong></span> <span class='ocrx_word' id='word_1_628' title='bbox 417 5461 479 5516; x_wconf 89' lang='lat' dir='ltr'><strong>Non</strong></span> <span class='ocrx_word' id='word_1_629' title='bbox 501 5475 588 5518; x_wconf 89' lang='lat' dir='ltr'><strong>unam</strong></span> <span class='ocrx_word' id='word_1_630' title='bbox 602 5459 692 5533; x_wconf 76' lang='lat' dir='ltr'><strong>iurgii</strong></span> <span class='ocrx_word' id='word_1_631' title='bbox 711 5473 828 5516; x_wconf 84' lang='lat' dir='ltr'><strong>causam</strong></span> <span class='ocrx_word' id='word_1_632' title='bbox 850 5456 949 5516; x_wconf 84' lang='lat' dir='ltr'><strong>habuit</strong></span> <span class='ocrx_word' id='word_1_633' title='bbox 971 5459 1121 5515; x_wconf 78' lang='lat' dir='ltr'><strong>Manassae</strong></span> <span class='ocrx_word' id='word_1_634' title='bbox 1174 5462 1224 5519; x_wconf 83' lang='lat' dir='ltr'><strong>tlte</strong></span> <span class='ocrx_word' id='word_1_635' title='bbox 1245 5462 1279 5518; x_wconf 77' lang='lat' dir='ltr'><strong>da</strong></span> <span class='ocrx_word' id='word_1_636' title='bbox 1297 5463 1379 5530; x_wconf 76' lang='lat' dir='ltr'><strong>llari,</strong></span> <span class='ocrx_word' id='word_1_637' title='bbox 1401 5469 1432 5519; x_wconf 86' lang='lat' dir='ltr'><strong>ut</strong></span> <span class='ocrx_word' id='word_1_638' title='bbox 1452 5461 1550 5520; x_wconf 83' lang='lat' dir='ltr'><strong>videro</strong></span> <span class='ocrx_word' id='word_1_639' title='bbox 1573 5469 1617 5520; x_wconf 87' lang='lat' dir='ltr'><strong>est</strong></span> <span class='ocrx_word' id='word_1_640' title='bbox 1636 5469 1715 5520; x_wconf 88' lang='lat' dir='ltr'><strong>torno</strong></span> <span class='ocrx_word' id='word_1_641' title='bbox 1742 5472 1842 5522; x_wconf 82' lang='lat' dir='ltr'><strong>nostro</strong></span> <span class='ocrx_word' id='word_1_642' title='bbox 1871 5467 1965 5541; x_wconf 75' lang='lat' dir='ltr'><strong>litlll,</strong></span> 
     </span>
     <span class='ocr_line' id='line_1_55' title="bbox 319 5528 1462 5609; baseline -0.001 -18"><span class='ocrx_word' id='word_1_643' title='bbox 319 5530 536 5591; x_wconf 77' lang='lat' dir='ltr'><strong>Aurelianensis</strong></span> <span class='ocrx_word' id='word_1_644' title='bbox 550 5531 702 5605; x_wconf 86' lang='lat' dir='ltr'><strong>episcopus</strong></span> <span class='ocrx_word' id='word_1_645' title='bbox 717 5545 782 5589; x_wconf 81' lang='lat' dir='ltr'><strong>curn</strong></span> <span class='ocrx_word' id='word_1_646' title='bbox 803 5531 936 5590; x_wconf 80' lang='lat' dir='ltr'><strong>iohanne</strong></span> <span class='ocrx_word' id='word_1_647' title='bbox 958 5528 1047 5588; x_wconf 92' lang='lat' dir='ltr'><strong>nobiti</strong></span> <span class='ocrx_word' id='word_1_648' title='bbox 1064 5531 1116 5588; x_wconf 83' lang='lat' dir='ltr'><strong>nri·</strong></span> <span class='ocrx_word' id='word_1_649' title='bbox 1176 5548 1203 5607; x_wconf 92' lang='lat' dir='ltr'><strong>p.</strong></span> <span class='ocrx_word' id='word_1_650' title='bbox 1221 5533 1282 5593; x_wconf 79' lang='lat' dir='ltr'><strong>ru.</strong></span> <span class='ocrx_word' id='word_1_651' title='bbox 1297 5535 1462 5609; x_wconf 77' lang='lat' dir='ltr'><strong>(bouquet.)</strong></span> 
     </span>
    </p>
   </div>
   <div class='ocr_carea' id='block_1_6' title="bbox 0 0 2086 6424">
    <p class='ocr_par' dir='ltr' id='par_1_6' title="bbox 0 0 2086 6424">
     <span class='ocr_line' id='line_1_56' title="bbox 0 0 2086 6424; baseline 0 0"><span class='ocrx_word' id='word_1_652' title='bbox 0 0 2086 6424; x_wconf 95' lang='lat' dir='ltr'><strong> </strong></span> 
     </span>
    </p>
   </div>
  </div>
 </body>
</html>
