4234 6408
252 271 314 340 aro
611 251 616 262 '
879 256 1124 322 norvanum
1146 259 1294 324 ornan.
1842 270 1905 333 230

250 433 326 497 licis
353 427 594 495 recordationis
623 428 649 488 1.
678 429 769 502 Papa
804 425 1048 504 praedecessore
1103 440 1139 486 se
1153 423 1299 505 gravari,
1316 420 1358 486 ad
1375 420 1493 487 sedem
1507 425 1733 504 Apostollcam
1753 431 1904 510 appella·-

252 532 378 604 nostro‚
401 529 443 591 ad
464 527 620 589 dilectum
644 525 749 586 illium
771 523 922 587 abbatem
939 525 1048 587 Mari·
1101 521 1161 584 vit.
1183 521 1317 584 ludices
1338 536 1430 594 vero,
1445 521 1554 599 ipsius
1577 523 1801 602 appellatione
1816 545 1901 592 con-

251 629 373 692 montis
386 627 419 689 et
430 625 621 702 conjudices
635 639 726 692 suos,
740 623 855 685 contra
870 621 964 684 bonae
980 639 1049 684 me·
1101 617 1241 696 tempta,
1262 619 1298 680 in
1316 619 1425 696 ipsum
1446 622 1803 686 excommunicationis
1824 643 1904 689 sen-

251 726 366 790 moriae
407 722 659 785 Laudunensem
698 721 906 799 episcopum,
948 736 1049 798 super
1102 717 1239 779 tentiam
1260 717 1481 794 protulerunt,
1495 734 1516 780 a
1531 736 1596 797 qua
1613 721 1777 784 sententia
1793 724 1903 802 ipsum

250 822 474 904 provisionem
509 836 619 893 suam,
656 819 785 882 litteras
824 819 1046 897 impetrasset,
1103 815 1144 877 ad
1175 814 1340 877 cautelam
1374 815 1474 892 primi
1505 816 1638 894 judices
1674 820 1901 888 absolverunt.

251 923 339 986 idem
353 921 526 999 episcopus
541 919 582 980 ad
598 919 887 980 commonitionem
897 916 1047 994 judicum
1104 913 1197 976 Unde
1217 914 1417 991 supplicavit
1436 913 1533 976 nobis
1554 915 1697 978 clericus
1724 919 1901 996 praedictus

250 1019 496 1100 praedictorum,
530 1017 704 1095 praeiatum
739 1014 977 1078 subdiaconum
1011 1014 1048 1075 in
1103 1011 1141 1073 ut
1158 1011 1327 1074 laboribus
1342 1013 1375 1074 et
1390 1013 1546 1090 expensis
1568 1014 1639 1074 suis
1656 1017 1796 1093 paterno
1811 1035 1903 1080 com-

252 1133 314 1180 sua
338 1115 527 1194 provisione
550 1114 727 1191 recipiens,
752 1114 824 1176 octo
853 1113 916 1174 sibi
944 1111 1048 1174 libras
1103 1110 1266 1188 patientes
1294 1109 1416 1172 affectu
1448 1111 1483 1172 in
1517 1112 1659 1176 ecclesia
1688 1114 1902 1179 Laudunensi

252 1215 478 1277 laudunenses
509 1212 708 1289 assignavit,
736 1211 841 1273 donec
873 1211 981 1274 eidem
1014 1211 1049 1274 in
1103 1208 1289 1270 faceremus
1317 1207 1486 1270 eidemin
1514 1211 1716 1288 competenti
1739 1212 1902 1276 beneflcio

250 1311 450 1390 competenti
460 1309 623 1372 beneflcio
632 1309 830 1387 provideret
838 1312 962 1372 Verum
969 1311 1050 1372 tem·
1103 1306 1282 1386 provideri.
1299 1308 1367 1369 Nos
1382 1307 1486 1383 igitur
1509 1324 1567 1386 per
1586 1308 1717 1372 fidelem
1733 1314 1903 1376 narratio-

251 1408 552 1490 poreprocedente,
577 1425 677 1486 quum
699 1408 823 1486 pluries
847 1423 948 1484 super
970 1424 1051 1486 pro-
1103 1422 1178 1468 nem
1202 1405 1354 1482 magistri
1375 1405 1493 1482 gratiae
1519 1406 1684 1484 capellani
1707 1411 1824 1484 nostri,
1846 1411 1903 1472 cui

250 1508 380 1570 visione
415 1523 476 1568 sua
511 1506 669 1568 obtulerit
694 1523 730 1567 se
759 1506 911 1579 facultas,
941 1507 1048 1568 eidem
1103 1503 1251 1581 ejusdem
1273 1503 1387 1566 clerici
1413 1503 1453 1565 de
1479 1503 1635 1566 mandato
1661 1507 1775 1569 nostro
1802 1524 1902 1586 super

249 1605 357 1669 noluit
369 1605 555 1684 providere.
569 1604 662 1666 Unde
673 1603 752 1667 dicti
758 1605 889 1682 judices
902 1605 1049 1682 episcopi
1103 1602 1171 1665 toto
1196 1602 1328 1677 negotio
1350 1600 1499 1664 exhibita
1514 1603 1735 1666 instrumenta
1755 1605 1899 1680 suerunt,

250 1705 358 1782 ipsius
381 1702 639 1766 inobedientiam
661 1702 880 1775 attendentes,
898 1703 1049 1765 eumdem
1104 1699 1292 1762 demeritis
1316 1699 1423 1777 ipsius
1446 1700 1625 1777 diligenter
1648 1702 1814 1774 instructi,
1834 1721 1900 1766 no-

251 1817 272 1864 a
291 1801 452 1879 potestate
476 1799 668 1862 conterendi
689 1798 851 1862 beneficia
867 1800 1050 1877 suspende-
1104 1797 1210 1860 lentes
1232 1798 1383 1860 eumdem
1399 1797 1557 1860 clericum
1582 1799 1638 1877 qui
1660 1816 1750 1878 spem
1774 1801 1814 1862 de
1838 1818 1900 1864 sua

251 1899 341 1962 runt.
358 1902 464 1971 Quum
488 1899 599 1960 autem
620 1913 681 1976 per
698 1897 831 1958 modum
843 1898 978 1960 vacaret
991 1897 1050 1960 be-
1104 1897 1294 1974 provisione
1318 1897 1469 1974 concepit
1497 1895 1655 1959 frustrari
1682 1899 1805 1961 diutius
1829 1915 1900 1962 suae

253 1997 410 2058 aeficium
430 1991 466 2056 in
487 1995 628 2057 ecclesia
644 1995 867 2067 laudunensi,
885 1995 1048 2074 1161111-
1103 1995 1298 2057 intentionis
1331 1993 1466 2067 effectu,
1493 2010 1568 2056 cum
1598 2012 1665 2057 non
1695 1996 1811 2058 deceat
1838 2013 1901 2059 nos

252 2093 344 2156 dices
380 2093 458 2169 quia
493 2109 673 2170 suspensus
711 2095 784 2156 erat
817 2110 836 2154 a
872 2093 1049 2155 collatione
1104 2092 1270 2154 dimittere
1300 2091 1525 2170 inexpletum,
1558 2093 1645 2171 quod
1678 2094 1902 2171 praedecessor

252 2189 488 2252 beneficiorum
504 2190 678 2268 episcopus
689 2192 901 2260 memoratus,
913 2207 951 2252 eo
963 2191 1048 2269 quod
1103 2191 1218 2252 noster
1242 2190 1283 2252 de
1310 2190 1383 2268 ipso
1414 2190 1676 2252 misericorditer
1703 2191 1899 2270 inchoaturp

253 2289 398 2351 monitus
421 2288 612 2351 multotiens
640 2288 808 2350 antedicto
834 2289 1047 2359 subdiacono,
1104 2288 1297 2351 discretioni
1322 2290 1442 2351 vestrae
1468 2305 1528 2366 per
1554 2288 1745 2366 Apostolica
1765 2291 1899 2368 scripta,

252 2403 328 2448 cum
343 2387 515 2464 potuisset,
532 2387 638 2447 noluit
652 2387 827 2463 providere
841 2386 882 2448 de
900 2386 1049 2463 pruden-
1104 2387 1192 2448 etc...
1207 2386 1293 2464 quod
1313 2386 1342 2448 si
1356 2385 1520 2464 'praefatus
1542 2386 1767 2450 subdiaconus
1781 2388 1822 2450 ad
1837 2388 1901 2450 lroc

251 2485 334 2546 tium
361 2485 510 2546 virorum
545 2484 696 2554 consilio,
728 2483 816 2545 idem
852 2483 1049 2546 beneficium
1103 2484 1242 2546 idoneus
1275 2483 1386 2557 luerit,
1416 2486 1450 2547 et
1481 2483 1707 2548 ecclesiastico
1738 2485 1900 2549 beneflcio

251 2582 449 2644 auctoritate
488 2580 552 2642 sibi
591 2581 780 2658 apostolica
821 2581 1047 2651 contulerunt,
1104 2599 1170 2644 non
1185 2581 1353 2658 indignus,
1378 2582 1414 2643 in
1436 2582 1548 2660 aliqua
1572 2583 1790 2644 ecclesiarum
1812 2587 1902 2646 Lau-

252 2680 387 2743 stallum
401 2680 437 2740 in
451 2679 552 2742 clroro
575 2681 608 2741 et
624 2679 733 2741 locum
747 2679 782 2741 in
798 2679 942 2757 capitulo
962 2681 1050 2741 assi·
1104 2679 1248 2753 dunen,
1287 2680 1323 2742 in
1360 2681 1559 2757 competenti
1604 2679 1765 2744 beneficio
1806 2697 1899 2758 prae-

251 2779 403 2854 gnantes.
433 2777 525 2850 Quod
554 2777 698 2839 ministri
724 2778 871 2855 episcopi
896 2794 936 2840 eo
962 2777 1049 2856 apud
1103 2777 1237 2840 bendali
1269 2777 1332 2840 sibi
1358 2779 1555 2840 auctoritate
1583 2781 1697 2841 nostra
1725 2779 1900 2856 providere

254 2875 431 2936 consilium
444 2875 634 2946 constituto,
651 2874 805 2935 manibus
822 2875 857 2936 iu
873 2875 981 2952 ipsum
996 2875 1051 2934 in·
1105 2877 1228 2938 curetis
1246 2876 1286 2937 de
1307 2891 1371 2954 quo
1394 2876 1505 2938 valeat
1525 2876 1694 2938 commode
1707 2878 1897 2950 sustentari,

248 2973 350 3050 jectis
375 2973 499 3034 temere
523 2971 693 3044 violentis,
719 2971 942 3048 praetermisso
962 2973 1049 3050 juris
1105 2974 1364 3036 contradictores
1391 2973 1424 3036 et
1446 2973 1587 3036 rebelles
1606 2990 1666 3050 per
1685 2990 1843 3038 censuras
1868 2975 1901 3038 et

253 3069 385 3142 ordine,
414 3069 601 3146 spoliarunt
630 3068 665 3130 in
699 3071 920 3147 contemptum
955 3070 1049 3131 Sedis
1104 3071 1327 3148 appellatione
1341 3071 1524 3148 postposita
1542 3072 1791 3149 compescendo.
1808 3071 1899 3144 Quod

252 3166 452 3244 Apostolicae
478 3182 517 3228 ac
543 3166 648 3244 ipsius
673 3166 788 3228 clerici
817 3168 1050 3246 praejudicium
1105 3169 1133 3230 si
1143 3184 1211 3230 non
1227 3183 1353 3242 omues,
1366 3168 1529 3230 etc...du0
1540 3185 1666 3240 eorum,
1681 3170 1899 3232 etc...Datum

253 3280 322 3326 uon
338 3263 503 3326 modicum
518 3265 551 3327 et
566 3256 757 3341 gravamen.
772 3268 876 3327 Porro
890 3281 963 3326 cum
980 3266 1052 3328 dio-
1105 3266 1273 3339 Laterani,
1291 3269 1352 3328 XII
1367 3267 1528 3328 kalendas
1549 3267 1672 3341 martii,
1689 3266 1899 3346 pontificatus

252 3363 307 3424 tus
328 3363 471 3426 clericus
485 3364 665 3441 potentiam
680 3363 827 3442 episcopi
843 3361 1048 3437 formidaret,
1105 3365 1210 3428 nostri
1221 3381 1309 3428 anno
1322 3365 1439 3444 primo.

252 3477 297 3522 ex
311 3477 350 3523 eo
366 3461 452 3538 quod
474 3461 653 3538 potentiori
667 3477 730 3539 par
750 3477 823 3523 esse
844 3478 911 3524 non
926 3462 1047 3540 posset,

251 3559 450 3622 auctoritate
462 3560 613 3638 judicum
634 3559 869 3638 predictorum
885 3576 958 3622 cum
971 3575 1051 3638 pro-
1395 3596 1602 3684 CCXXVH

252 3659 406 3720 curatore
431 3659 562 3735 praelati
588 3658 750 3736 episcopi,
778 3658 874 3735 quasi
901 3659 1047 3732 coactus

252 3755 348 3818 fluxit
379 3757 493 3818 taliter
525 3757 798 3832 00¹¹¹P⁰¹1³1¹d11ffl=
828 3757 915 3834 quod
942 3758 1049 3834 Prima
1103 3771 1155 3832 Ad
1175 3767 1376 3830 abbatemet
1390 3767 1597 3829 conventum
1610 3767 1729 3828 Sancti
1749 3765 1897 3828 Martini

251 3853 325 3914 octo
349 3853 510 3914 librarum
533 3853 726 3914 laudunen.
747 3854 894 3930 provisio
916 3853 1051 3917 deberet
1143 3869 1184 3930 dg
1197 3868 1315 3930 Monte
1335 3866 1568 3934 viterbiensis,
1580 3865 1819 3928 cmm-opem
1833 3877 1895 3926 or-

252 3951 290 4011 in
318 3965 447 4012 summa
477 3949 590 4011 decem
623 3950 784 4012 librarum
815 3951 1049 4028 parisiensium
1145 3967 1245 4026 arnis,

252 4049 473 4126 augmentari,
488 4063 659 4126 quousque
671 4048 737 4127 ipsi
750 4048 870 4111 clerico
881 4047 999 4112 suisset
1008 4049 1048 4112 de

249 4145 413 4209 beneficio
425 4146 544 4224 viginti
558 4145 699 4208 duarum
714 4145 874 4208 librarum
889 4147 1051 4223 parisien·
1389 4146 1422 4204 l8
1441 4144 1511 4204 iebr.
1533 4145 1612 4205 1117.

250 4245 337 4306 sium
356 4244 391 4306 in
408 4245 603 4322 episcopatu
625 4243 839 4306 Laudunensi
864 4244 1047 4322 provisum.
1253 4259 1746 4329 ffluuanumvmaanum.t.1,p.so].

250 4343 291 4406 Et
324 4343 403 4406 licet
441 4342 713 4420 compositionem
748 4343 856 4420 ipsam
896 4342 1048 4404 officialis

251 4441 399 4520 episcopi
418 4441 586 4503 redactam
600 4441 636 4501 in
651 4441 784 4517 scriptis
808 4441 918 4518 sigillo
934 4440 1050 4504 fecerit
1103 4425 1324 4487 C⁰⁰⁰⁰⁸⁸i⁰¹¹0ffl
1349 4423 1587 4497 111111111011111
1612 4421 1797 4480 ecclesiastici
1816 4419 1901 4478 1)θῦ6·

252 4539 484 4600 Laudunensis
508 4539 610 4599 eurjae
637 4539 846 4606 communiri,
869 4539 976 4600 dictus
997 4540 1050 4602 ta,
1138 4515 1241 4592 flciiin
1262 4513 1384 4571 ecclesia
1399 4511 1435 4568 de
1447 4510 1595 4581 lloleham,
1613 4525 1628 4567 a
1644 4509 1775 4568 iohanne
1787 4509 1899 4582 Anglie

252 4652 329 4697 men
344 4637 518 4712 episcopus
531 4651 551 4696 a
566 4635 713 4697 Concilio
728 4635 861 4696 rediens
873 4637 908 4696 in
922 4635 1049 4697 elusio,
1138 4621 1209 4679 rege
1233 4603 1336 4661 iactam
1358 4600 1457 4659 lavore
1476 4600 1643 4702 monasterii
1667 4600 1763 4657 Sancti
1787 4597 1901 4657 llartini

1138 4693 1175 4751 dc
1186 4695 1292 4761 lionte,
1306 4688 1435 4764 alqueab
1450 4691 1619 4748 Innocentio
1632 4690 1673 4747 lll
1688 4687 1898 4758 confirmatam,

252 4749 329 4796 nem
358 4733 504 4795 mandati
535 4732 718 4811 Ap⁰st⁰¹i⁰i
751 4749 813 4810 per
846 4732 974 4797 litteras
1006 4734 1048 4796 ad
1139 4796 1214 4840 novo
1237 4778 1574 4852 corroborutprivilegio.
1593 4777 1647 4852 (Ex
1663 4777 1779 4835 Archiv.
1800 4777 1899 4850 Apost.

252 4831 466 4909 praepositum
489 4829 764 4892 suessionensem
780 4831 813 4891 et
832 4846 909 4893 suos
931 4833 1051 4908 conju-
1138 4869 1231 4932 vatic.
1263 4868 1293 4926 in
1323 4869 1428 4939 Rem
1453 4868 1479 4925 ι,
1502 4863 1621 4926 Honoffi
1642 4867 1694 4924 lli.
1715 4865 1805 4939 Epist,
1836 4865 1900 4934 273,

252 4929 343 4991 dices
364 4929 570 5006 impetratas,
586 4943 669 5006 pene
687 4928 814 4989 nullam
833 4928 992 4991 iacientes
1007 4930 1048 4990 de
1139 4957 1187 5017 sol·
1199 4955 1257 5030 37)Ι

251 5044 411 5108 processu
432 5027 558 5104 negotii
579 5027 793 5099 mentionem,
816 5027 926 5105 ipsum
946 5028 1051 5090 traxit

251 5128 287 5189 iu
311 5141 447 5189 causam
469 5125 644 5188 intendens
667 5127 734 5188 tam
758 5126 865 5202 prima
881 5140 980 5204 quam
995 5141 1051 5186 se-
1143 5119 1312 5183 Honorius
1322 5119 1498 5196 episcopus
1509 5131 1637 5189 servae,
1647 5115 1901 5185 servorumDei,

252 5226 361 5287 cunda
382 5225 574 5301 provisione
595 5223 719 5285 dictum
741 5223 899 5285 clericum
915 5221 1051 5284 deirau-
1104 5219 1233 5281 dilectis
1269 5217 1347 5278 liliis
1379 5215 1492 5277 abbati
1519 5215 1552 5276 et
1577 5215 1755 5276 conventui
1789 5213 1903 5276 Sancti

251 5323 343 5385 dare.
364 5323 527 5384 Caeterum
542 5337 642 5399 quum
665 5322 766 5383 iidem
783 5321 915 5398 judices
932 5320 1048 5396 legiti·
1104 5317 1240 5380 Martini
1255 5315 1296 5377 de
1310 5311 1627 5385 monteviterbien„
1641 5311 1834 5375 cistercien.
1851 5326 1904 5373 or·

252 5437 324 5482 mas
339 5420 552 5498 exceptiones
572 5419 719 5498 ejusdem
741 5418 856 5481 clerici
874 5417 1049 5480 admittere
1104 5415 1207 5488 dinis,
1229 5412 1371 5475 salutem
1395 5411 1428 5472 et
1450 5409 1674 5488 apostolicam
1697 5408 1903 5472 benedictio-

252 5517 457 5590 recusarent,
490 5532 590 5596 quum
627 5507 730 5594 penes
763 5517 888 5595 primos
919 5515 1049 5593 judices
1104 5529 1191 5577 nem.

246 5614 440 5696 jurisdictio
464 5615 636 5689 resideret,
650 5615 685 5676 in
701 5615 743 5676 iis
758 5615 790 5677 et
805 5614 881 5676 aliis
902 5614 1048 5676 sentiens
1144 5609 1247 5675 Justis
1271 5607 1453 5687 petentium
1482 5604 1660 5669 desideriis
1694 5605 1829 5682 dignum
1852 5605 1904 5668 est
