4162 6424
78 303 154 364 6:25
215 309 220 314 ·

407 470 580 557 GXXXH

82 615 149 673 Aet
157 614 315 686 66166666
324 612 358 672 et
369 611 888 686 6666666666166666666661

380 730 502 792 101616.
524 733 602 792 litt.

205 843 379 910 [spicilegium
394 844 567 904 Liber-lenum,
580 844 716 910 67116.
730 845 781 912 ll]

79 949 277 1010 Confirmatio
298 951 462 1010 donationis
479 953 632 1010 conventui
654 951 765 1012 lactus
785 968 889 1011 conm-

334 1040 409 1098 libus
422 1040 651 1111 Quureinstibus.

131 1157 303 1218 Honorius
319 1157 625 1235 episcopusservus
643 1173 816 1220 servorum
831 1158 890 1220 Dei

78 1253 223 1316 dilectis
245 1253 324 1316 liliis
343 1254 447 1331 priori
463 1255 495 1316 et
508 1253 666 1316 tratribus
682 1255 790 1317 sancti
809 1257 893 1318 Bar-

80 1350 323 1412 tholomaida
344 1352 489 1414 Trisulto
504 1351 726 1414 cartusiensis
750 1353 889 1426 ordinis,

83 1449 281 1512 salutemet
295 1449 510 1527 apostolicam
527 1449 802 1513 benedictionem.

126 1547 236 1608 Justis
262 1547 443 1623 petentium
473 1547 649 1622 desideriis
677 1547 814 1624 dignum
841 1549 892 1610 est

80 1659 155 1703 nos
177 1641 310 1705 facilem
331 1644 479 1721 praebere
512 1660 723 1718 consensum,
748 1644 781 1707 et
812 1648 890 1708 vota

78 1755 167 1816 quae
199 1755 220 1802 6
253 1740 394 1802 rationis
428 1741 561 1804 tramite
594 1757 661 1804 non
699 1742 892 1805 discordant

78 1835 213 1898 effectu
239 1841 458 1915 prosequente
473 1839 649 1916 complere.
671 1840 888 1917 Quapropter,

78 1932 211 1994 dilecte
229 1933 264 1994 in
277 1935 417 1996 Domino
433 1935 492 2006 1111,
506 1936 680 2013 tulsjustis
695 1936 892 2014 postulatio·

78 2029 189 2090 nibus
210 2030 305 2105 grato
322 2033 557 2093 concurrentes
578 2048 731 2104 assensu,
749 2049 891 2094 conces-

78 2127 218 2188 sionem
234 2142 314 2188 usus
329 2143 528 2204 pascuorum
546 2144 643 2205 quam
659 2128 752 2190 vobis
768 2145 891 2190 consu-

77 2223 133 2283 les
165 2223 384 2295 Quarcinatas
415 2225 450 2286 in
478 2226 658 2302 praesentia
686 2225 798 2287 dilecti
827 2225 889 2289 tilii

76 2321 197 2382 nostri
221 2321 380 2398 Stephani
394 2321 542 2384 basilicae
558 2322 730 2384 duodecim
745 2326 889 2400 Aposto-

76 2417 199 2477 lorum
227 2416 422 2494 praesbyteri
457 2417 649 2490 cardinalis,
681 2420 761 2480 tunc
792 2417 888 2480 bcnae

74 2513 259 2576 memoriae
295 2513 480 2576 innocentii
508 2530 603 2591 papae
630 2514 888 2591 praedecessoris

77 2609 197 2671 nostri
227 2609 405 2671 camerarii
431 2611 486 2687 616
514 2611 714 2672 liberalitate
741 2610 906 2684 iurarunt·

76 2722 221 2768 necnon
247 2707 491 2770 ordinationem
520 2710 682 2785 quatenus
711 2708 888 2769 emendare

75 2804 217 2877 debeat,
247 2805 276 2864 sl
305 2805 383 2881 quid
409 2806 498 2866 inter
524 2821 583 2867 666
611 2807 644 2867 61
670 2805 821 2866 homines
847 2805 887 2866 de

73 2901 281 2973 Quarcinati
294 2917 355 2978 pro
370 2902 503 2978 pascuis
527 2902 732 2974 animalium,
749 2903 802 2964 vel
826 2919 886 2980 666

72 2997 236 3076 qualibet
259 2997 326 3058 alia
357 3015 457 3060 causa
481 3000 656 3061 emerserit
680 2999 884 3076 quaestionis,

73 3097 167 3158 sicut
191 3095 245 3170 pie
259 3110 298 3156 ac
313 3096 492 3173 prudenter
501 3096 597 3158 166166
609 3097 695 3168 sunt,
710 3097 743 3159 et
753 3096 787 3156 in
799 3100 885 3174 ajus-

68 3195 154 3255 Ι61666
178 3191 365 3254 6661166116
388 3193 508 3255 litteris
529 3193 658 3270 plenius
682 3194 884 3264 continetur,

80 3289 286 3352 auctoritate
296 3291 484 3367 apostolica
500 3291 734 3353 confirmamus
749 3291 781 3354 et
799 3307 887 3369 prae-

77 3389 187 3449 sentis
213 3387 329 3464 scripti
351 3387 538 3463 patrocInic
561 3388 820 3462 communimus3
843 3389 885 3450 ad

78 3487 247 3560 majorem
269 3484 381 3544 autem
404 3481 604 3544 6611661166
627 3485 776 3545 tenorem
791 3483 884 3546 litte-

79 3597 200 3642 rarum
221 3579 369 3655 ipsarum
394 3577 472 3639 buic
494 3579 616 3642 nostrae
642 3579 774 3657 paginae
802 3580 888 3643 leci-

80 3693 158 3738 mus
170 3675 326 3738 adnotari
343 3692 351 3732 ε

123 3773 352 3849 «stephanus
378 3773 438 3834 Dei
457 3772 565 3850 gratia
589 3773 737 3835 basilicas
760 3773 887 3835 duode-

726 307 1056 368 suscensus.
1081 289 1120 368 n'.

1686 311 1746 372 6⁶26

946 467 1036 527 viam
1051 481 1125 543 quas
1141 465 1263 528 dicitur
1277 466 1428 528 Aletrina
1444 467 1476 529 et
1489 466 1581 528 vadit
1600 467 1635 528 in
1650 470 1744 530 blar-

945 562 1036 624 tiam.
1061 565 1301 625 Goncesserunt
1321 564 1421 626 etiarn
1441 565 1594 626 consules
1614 581 1745 651 memo-

945 659 1010 721 rati
1040 661 1076 722 ut
1103 659 1204 722 liceat
1231 660 1360 723 dilectis
1390 662 1495 738 priori
1522 662 1555 723 et
1585 660 1746 724 iratribus

945 771 1074 817 necnon
1088 757 1336 819 successorihus
1351 759 1541 820 eorumdem
1555 775 1614 835 666
1624 761 1745 821 caetera

945 853 1125 915 tenimenta
1135 856 1748 933 Quarcinensia,pratisexceptis,ani·

946 951 1048 1013 malie
1062 939 1123 1013 sua
1139 952 1243 1014 libere
1257 934 1389 1015 mittere
1408 954 1481 1015 sine
1501 953 1631 1015 damno.
1649 957 1746 1015 Prae-

945 1049 1048 1122 terea,
1074 1048 1117 1111 de
1135 1049 1307 1128 utrIusque
1333 1052 1438 1128 partis
1458 1067 1599 1113 assensu
1622 1050 1746 1114 lactum

946 1146 1007 1218 est,
1023 1149 1060 1207 ut
1074 1146 1161 1208 idem
1184 1148 1277 1224 prior
1297 1163 1357 1226 pro
1369 1149 1540 1210 voluntate
1559 1165 1620 1210 sua
1642 1149 1746 1225 eligat

947 1260 1048 1305 unum
1077 1260 1274 1307 conversum
1297 1246 1405 1307 sancti
1438 1245 1674 1308 Bartholomaei
1703 1247 1744 1309 de

945 1341 1100 1418 Trisulto,
1117 1343 1150 1404 st
1171 1341 1252 1404 duos
1276 1342 1427 1404 homines
1447 1343 1487 1404 de
1503 1343 1681 1416 Quarcino,
1709 1345 1745 1406 ut

946 1437 1126 1516 1661616661
1150 1439 1289 1501 audiant
1308 1441 1340 1502 61
1359 1439 1668 1519 61616666666616
1690 1440 1705 1501 1
1726 1471 1745 1485 -

946 1535 1230 1610 6166166661661,
1247 1536 1367 1614 616611
1383 1537 1575 1615 1616616666
1590 1553 1650 1616 666
1665 1554 1744 1615 pas-

946 1633 1017 1694 cuis
1032 1633 1228 1696 animalium
1249 1635 1303 1696 vel
1318 1650 1378 1712 pro
1393 1635 1541 1712 qualibet
1555 1635 1623 1696 alla
1642 1651 1744 1697 causa

946 1731 1118 1793 emerserit
1141 1730 1346 1809 quaestionis.
1363 1735 1409 1793 Ea
1430 1749 1510 1794 vero
1532 1748 1606 1810 quaa
1622 1732 1741 1794 termi-

944 1827 1020 1888 nari
1044 1845 1111 1890 non
1136 1829 1291 1906 poterunt
1304 1845 1365 1906 666
1382 1829 1514 1892 eosdem
1534 1830 1575 1890 ad
1598 1829 1741 1890 audien-

944 1924 1025 1986 tiam
1045 1925 1211 1988 carissimi
1231 1926 1357 1988 domini
1378 1925 1555 1987 camerarii
1579 1926 1741 1999 delerant,

944 2021 977 2081 et
996 2021 1161 2098 adipsum
1185 2023 1296 2099 partes
1318 2022 1478 2085 accedant
1499 2039 1542 2084 ex
1560 2022 1628 2083 illis
1643 2023 1742 2083 tinem

945 2116 1091 2178 debitum
1106 2103 1299 2194 recepturas.
1319 2119 1523 2180 Obeuntibus
1540 2120 1649 2180 autem
1672 2119 1740 2180 11116

946 2212 1136 2275 hominibus
1161 2215 1193 2276 et
1211 2231 1384 2287 converso,
1402 2215 1460 2278 aut
1482 2216 1595 2294 aliquo
1614 2231 1744 2278 eorum·

944 2310 1031 2382 dem,
1046 2312 1100 2373 661
1113 2327 1172 2389 666
1185 2312 1252 2374 6116
1267 2329 1368 2376 causa
1383 2313 1427 2375 iis
1442 2313 1662 2392 exsequendis
1675 2330 1740 2375 non

944 2408 1130 2470 volentibus
1138 2409 1310 2481 interesse,
1320 2409 1420 2472 liceat
1428 2411 1565 2487 praelato
1573 2410 1675 2488 priori
1686 2411 1744 2488 qui

943 2520 1033 2565 nuuc
1047 2503 1099 2566 est
1111 2506 1163 2566 vel
1174 2506 1231 2583 qui
1241 2522 1301 2583 pro
1311 2510 1460 2584 tempore
1472 2507 1573 2569 luerit
1586 2507 1741 2568 inlocum

942 2601 1088 2672 illorum,
1102 2601 1215 2675 trium,
1227 2604 1338 2676 unius,
1350 2603 1502 2675 duorum,
1515 2604 1567 2665 rel
1579 2603 1739 2676 omniurn,

943 2697 1028 2760 elios
1043 2699 1111 2759 tres
1126 2699 1284 2762 videlicet
1299 2716 1400 2760 uuum
1421 2685 1617 2762 conversum
1632 2701 1739 2761 sancti

943 2795 1178 2857 Bartholomaei
1193 2797 1226 2858 61
1240 2797 1323 2858 duos
1344 2797 1496 2858 homines
1518 2797 1559 2858 ds
1574 2799 1741 2869 Quarcino

943 2892 1145 2954 substituere
1160 2909 1220 2970 pro
1242 2910 1312 2955 suaa
1331 2894 1426 2956 libito
1445 2894 1637 2957 voluntatis.
1662 2894 1741 2956 Siue

941 2989 1068 3050 malitia
1083 3005 1162 3052 vero
1184 2990 1305 3053 debent
1324 2991 1397 3052 fieri
1421 2992 1454 3053 et
1475 2991 1602 3053 servari
1627 2992 1740 3056 omnia

940 3089 1142 3164 supradicta.
1165 3088 1207 3151 Ut
1228 3091 1338 3150 autem
1361 3105 1403 3151 ex
1418 3089 1470 3150 bis
1494 3106 1561 3152 non
1583 3091 1688 3168 possit
1702 3091 1740 3152 16

941 3187 1108 3262 posterum
1136 3187 1293 3260 dubitari,
1317 3204 1360 3249 ex
1388 3187 1608 3264 praesentibus
1629 3190 1740 3251 adno-

940 3284 1006 3344 tari
1031 3284 1171 3346 lecimus
1195 3285 1228 3346 61
1252 3283 1398 3360 sigillum
1425 3286 1575 3346 nostrum
1603 3287 1738 3363 apponi.

940 3381 1058 3442 Actum
1079 3381 1251 3442 Ferentini
1273 3381 1370 3442 nonis
1391 3382 1536 3457 augusti,
1559 3383 1739 3459 pontifica-

940 3479 994 3539 tus
1009 3476 1135 3539 domini
1150 3478 1333 3540 1666666111
1350 3493 1443 3554 papae
1460 3480 1505 3539 lll
1519 3494 1607 3540 anno
1622 3482 1739 3542 octavo

941 3575 1080 3637 decimo.
1427 3651 1430 3654 ¹

980 3672 1074 3734 Nulli
1090 3688 1169 3748 ergo
1189 3672 1324 3734 omnino
1340 3671 1510 3734 hominum
1529 3673 1629 3737 liceat
1650 3673 1737 3737 hanc

941 3770 1097 3847 paginam
1119 3772 1242 3832 nostrae
1267 3770 1528 3832 confirmationis
1554 3771 1739 3849 intringere

82 3872 149 3932 cim
169 3870 405 3948 Apostolorum
427 3869 609 3947 praesbyter
626 3871 805 3933 cardinalis
820 3871 884 3933 do·
938 3867 992 3928 vel
1007 3868 1039 3927 ei
1053 3883 1138 3928 ausu
1150 3867 1328 3930 temerario
1341 3869 1518 3931 contraire.
1536 3870 1572 3931 Si
1587 3870 1662 3949 quis
1676 3887 1739 3931 au-

81 3968 167 4028 mini
187 3967 513 4043 6666666666666166,
531 3967 683 4030 omnibus
703 3970 884 4046 praesentes

81 4065 215 4124 litteras
225 4062 425 4139 inspecturis
438 4063 579 4125 salutem
594 4063 629 4124 ln
644 4066 795 4128 Domino.
812 4067 884 4129 No-

82 4158 174 4221 verit
189 4159 391 4221 universitas
405 4161 517 4221 vestra
533 4160 617 4238 quod
631 4161 687 4223 isti
704 4163 783 4223 sunt
801 4163 884 4224 lines

80 4255 170 4317 inira
186 4270 269 4332 quos
291 4257 445 4318 consules
461 4257 501 4318 de
525 4259 691 4329 Quarcino
712 4257 745 4318 16
770 4261 885 4320 666166

80 4353 261 4429 praesentia
281 4354 451 4416 constituti
476 4354 606 4416 dilectis
621 4355 704 4416 meis
724 4355 829 4432 priori
851 4359 885 4418 et

81 4449 242 4511 tratribus
256 4451 365 4512 sancti
380 4450 614 4514 Bartholomaei
632 4452 672 4513 de
690 4453 834 4515 Trisulto
850 4455 884 4515 et

80 4563 197 4608 eorum
212 4548 459 4610 successoribus
477 4548 618 4610 liberum
632 4565 727 4610 usum
741 4565 884 4626 pascuo-

80 4659 155 4704 rum
178 4644 365 4706 voluntarie
388 4648 635 4708 concesserunt.
663 4649 700 4708 16
724 4647 840 4724 primis
862 4663 881 4709 6

80 4741 136 4800 via
152 4753 227 4816 quae
248 4741 370 4803 dicitur
383 4743 534 4805 Aletrina
549 4759 650 4820 supra
667 4744 710 4805 ad
725 4746 882 4806 scrimam

81 4837 121 4897 de
132 4837 343 4912 (1666666666
354 4839 439 4900 61661
451 4841 572 4917 666161
584 4842 618 4903 61
631 4841 770 4920 respicit
780 4858 882 4920 supra

80 4934 203 4995 vallem
220 4934 417 4996 Fellicoram
430 4937 463 4998 61
478 4939 595 5012 Fagito
608 4954 708 5016 supra
724 4955 830 5018 usque
845 4940 880 5001 in

81 5032 169 5093 viam
186 5047 260 5108 quae
280 5032 371 5094 vadit
390 5033 425 5094 in
441 5033 565 5096 Ortulis
580 5036 613 5096 et
627 5037 809 5099 6666611166
821 5053 882 5115 666

83 5130 182 5191 aliam
204 5129 360 5191 scrirnam
383 5129 532 5208 ejusdem
551 5133 745 5210 Campivani
769 5135 802 5196 ot
820 5151 884 5198 ex·

82 5227 228 5289 tenditur
244 5243 346 5304 usque
360 5228 395 5289 ln
409 5228 537 5305 sylvam
557 5245 631 5306 quae
645 5231 824 5294 revertitur
838 5233 879 5295 ad

85 5323 203 5386 sontem
219 5324 274 5401 qul
290 5324 412 5386 1161166
426 5325 560 5388 canalis
574 5327 607 5390 61
621 5328 801 5390 6666611166
822 5346 882 5406 666

940 3965 1006 4026 tem
1029 3966 1091 4027 hoo
1115 3955 1279 4029 attentare
1302 3969 1551 4044 presumpserit
1577 3967 1737 4043 indigna-

940 4061 1065 4124 tionem
1080 4063 1314 4140 cmnipotentis
1329 4063 1387 4124 Dei
1410 4065 1443 4125 ct
1456 4063 1628 4126 beatorum
1644 4065 1736 4127 Petri

940 4159 974 4220 et
986 4160 1082 4220 Pauli
1096 4160 1328 4237 Apostolorum
1344 4163 1416 4238 ejus
1432 4176 1467 4221 se
1483 4162 1613 4222 noverit
1627 4161 1737 4222 incur·

940 4271 1096 4414 sullIIItnum
1126 4353 1295 4425 Laterani,
1322 4353 1440 4430 quarto
1464 4353 1538 4414 idus
1561 4353 1733 4428 februarii,

939 4449 1150 4544 pontificatus
1162 4451 1269 4512 nostri
1279 4465 1367 4513 anno
1382 4452 1540 4513 secundo.

1240 4629 1437 4717 CXXXIII

965 4775 1019 4834 Ad
1031 4775 1315 4848 archiepiscopos,
1333 4776 1509 4848 episcopos
1524 4774 1557 4836 et
1570 4775 1710 4836 abbates

1065 4872 1110 4932 aa
1123 4885 1207 4944 quos
1221 4870 1348 4932 titterce
1357 4870 1597 4944 pervenerint.

1235 4991 1267 5048 11
1284 4988 1340 5048 leb.
1361 4991 1440 5048 1118.

984 5105 1091 5170 [flesset
1102 5104 1147 5155 lib.
1158 5105 1190 5162 ll,
1201 5103 1277 5169 epist.
1289 5102 1346 5152 8⁹7.
1358 5104 1414 5154 llss.
1428 5104 1463 5155 Lu
1473 5106 1549 5156 Porta
1559 5105 1595 5156 du
1605 5105 1698 5169 Thell]

1044 5209 1179 5268 Ordinem
1192 5209 1410 5282 predicatorum
1426 5210 1618 5269 commendet.

975 5328 1153 5401 Honorius,
1170 5327 1495 5400 etc.,venerabilibus
1510 5327 1669 5390 iratribus
1683 5347 1735 5392 ar·

86 5421 291 5494 superiorum
321 5422 477 5483 scrimam
511 5438 615 5499 usque
651 5424 686 5485 in
719 5441 877 5487 cacumen
935 5425 1735 5503 61166166661661661666616,611116611611111661)-

86 5515 174 5575 111166
192 5505 385 5596 Cempivani
407 5522 440 5582 et
461 5521 640 5583 revertitur
656 5537 716 5599 per
729 5523 879 5584 eamdem
934 5521 1079 5595 batibus,
1097 5523 1264 5599 prioribus
1277 5523 1310 5586 et
1321 5523 1398 5584 aliis
1412 5524 1631 5585 ecclesiarum
1646 5542 1734 5603 prae-

88 5612 236 5675 661666
261 5617 407 5694 ejusdem
428 5617 535 5696 campi
552 5634 655 5696 usque
675 5619 709 5680 tn
729 5620 878 5682 eamdem
929 5620 1023 5692 latis,
1032 5621 1073 5683 ad
1088 5637 1170 5700 quos
1185 5621 1305 5684 litterae
1320 5621 1393 5685 istae
1402 5636 1504 5698 66666
1512 5622 1635 5698 666161,
1650 5629 1712 5688 etc.
