4234 6408
274 195 334 257 250

274 359 309 420 et
325 354 533 426 cclearubto,
559 353 592 414 el
612 353 654 413 ad
675 349 880 430 Avenogiam
904 349 937 408 et
951 361 1071 408 causas

274 455 315 518 de
326 455 475 516 Gadiano
486 451 709 527 etHospinam
717 445 849 508 Delcam
866 445 898 507 et
909 446 1068 516 Estemas‚

275 555 309 615 et
323 554 460 614 Estenas
475 551 508 611 et
521 548 562 610 ad
574 547 704 626 portum
715 545 755 606 de
766 545 911 616 Maches‚
926 545 959 605 et
972 543 1074 604 Avel-

274 651 382 722 lanar,
409 650 440 710 et
465 647 562 724 portu
599 645 640 707 de
674 643 814 705 Alzober
841 643 875 704 et
899 641 1072 702 Marializa

885 185 1062 247 HONORII
1084 184 1129 244 111
1152 183 1301 243 OPERA.

1801 252 1807 262 ,
1865 189 1929 250 260

1168 343 1388 407 sacrosancta
1414 345 1564 406 Romana
1578 341 1738 408 Ecclesia.
1751 360 1859 421 usque
1872 348 1930 410 in-

1128 441 1254 503 clinati.
1266 445 1447 502 Personam
1461 442 1565 513 tuam,
1577 442 1701 504 terram
1716 444 1748 504 et
1762 444 1927 520 homines,

1128 541 1353 618 possessiones
1364 543 1397 602 et
1411 539 1478 602 alia
1488 539 1586 612 bona,
1597 555 1671 618 quae
1684 542 1931 618 impraesentia-

1128 655 1202 700 rum
1217 638 1465 700 rationabiliter
1478 638 1638 716 possides,
1656 637 1713 700 aut
1727 641 1762 701 in
1778 641 1926 706 laturum

276 764 380 824 usque
396 749 501 821 Orgaz
514 745 666 804 Castrum
688 741 729 802 de
741 740 861 817 Colgar
875 756 950 801 cum
965 738 1074 800 omni·
1124 738 1226 813 justis
1241 737 1347 798 modis
1362 737 1541 813 praestante
1553 738 1694 800 Domino
1709 739 1835 816 poteris
1850 743 1930 804 adi-

274 844 336 905 bus
350 841 502 904 terminis
520 839 600 913 suis,
623 839 772 900 Castrum
788 839 894 913 Bogas
909 851 983 897 cum
996 850 1072 896 om-

274 939 373 1001 nibus
398 937 550 1000 terminis
577 935 658 1005 suiS,
689 949 842 1009 campmn
869 931 970 1006 Regis
998 945 1073 991 cum

276 1036 430 1100 omnibns
457 1033 609 1096 terminis
638 1032 719 1103 suis,
745 1028 974 1104 Juncargordo
998 1044 1073 1089 cum

276 1135 429 1198 omnibus
439 1132 591 1195 terminis
602 1129 684 1201 suis,
700 1129 814 1190 villam
826 1128 865 1190 de
878 1126 984 1189 Molas
999 1142 1074 1187 cum

276 1229 587 1299 omnibusterminis
600 1229 681 1300 suis,
696 1229 835 1288 Ceruam
851 1226 983 1301 longam
999 1241 1074 1285 cum

276 1331 428 1394 omnibus
441 1325 730 1398 terminisuillam
738 1325 860 1386 siccam
876 1339 951 1383 cum
967 1321 1076 1382 omni-

275 1429 337 1490 bus
349 1427 502 1489 terminis
517 1425 599 1495 suis,
614 1425 746 1500 Hyepas
757 1437 831 1482 cum
842 1419 994 1482 omnibus
1006 1419 1076 1480 ter-

276 1527 377 1589 minis
391 1526 472 1597 suis,
496 1521 682 1583 Cablannas
698 1537 772 1580 cum
786 1516 940 1579 omnibus
954 1516 1074 1578 termi-

276 1627 330 1687 nis
344 1625 426 1695 suis,
443 1621 557 1684 villam
571 1621 611 1680 de
627 1617 808 1680 Paludibus
832 1631 906 1676 cum
922 1614 1075 1675 omnihus

276 1721 427 1786 terminis
443 1719 524 1790 suis,
541 1717 655 1778 villam
665 1715 706 1775 de
721 1712 866 1775 Guardia
877 1727 952 1773 cum
968 1710 1076 1771 omni-

276 1820 338 1881 bus
353 1817 516 1888 terminis,
531 1815 645 1875 domos
662 1815 694 1874 ot
709 1813 817 1873 terras
830 1810 869 1870 de
883 1806 1075 1870 Monte-Al-

278 1917 376 1988 bano,
390 1914 527 1976 Aldeam
538 1912 578 1973 de
594 1909 731 1972 Potuelo
743 1924 817 1969 oum
825 1907 977 1968 terminis
993 1905 1073 1976 suis,

278 2014 497 2075 hereditatem
530 2010 570 2070 de
600 2008 689 2070 Olias
723 2006 755 2068 et
791 2003 1009 2066 hereditatem
1036 2003 1076 2063 de

278 2110 492 2188 Baganciolo,
508 2107 646 2168 Aldeam
657 2103 863 2178 deTorrigos
879 2117 953 2162 cum
969 2101 1077 2162 omni-

279 2207 341 2268 bus
356 2204 507 2266 terminis
520 2203 601 2274 suis,
619 2200 821 2279 Exquivivas
833 2215 907 2260 cum
923 2195 1076 2258 omnibus

279 2292 1077 2368 terminis,Valdetorrescumomnihusterminis

280 2400 361 2472 suis,
384 2396 521 2460 Potnelo
542 2411 617 2456 curn
646 2393 799 2455 omnibns
820 2391 972 2453 terminis
994 2390 1076 2462 suis,

280 2495 429 2559 buoches
445 2510 519 2556 cum
542 2491 694 2554 omnibus
716 2489 870 2552 terminis
886 2487 967 2559 suis,
983 2486 1077 2547 Blel-

280 2594 359 2654 clres
379 2607 453 2652 cum
473 2589 626 2652 omnibus
653 2586 807 2649 terminis
834 2585 915 2657 suis,
940 2582 1077 2645 Aldeam

282 2691 390 2766 campi
409 2705 483 2750 cum
506 2685 658 2748 omnibus
679 2683 831 2746 terminis
857 2683 938 2754 suis,
964 2683 1078 2753 Qnexo

282 2805 356 2850 cum
372 2787 524 2849 omnibus
538 2783 690 2846 terminis
707 2781 789 2850 suis,
807 2778 980 2841 Valmores
1003 2793 1079 2840 cum

283 2885 436 2947 omnibns
455 2881 608 2944 terminis
633 2880 712 2951 suis,
731 2877 868 2939 Ulnetar
881 2893 955 2938 cum
972 2875 1080 2936 omni-

280 2984 343 3044 bus
357 2980 507 3044 terminis
523 2980 603 3051 suis,
621 2977 740 3039 vallem
758 2976 798 3038 de
811 2977 903 3036 Mora
919 2991 993 3035 cum
1008 2990 1081 3036 om-

283 3083 381 3143 nibus
396 3078 547 3142 terminis
572 3077 653 3147 suis,
678 3075 793 3136 uillam
817 3072 990 3135 Umbrales
1005 3087 1080 3133 cum

283 3179 438 3242 omnibus
449 3175 600 3239 terminis
615 3173 696 3242 suis,
715 3170 903 3233 Archallam
920 3169 952 3232 et
965 3169 1080 3231 villam

285 3279 324 3340 de
339 3276 540 3338 Talamanca
566 3288 642 3334 cum
665 3270 818 3332 omnibns
832 3267 984 3330 terminis
998 3267 1078 3336 suis,

283 3377 409 3447 domos,
424 3374 540 3434 vineas
555 3370 588 3431 et
595 3367 824 3430 haereditatem
847 3365 886 3428 de
901 3365 1034 3426 Medina
1049 3366 1082 3426 et

283 3475 323 3536 de
339 3475 447 3557 Utana
460 3486 534 3532 cum
546 3465 864 3529 omnibusterminis
881 3463 961 3535 suis,
972 3463 1081 3524 baere-

282 3571 429 3640 dilatem,
455 3569 571 3630 vineas
594 3565 627 3628 et
647 3563 761 3626 domos
787 3562 826 3623 de
848 3561 1026 3623 Prezienzo
1048 3561 1081 3622 et

282 3671 408 3740 domos,
423 3665 463 3726 de
478 3664 608 3738 Burgis,
619 3661 706 3722 sicut
719 3677 758 3721 ea
776 3660 887 3721 omnia
898 3659 988 3736 juste
1003 3673 1082 3735 pos-

283 3767 371 3828 sides
386 3767 419 3825 et
431 3763 540 3841 quiete
551 3759 611 3822 tibi
628 3761 660 3820 et
670 3774 728 3836 per
739 3759 772 3818 te
785 3757 934 3818 ecclesiae
947 3756 1081 3818 Toleta-

283 3881 347 3934 nae‚
371 3859 568 3922 auctoritate
590 3855 771 3933 apostolica
794 3855 1028 3916 confirmamus
1048 3855 1081 3915 et

283 3957 457 4038 praesentis
481 3954 596 4032 scripti
620 3952 805 4030 patrocinio
825 3953 1077 4012 communimus.

283 4049 1078 4132 Nulliergoetc...nostraeconfirmationisetc...

284 4159 319 4220 Si
328 4156 404 4235 quis
417 4155 538 4223 autem,
553 4151 641 4212 etc...
654 4149 772 4210 Datum
784 4147 990 4218 laterani,V
1004 4146 1079 4206 idus

282 4253 453 4324 februarii,
468 4249 680 4329 pontificatus
693 4245 801 4308 nostri
817 4261 905 4306 anno
919 4245 1038 4322 prime.

625 4406 741 4494 corr
769 4515 779 4527 .

368 4578 420 4637 Ad
441 4574 680 4634 Wtodisluvum
692 4570 813 4628 ducem
827 4569 868 4627 de
883 4569 989 4629 Ketis.

587 4701 605 4757 9
625 4696 694 4755 lebr.
710 4697 789 4754 lali.

345 4830 473 4897 [Tbeiner,
486 4828 650 4878 Monumeuta
662 4820 786 4880 Polonin,
802 4826 820 4871 t.
837 4823 856 4881 l,
868 4837 893 4886 p.
908 4822 931 4882 l,
942 4834 968 4873 n·
980 4821 995 4872 3
1007 4823 1019 4888 ]

281 4951 487 5014 wladislavum
502 4944 604 5003 ducem
620 4939 656 4997 de
668 4939 747 4998 Kalis
760 4954 825 4997 oum
840 4938 974 4998 omnibns
985 4938 1077 4997 homi-

1128 835 1222 913 pisci,
1240 833 1300 896 sub
1322 834 1410 897 beati
1429 835 1522 896 Petri
1537 835 1570 898 et
1593 837 1708 897 nostra
1723 839 1931 914 protectione

1129 934 1339 1012 suscipimus,
1366 934 1399 994 et
1411 934 1585 1010 praesentis
1607 935 1722 1012 scripti
1742 937 1931 1013 patrocinio

1129 1031 1385 1104 communimus,
1400 1031 1584 1094 districtius
1598 1031 1798 1107 inhibentes,
1816 1052 1858 1097 ne
1870 1053 1931 1099 ve-

1129 1129 1289 1192 nerabilis
1308 1127 1412 1190 frater
1433 1129 1547 1191 noster
1571 1132 1774 1194 Gneznensis
1797 1135 1930 1196 archie-

1131 1228 1285 1306 piscopus
1301 1227 1336 1288 in
1348 1227 1392 1298 te,
1403 1227 1457 1288 rel
1470 1227 1593 1288 terram
1603 1229 1705 1300 tuam,
1718 1229 1843 1308 absque
1857 1249 1929 1294 ma-

1130 1325 1251 1387 nifesta
1279 1325 1313 1386 et
1341 1324 1535 1386 rationabili
1558 1341 1671 1400 causa,
1697 1329 1729 1389 et
1748 1330 1929 1393 monitione

1130 1424 1303 1500 praemissa
1347 1423 1545 1484 sententiam
1576 1427 1929 1490 excommunicationis

1131 1521 1326 1600 promulget.
1342 1520 1390 1582 Ad
1406 1522 1566 1582 indicium
1579 1523 1689 1584 autem
1704 1524 1893 1603 hujusmodi
1908 1543 1929 1589 a

1131 1620 1226 1682 nobis
1239 1621 1402 1697 perceptae
1424 1620 1639 1697 protectionis
1659 1637 1795 1683 censum
1816 1624 1929 1686 decem

1131 1735 1318 1780 marcarum
1345 1718 1431 1790 auri,
1459 1733 1532 1794 quea
1557 1717 1597 1778 de
1620 1719 1718 1781 tertio
1738 1720 1773 1782 in
1796 1722 1930 1784 tertium

1131 1832 1254 1876 annum
1278 1816 1310 1878 te
1327 1815 1510 1892 promisisti
1526 1815 1713 1879 liberaliter
1729 1819 1928 1894 soluturum,

1131 1912 1226 1974 nobis
1254 1913 1286 1974 et
1316 1911 1564 1976 successoribus
1594 1913 1718 1975 nostris
1747 1917 1927 1991 persolves

1131 2011 1223 2072 Nulli
1235 2027 1327 2086 erge,
1341 2013 1430 2072 etc...
1439 2011 1561 2072 nostrae
1571 2013 1785 2090 protectionis
1799 2015 1832 2075 et
1842 2013 1933 2074 inbi-

1131 2109 1374 2180 bitionis,etc...
1385 2109 1502 2185 Siquis
1513 2110 1729 2182 antem,etc...
1744 2111 1863 2173 Datum
1873 2113 1934 2173 La·

1131 2206 1250 2278 terant,
1272 2208 1300 2267 V
1318 2205 1394 2266 idus
1410 2205 1583 2279 februarii,
1601 2207 1932 2284 pontificatusnostri

1133 2319 1220 2366 anno
1235 2303 1355 2380 primo.

1484 2467 1581 2555 coll

1173 2639 1225 2698 Ad
1236 2639 1429 2698 Hertrtcrmz
1444 2641 1680 2699 Grtcznclzsenz
1695 2641 1891 2714 episcopum

1337 2734 1372 2796 et
1385 2734 1624 2811 sumocuncm
1639 2739 1726 2808 ejus.

1429 2882 1535 2941 illebr.
1557 2885 1636 2943 1217.

1195 3009 1323 3074 [lireinen
1336 3010 1501 3060 llonnments
1510 3007 1631 3059 Potoniae.
1648 3013 1666 3059 t.
1684 3009 1704 3067 l,
1717 3023 1743 3074 p.
1755 3009 1779 3067 l,
1796 3009 1871 3072 mn}

1136 3160 1296 3220 Gneznensi
1312 3159 1527 3234 archiepiscopo
1548 3175 1649 3232 pacem
1675 3175 1690 3217 a
1710 3160 1783 3218 duce
1802 3161 1838 3220 de
1853 3163 1937 3220 liniis

1171 3265 1235 3307 enm
1256 3249 1328 3308 duce
1345 3251 1470 3310 Polonisa
1487 3250 1587 3308 initam
1606 3265 1637 3308 se
1652 3251 1839 3310 confirmasse
1857 3267 1931 3310 nun·

1171 3336 1238 3394 ciat

1174 3473 1342 3544 Honorius
1371 3483 1556 3560 episcopus,
1601 3477 1717 3544 servus
1754 3497 1932 3544 serrorum

1136 3581 1206 3653 Dei,
1220 3579 1405 3643 venerabili
1426 3579 1522 3642 tratri
1541 3579 1726 3641 Gneznensi
1746 3580 1934 3656 archiepis-

1135 3696 1219 3757 copo
1234 3679 1267 3740 et
1281 3677 1502 3754 suffraganeis
1517 3681 1599 3754 ejus,
1626 3678 1765 3740 salutem
1781 3679 1815 3739 et
1827 3694 1932 3755 apos-

1135 3778 1268 3840 tolicam
1282 3776 1556 3838 benedictionem.

1174 3879 1297 3937 Preces
1309 3875 1422 3936 dilecti
1437 3874 1496 3935 lilii
1517 3873 1639 3935 nobilis
1653 3873 1718 3935 viri
1733 3873 1933 3935 Wlodislavi

1135 3975 1229 4036 ducis
1253 3974 1293 4033 de
1307 3964 1410 4033 'Kalis
1434 3971 1620 4048 recepimus
1640 3971 1869 4049 supplicantia,
1897 3973 1934 4033 ut

1135 4071 1408 4148 compositionem
1434 4069 1537 4146 pacis,
1559 4085 1633 4146 qnae
1655 4069 1742 4130 inter
1767 4069 1875 4146 ipsum
1900 4071 1934 4130 et

1134 4169 1278 4230 nobilem
1291 4167 1400 4229 virum
1413 4167 1653 4229 Wlodislavum
1664 4167 1818 4244 patruum
1834 4181 1932 4226 suum

1135 4265 1231 4326 nobis
1256 4263 1479 4326 mediantibus
1504 4263 1695 4335 interuenit,
1722 4263 1809 4324 elcut
1830 4266 1932 4341 jnra-

1134 4364 1247 4425 mento
1260 4362 1390 4424 lirmata
1409 4361 1472 4430 est,
1490 4361 1524 4423 et
1544 4361 1579 4421 in
1597 4359 1763 4438 publicam
1783 4361 1930 4436 scriptu-

1135 4477 1206 4523 ram
1219 4459 1363 4532 redacta,
1381 4455 1595 4535 dignaremur
1612 4458 1801 4534 apostolico
1821 4455 1934 4518 mnni-

1134 4559 1223 4620 mine
1235 4557 1405 4618 roborare
1416 4556 1577 4628 Quocirca
1587 4555 1798 4616 universitati
1810 4555 1933 4616 restrae

1134 4671 1194 4732 per
1219 4654 1408 4731 apostolica
1430 4653 1554 4730 scripta
1580 4653 1812 4730 praeoipientes
1834 4667 1935 4713 man-

1135 4753 1262 4823 damus,
1301 4752 1465 4828 qnatenus
1504 4750 1777 4826 compositionem
1812 4750 1932 4826 ipsam,

1135 4851 1220 4912 siout
1234 4865 1293 4926 pro
1305 4848 1391 4909 bono
1401 4849 1495 4925 pacis
1508 4847 1646 4924 provide
1658 4847 1745 4910 lacta
1758 4848 1820 4919 est,
1837 4846 1935 4908 solli-

1135 4947 1292 5009 citudinis
1303 4946 1424 5008 uestrae
1439 4947 1594 5007 curantes
1604 4944 1790 5006 ministerio
1801 4959 1934 5005 conser-

316 5043 410 5109 nibus,
427 5047 501 5096 [01111
519 5041 548 5091 el
562 5033 626 5091 aliis
639 5030 722 5088 1101118
733 5030 794 5088 suis
805 5027 857 5086 sub
871 5028 948 5086 beati
961 5030 1038 5088 Pelii
1052 5036 1080 5087 el
1133 5045 1217 5118 vari,
1244 5045 1272 5105 gi
1296 5059 1362 5121 qua
1384 5042 1529 5121 partium
1549 5042 1590 5104 ab
1607 5057 1648 5104 03
1662 5044 1787 5105 temere
1800 5040 1933 5103 resilire

316 5147 368 5192 sua
381 5126 556 5204 protectione
567 5120 695 5194 suscipit.

320 5255 488 5322 Honorius
498 5251 684 5328 episcopus,
697 5261 814 5306 servus
825 5260 996 5306 servorum
1007 5245 1077 5317 Dei,

281 5359 401 5420 dilecto
431 5352 500 5412 lilio
529 5339 640 5409 nobili'
668 5344 741 5404 viro
767 5343 973 5404 Wlodislaro
1004 5342 1079 5404 duci

281 5458 322 5518 de
335 5454 439 5523 Kalis,
457 5447 597 5511 salutem
608 5443 642 5504 et
651 5440 866 5518 apostolicam
876 5439 1081 5503 benedictio-

282 5559 382 5615 nillil.⁴

1135 5140 1392 5218 praesumpserit,
1405 5141 1477 5218 ejus
1487 5138 1790 5217 praesumptionem,
1802 5137 1934 5200 sublato

1134 5237 1368 5316 appellationis
1381 5237 1562 5309 obstaculo,
1575 5251 1817 5314 percensuram
1825 5235 1937 5296 eccle-

1135 5336 1304 5398 siasticam
1327 5335 1554 5412 compescatis.
1583 5335 1701 5396 Datum
1720 5333 1889 5402 Laterani,
1905 5333 1936 5394 V

1135 5435 1209 5495 idus
1245 5431 1416 5506 februarii,
1456 5431 1668 5512 pontificatus
1705 5432 1812 5494 nostri
1844 5445 1937 5492 anno

1136 5545 1253 5610 pr1m0.
