4104 6392
63 323 120 382 ¹785
687 315 916 380 EPISTOLAE.
941 317 1018 380 LIB.
1044 321 1083 380 ll.

1654 327 1713 386 786

64 485 160 545 tatur.
178 484 271 544 Hanc
286 482 396 544 autem
418 477 604 541 libertatem
620 494 686 541 non
702 479 859 541 selamin
914 479 1122 553 accedentes,
1146 479 1179 540 et
1203 479 1363 542 habentes
1387 495 1456 558 prae
1478 481 1584 544 oculis
1606 482 1713 544 solum

64 581 251 658 supradicta
270 577 361 650 villa,
386 577 564 639 sedetiam
589 576 742 638 omnibus
770 577 860 638 villis
915 578 1035 646 Deum,
1063 577 1246 654 inquiratis
1272 563 1326 638 de¹
1348 577 1467 643 studiis
1502 580 1712 656 eligentium,

63 681 95 741 et
109 677 298 739 bominibus
311 691 393 753 quos
408 675 495 736 idern
512 675 732 752 episcopusin
747 674 861 751 poste-
915 674 1011 736 modo
1038 674 1234 746 electionis,
1271 676 1304 737 et
1335 676 1433 738 electi
1465 678 1593 738 meritis
1632 678 1713 739 dili-

63 794 136 838 rum
157 777 247 854 juste
273 775 307 835 in
330 774 452 834 ducatu
479 789 552 833 meo
577 773 698 849 poterit
720 772 859 849 adipisci
914 772 1046 847 gentius
1074 772 1263 840 veritatem,
1285 773 1318 834 et
1341 773 1370 833 si
1398 773 1591 836 electionem
1609 775 1714 852 ipsam

64 872 257 935 condonavi.
294 874 410 933 Testes
437 885 517 932 vero
543 870 645 948 bajus
672 869 860 932 donationis
915 868 955 930 de
993 885 1135 948 persona
1167 871 1288 931 idonee
1323 870 1518 933 inveneritis
1555 873 1715 934 canonice

62 988 143 1032 meae
159 970 192 1030 hi
216 971 303 1042 sunt,
332 969 535 1030 castellanus
558 971 708 1040 Yvanus,
739 960 862 1030 castel·
916 967 1134 1038 celebratam,
1167 983 1241 1029 earn
1279 969 1475 1032 auctoritate
1509 971 1713 1047 apostolica,

35 1061 36 1066 ’
62 1069 159 1129 16666
180 1068 220 1128 de
244 1067 351 1136 Ruda,
366 1067 582 1136 Ymnuzlaus,
605 1065 805 1127 castellanus
820 1066 861 1126 de
916 1065 1046 1127 sublato
1061 1066 1293 1142 appellationis
1304 1065 1486 1139 obstaculo,
1500 1067 1713 1142 confirmetis,

62 1168 181 1238 Sirem,
213 1167 341 1237 Petrus,
372 1165 540 1243 palatinus
566 1163 764 1242 Stephanus,
781 1164 862 1225 Pin·
916 1166 948 1224 et
964 1163 1069 1225 electo
1086 1163 1217 1224 faciatis
1237 1163 1309 1226 vice
1333 1169 1448 1226 nostra
1472 1181 1591 1225 munus
1612 1165 1717 1227 bene-

61 1280 162 1324 cerna
177 1264 357 1332 lohannes,
374 1263 407 1324 et
418 1261 477 1324 alii
496 1261 624 1323 nobiles
639 1261 717 1334 mei,
736 1260 862 1323 scilicet
916 1261 1070 1322 dictionis
1086 1261 1243 1338 impendi.
1257 1263 1376 1324 Datum
1390 1265 1502 1324 Romae
1513 1263 1599 1339 apud
1617 1266 1716 1326 Sanc·

60 1360 253 1433 Milozlaus‚
281 1362 413 1434 Dirsec,
441 1360 616 1432 Woicecb,
647 1359 859 1430 Haziborius‚
916 1358 1536 1436 16616166161661161661166116666
1552 1361 1710 1423 secunde.

60 1460 215 1531 lsizlaus,
232 1475 372 1536 (pirorum
397 1457 544 1520 omnium
563 1457 754 1520 testimonio
775 1457 862 1517 banc

60 1573 172 1618 meam
198 1557 410 1618 donationem
432 1571 505 1617 meo
521 1555 631 1631 sigillo
655 1555 860 1616 confirmari.

61 1659 159 1714 Anno
170 1653 212 1715 ab
224 1652 759 1715 incarnationeDominiMGCXll.
771 1652 861 1713 Nulli

61 1767 144 1827 ergo
159 1752 293 1812 omnino
308 1751 479 1812 hominum
492 1751 591 1813 liceat
605 1751 692 1812 hanc
708 1751 862 1827 paginam

60 1847 863 1925 nostraeconltrmationisinfringere,veleiausu

57 1948 243 2007 temerario
268 1948 445 2008 contraire.
463 1947 497 2007 Si
519 1947 592 2023 quis
609 1947 720 2007 autem
735 1946 797 2006 hoc
812 1948 864 2007 at-

56 2043 193 2104 tentare
205 2044 462 2119 praesumpserit,
475 2043 740 2118 indignationem
755 2042 864 2104 omni-

56 2141 205 2217 potentis
220 2141 279 2202 Dei
294 2145 327 2202 et
343 2140 514 2202 beatorum
532 2140 757 2216 apostolorum
771 2139 860 2200 Petri

56 2241 92 2300 et
109 2239 208 2299 Pauli
224 2253 260 2300 66
275 2238 405 2299 noverit
424 2237 645 2298 incursurum.

99 2338 229 2397 Datum·
263 2339 376 2397 Romae
414 2335 500 2410 apud
536 2336 694 2395 Sanctum
728 2335 862 2396 Petrum

56 2437 183 2511 quarto
199 2432 359 2494 kalendas
370 2432 470 2509 junii,
483 2447 570 2492 anno
586 2431 742 2491 secundo.

357 2627 577 2714 cclxxix

69 2773 125 2831 Ad
141 2770 298 2832 abbatem
316 2770 435 2832 866611
453 2769 620 2831 Vincentia·
636 2768 670 2830 ct
684 2770 852 2830 (16666666

173 2868 293 2928 Sancti
307 2870 518 2929 1166666661
528 2866 755 2928 Silvanectes.

359 2989 395 3046 30
407 2989 474 3046 maii
491 2989 569 3046 1218.

86 3104 216 3168 [Regest.,
226 3102 273 3156 lib.
285 3103 314 3162 li,
328 3102 401 3167 epist.
415 3102 483 3154 lita.
493 3103 551 3154 Mas.
563 3101 831 3166 turonensium]

1217 1519 1416 1606 cclxxx

957 1644 1228 1720 demonstrem
1236 1647 1672 1708 srmoaemsubdtaconam.

1206 1757 1323 1816 316611
1341 1759 1420 1817 1218.

951 1855 1070 1918 [liegest.,
1082 1854 1127 1905 lib.
1138 1855 1168 1913 ll,
1179 1855 1253 1919 epist.
1261 1854 1330 1906 tito.
1341 1857 1398 1906 uss.
1411 1859 1448 1908 La
1461 1859 1534 1908 Porta
1545 1857 1580 1908 du
1593 1857 1685 1923 ruat]
1752 1895 1753 1900 ,

944 1951 988 2010 Ad
1000 1953 1114 2026 plenam
1134 1953 1255 2026 gratiam
1269 1968 1334 2011 cum
1350 1953 1423 2012 Sede
1434 1954 1596 2028 apostolica
1613 1956 1690 2013 illurn

1256 2050 1381 2100 revocat.

957 2140 1135 2213 Honorius,
1194 2141 1255 2213 tc.,
1292 2140 1412 2204 dilecto
1448 2141 1517 2203 lilio
1557 2143 1716 2219 magistro

919 2236 1113 2298 Simonide
1141 2237 1332 2314 Longiten„
1361 2238 1564 2301 subdiacono
1590 2241 1715 2302 nostro.

958 2334 1051 2396 illius
1066 2334 1144 2396 licet
1162 2335 1319 2398 immeriti
1334 2335 1453 2398 vicarii
1472 2337 1642 2398 constituti
1661 2337 1718 2414 qui

919 2431 1085 2509 parcendo
1096 2432 1331 2494 acmiserando
1341 2449 1435 2494 suam
1446 2435 1717 2512 omnipotentiam

918 2530 1064 2590 maxime
1083 2527 1284 2602 manifestat,
1302 2528 1446 2592 libenter
1460 2531 1495 2590 in
1516 2530 1643 2592 cunctis
1659 2547 1718 2592 ac-

918 2625 1008 2686 tibus
1033 2626 1156 2688 nostris
1180 2625 1445 2688 misericordiam
1471 2628 1715 2704 amplexamur,

920 2723 1074 2797 scientes,
1091 2723 1284 2800 evangelica
1299 2724 1439 2786 veritate
1463 2725 1611 2796 docente,
1628 2726 1715 2802 quod

919 2820 1009 2883 beati
1024 2821 1267 2893 misericordes,
1284 2822 1440 2897 quoniam
1449 2821 1513 2898 ipsi
1525 2821 1719 2884 misericor-

918 2917 1007 2980 diam
1023 2919 1275 2996 consequentur.
1292 2921 1379 2980 Sane
1402 2920 1553 2995 quamvis
1573 2921 1718 2999 peccasti

919 3016 1100 3077 enormiter
1117 3016 1151 3076 te
1177 3017 1244 3076 Deo
1264 3016 1297 3077 et
1316 3016 1472 3078 Ecclesiae
1501 3018 1717 3095 pertinaciter

918 3112 1125 3190 opponendo,
1143 3112 1375 3190 propterquod
1392 3116 1464 3191 ejus
1479 3116 1632 3177 meruisti
1642 3118 1718 3193 jus-

105 3207 232 3268 Mandat
246 3215 277 3266 ut
290 3205 445 3264 intormem
456 3206 492 3264 dc
506 3207 646 3264 electione
661 3206 769 3264 1666111
785 3205 813 3264 16
918 3210 1025 3272 titiam
1039 3210 1198 3286 experiri,
1215 3211 1294 3287 quia
1312 3212 1421 3272 tamen
1436 3212 1641 3274 intellectum
1655 3213 1717 3275 tibi

393 3296 536 3353 abbatem.
918 3307 1096 3369 vexatione
1130 3305 1311 3368 salubriter
1341 3307 1517 3382 tribuente,
1545 3310 1582 3371 ut
1612 3309 1717 3372 iudas

93 3406 282 3478 Honorius,
309 3407 385 3476 etc,
409 3403 539 3465 dilectis
558 3403 636 3463 tiliis
640 3446 728 3463 .......
752 3402 863 3466 abbati
918 3404 1150 3482 Benjaminum
1185 3403 1226 3468 ad
1261 3405 1385 3481 Joseph
1420 3405 1656 3479 introduceret,
1684 3409 1718 3470 et

48 3505 172 3568 Sancti
186 3501 355 3564 vincentii
374 3502 442 3563 et...
458 3501 584 3562 decano
607 3501 720 3563 Sancti
743 3503 863 3562 116661-
919 3500 1054 3563 exeunti
1068 3500 1250 3577 AEgyptum
1263 3501 1358 3562 Judae
1373 3501 1467 3563 lieret
1485 3501 1546 3563 tibi
1565 3503 1718 3564 sanctiti-

47 3602 157 3664 bandi
175 3601 403 3663 Silvanecten.
919 3599 1017 3671 catio,
1034 3597 1077 3660 ad
1093 3597 1279 3660 humillime
1299 3597 1518 3661 confessionis
1535 3601 1718 3662 remedium

92 3698 224 3763 Dilecti
240 3697 340 3757 tilii...
351 3697 444 3776 prior
458 3696 491 3757 et
508 3697 692 3757 conventus
703 3697 865 3773 Compen—
920 3695 1109 3773 confugisti,
1120 3713 1185 3758 non
1196 3696 1438 3774 judiciumsed
1451 3697 1717 3760 misericordiam

46 3801 141 3862 dien.
155 3781 462 3859 monasterli'nobis
475 3807 535 3871 per
545 3793 678 3854 nuntios
694 3794 727 3854 et
736 3791 864 3854 litteras
919 3795 954 3856 in
970 3795 1069 3856 corde
1081 3795 1224 3856 contrito
1239 3796 1272 3857 et
1292 3795 1467 3857 humiliato
1483 3795 1603 3873 spiritu
1630 3797 1719 3858 mul-

45 3897 235 3959 hnmiliter
260 3892 490 3969 supplicarunt
514 3892 550 3952 ut
576 3907 649 3952 cum
676 3890 771 3951 bonae
795 3907 866 3951 me-
918 3892 1078 3970 tiplicatis
1095 3892 1372 3976 intercessoribus
1385 3893 1578 3970 flagitando,
1590 3909 1719 3972 nequa-

44 3995 171 4057 moriae
189 3989 331 4052 alberto
347 4002 460 4049 eorum
477 3987 582 4049 electo
596 3987 685 4048 viam
700 3987 864 4048 universae
920 4006 1018 4068 quam
1039 3991 1166 4066 ergata
1188 3991 1318 4052 viscera
1343 3991 1509 4068 potuimus
1527 3991 1720 4053 misericor-

43 4092 167 4155 carnis
186 4089 346 4163 ingresso
369 4085 605 4146 convenientes
620 4085 655 4146 in
671 4100 773 4145 unum
787 4085 866 4162 Spi-
920 4087 983 4150 diae
998 4089 1180 4160 continere,
1195 4089 1252 4148 sed
1265 4104 1306 4149 ne
1319 4089 1418 4149 nimis
1438 4087 1715 4150 contunderemus

43 4192 134 4254 ritus
149 4184 274 4250 Sancti
285 4182 393 4260 gratia
407 4183 573 4254 invocata,
588 4181 764 4244 Arnultum
781 4185 866 4261 ejus·
920 4187 1163 4263 compunctum,
1179 4187 1213 4246 et
1224 4186 1437 4262 poenitentem
1451 4185 1720 4248 immisericordi·

42 4292 123 4352 dem
162 4281 371 4348 monasterii
405 4281 603 4342 monachum
639 4281 800 4341 canonice
833 4281 866 4343 et
919 4283 971 4345 ter
985 4281 1190 4360 puniremus,
1206 4282 1239 4343 te
1254 4282 1288 4344 in
1301 4281 1435 4360 plenam
1456 4283 1599 4359 gratiam
1622 4281 1717 4344 Sedis

43 4384 275 4450 concorditer
301 4379 474 4456 elegerunt
504 4379 540 4440 in
568 4377 732 4450 abbatem,
763 4395 864 4456 quum
920 4379 1118 4458 apostolicae
1130 4379 1285 4440 duximus
1300 4378 1535 4452 revocandum,
1547 4383 1719 4457 sperantes

41 4481 298 4561 multipliciter
312 4477 581 4539 commendantes
600 4475 818 4537 subicientem
834 4478 866 4538 et
921 4479 957 4540 ut
976 4477 1101 4550 Simon,
1118 4476 1211 4538 illius
1235 4477 1381 4539 Simonis
1409 4477 1565 4550 imitator,
1583 4477 1639 4555 qui
1657 4478 1720 4539 etsi

41 4586 214 4648 idoneum
235 4577 281 4640 ad
305 4575 447 4637 abbatiae
471 4575 620 4652 regimen
638 4575 863 4646 asseruerunt,
920 4575 1134 4638 conturbatus
1145 4577 1180 4636 16
1191 4575 1448 4637 exacerbatione
1458 4575 1618 4638 ceciderit
1628 4576 1721 4637 Chri·

39 4682 258 4746 electionem
292 4673 396 4749 ipsius
425 4673 641 4749 dignaremur
668 4671 865 4734 auctoritate
920 4673 1006 4735 stum
1038 4672 1201 4750 negando,
1228 4673 1435 4751 postmodum
1463 4676 1574 4734 tamen
1602 4673 1721 4735 fortior

38 4777 249 4861 Apostolica
268 4769 480 4842 confirmare,
507 4785 546 4831 66
561 4773 633 4848 ejus
649 4769 819 4832 laboribus
833 4775 866 4832 et
919 4771 1119 4843 resurrexit,
1136 4772 1169 4832 et
1190 4771 1335 4848 perstitit
1357 4770 1485 4832 tirmior
1512 4771 1546 4832 16
1575 4770 1649 4842 ilde,
1680 4788 1720 4832 ac

39 4871 255 4943 monasterii
271 4867 446 4946 parcentes
459 4867 614 4942 expensis
627 4867 733 4928 eidem
746 4868 779 4929 in
793 4885 866 4945 par·
920 4868 1094 4930 devotione
1124 4869 1322 4945 apostolica
1351 4868 1446 4931 Sedis
1470 4868 1504 4928 et
1526 4867 1639 4929 nostra
1661 4868 1718 4928 16-

38 4979 135 5042 tibus
162 4971 237 5034 illis
267 4977 389 5026 munus
413 4961 599 5022 laceremus
622 4963 864 5026 benedictionis
920 4980 1080 5027 concusso
1108 4964 1230 5026 debeas
1261 4964 1415 5026 stabiliri.
1447 4964 1490 5026 Ut
1512 4965 1639 5037 autem,
1662 4964 1719 5025 ubi

39 5071 213 5153 impendi.
247 5067 375 5126 Verum
405 5049 485 5121 cum
504 5060 628 5120 nemini
655 5061 720 5122 cito
747 5077 865 5122 manus
920 5059 1101 5121 abundavit
1122 5058 1290 5131 delictum,
1310 5074 1553 5134 recognoscens
1577 5060 1719 5135 gratiam

40 5177 87 5239 sit
112 5163 313 5235 secundum
337 5157 531 5235 Apostolum
558 5157 769 5234 imponenda,
787 5159 865 5236 quia
920 5157 1105 5229 abundare,
1135 5158 1168 5218 te
1190 5157 1320 5232 gratum
1346 5156 1479 5218 studeas
1504 5157 1663 5218 exhibere
1690 5157 1720 5217 si

41 5271 257 5336 electionem
281 5259 389 5333 ipsam
416 5254 603 5316 examinari
630 5255 778 5330 plenarie
798 5271 865 5317 non
919 5256 961 5317 ad
994 5255 1204 5332 praebendam
1233 5253 1286 5314 vel
1318 5254 1359 5314 ad
1389 5252 1478 5316 aliud
1509 5255 1719 5316 ecclesiasti·

41 5363 238 5452 potuimus,
263 5353 459 5417 discretioni
482 5355 614 5423 vestrae,
636 5351 676 5414 de
702 5369 765 5429 qua
790 5353 864 5431 ple-
920 5369 995 5415 cum
1009 5352 1206 5414 beneficium
1219 5352 1379 5412 canonice
1393 5352 1574 5414 vocarivel
1592 5352 1669 5428 eligi
1684 5354 1718 5413 in

40 5467 189 5533 namin
219 5453 369 5522 Domino
399 5449 553 5512 fiduciam
580 5449 776 5524 obtinemus,
807 5466 866 5529 per
920 5448 1618 5526 regnoFranciaedecaeterotecontingat,
1636 5451 1720 5512 illud
1803 5469 1806 5474 ’

39 5561 247 5646 apostolica
291 5549 417 5627 scripta
454 5547 667 5642 mandamus,
703 5549 865 5625 quatenus
920 5543 1720 5626 recipiendiactenendiliberamtibiauctoritate

41 5667 86 5728 ad
135 5647 389 5723 monasterium
418 5646 612 5726 praedictum
648 5647 867 5724 personaliter
920 5645 1136 5724 praesentium
1147 5645 1358 5710 concedimus
1374 5641 1574 5708 facultatem.
1602 5648 1720 5709 Datum
