4214 6400
194 343 237 406 85
310 369 315 380 ·
829 351 1057 419 EPISTOLAE.
1081 359 1160 422 LIB.
1183 361 1208 422 1.
1801 372 1841 431 86

194 503 353 581 paginam
368 506 490 567 nostrae
515 507 775 570 confirmationis
798 511 990 589 infringere,

194 603 250 662 vel
264 603 296 663 ei
309 619 394 663 ausu
407 604 584 666 temerario
597 608 775 668 contraire.
794 610 828 668 Si
844 611 918 688 quis
931 628 993 673 au·

194 699 263 760 tem
286 700 348 760 boc
367 700 531 763 attentare
552 706 811 782 praesumpserit,
836 708 993 783 indigna-

193 798 318 858 tionem
330 799 565 876 omnipotentis
580 803 650 874 Dei,
668 805 700 864 et
714 803 884 865 beatorum
900 808 990 869 Petri

194 895 227 955 et
239 896 336 956 Pauli
351 897 575 972 apostolorum
588 901 660 976 eJus
675 917 711 961 se
732 903 862 965 noverit
876 904 991 966 incur-

192 996 414 1056 9999911991.
444 996 567 1069 Later„
589 997 716 1060 decimo
750 1001 844 1061 sexto
871 1001 991 1063 kalen·

192 1088 252 1150 das
281 1089 480 1166 decembris,
515 1095 725 1170 pontificatus
759 1099 865 1159 nostri
901 1115 989 1163 anno

191 1202 310 1262 primo.

535 1359 644 1448 LIIII

259 1562 311 1620 Ad
331 1564 625 1638 arcaiepiscopam
639 1567 910 1630 Narbonensem.

483 1673 516 1734 18
535 1689 601 1732 nov.
623 1678 701 1736 1216.

237 1795 356 1859 [11999919
374 1795 419 1846 lib.
431 1798 452 1856 l,
462 1797 535 1861 epist.
546 1798 585 1848 69.
598 1799 655 1850 1199.
669 1801 705 1852 La
716 1803 790 1852 Porta
800 1801 835 1852 du
845 1803 938 1865 111911]Ι

190 1937 335 1994 Honorius
350 1940 391 1995 lll
408 1938 525 2009 littores,
542 1939 578 1997 ab
597 1941 758 1999 Alexandro
774 1945 985 2016 praedecessore
1071 1964 1074 1970 ·

225 2039 278 2082 suo
296 2025 510 2100 archiepiscopo
531 2029 709 2088 Narbonensi
731 2047 894 2104 concessas,
913 2049 982 2092 con·

225 2113 328 2171 1199991.

228 2259 408 2332 Honorius,
427 2261 502 2332 etc,
525 2262 709 2324 venerabili
732 2263 827 2326 199191
847 2265 983 2328 archie-

186 2355 324 2432 piscopo
340 2357 529 2420 Narbonen.

227 2453 369 2534 Litteras
396 2455 504 2516 felicis
530 2459 771 2520 recordatiouis
799 2459 982 2522 Alexandri

183 2552 555 2628 Papaepraedecessoris
574 2557 680 2616 nostri
702 2555 797 2618 bonae
813 2559 983 2620 memoriae

184 2647 307 2709 Pontio
341 2650 579 2725 praedecessori
623 2654 680 2714 tuo
724 2669 900 2714 concessas
947 2655 983 2716 in

185 2745 277 2806 hunc
288 2747 420 2807 modum
438 2747 530 2808 uobis
541 2749 728 2827 accepimus
740 2753 956 2828 praesentatas
973 2775 981 2813 :

223 2842 413 2904 Alexander
442 2846 636 2923 episcopua,
665 2864 782 2909 servus
808 2865 982 2911 servorum

182 2940 256 3012 Dei,
272 2957 347 3001 ven.
369 2941 464 3004 199191
490 2944 608 3005 Pontio
632 2945 823 3007 Narbonen.
844 2948 981 3009 archie-

181 3037 320 3114 piscopo
335 3038 474 3100 salutem
490 3041 523 3102 et
541 3043 756 3119 apostolicam
776 3042 983 3106 benedictio-

182 3136 609 3210 nem.‹1ax1itteristuis,et
621 3155 663 3200 ex
676 3140 825 3218 pluribus
838 3143 982 3204 authen-

181 3231 259 3292 ticis
294 3233 426 3310 scriptis
462 3235 612 3297 ecclesiae
647 3238 713 3298 tuae
739 3239 978 3312 intelleximus,

182 3327 270 3406 quod
294 3330 434 3392 ecclesia
464 3333 575 3394 Sancti
605 3334 702 3420 Bauli
732 3336 923 3412 specialiter
948 3339 981 3398 et

182 3426 317 3502 proprie
340 3426 382 3486 ad
405 3429 519 3504 juset
547 3430 798 3506 dispositionem
827 3433 979 3494 ecclesiae

180 3524 249 3583 tuae
265 3523 438 3599 pertineat,
453 3525 486 3587 et
498 3542 557 3602 per
568 3527 795 3590 antecessores
810 3530 980 3591 1999999-

180 3634 242 3696 per
256 3623 468 3684 consueverit
491 3623 650 3686 ordinari.
669 3627 766 3686 Nunc
786 3628 908 3699 autem,
927 3629 978 3688 si-

180 3717 298 3778 99191
321 3734 420 3780 aures
445 3721 575 3782 nostras
597 3723 759 3798 pervenit,
788 3726 824 3784 11.
846 3725 980 3786 viceco-

180 3813 311 3875 mitissa
326 3815 518 3878 Narbonen.
533 3817 685 3879 abbatem
698 3819 846 3897 ejusdem
857 3819 923 3881 loci
933 3821 978 3882 ita

180 3909 248 3970 sibi
261 3911 455 3986 vindicavit,
473 3915 559 3992 quod
576 3915 708 3992 penitus
723 3917 774 3978 est
787 3933 856 3978 999
872 3933 978 3994 expo-

178 4007 264 4069 situs
279 4009 453 4084 voluntati,
471 4027 510 4072 ac
525 4027 585 4088 per
604 4013 667 4074 boc
691 4013 832 4076 ecclesia
847 4015 979 4077 videtur

177 4107 252 4182 ejus
267 4105 415 4168 dominio
437 4110 607 4172 summitti.
637 4111 721 4182 Quia
741 4127 822 4173 vero
843 4111 977 4174 timetur

179 4217 223 4262 ne
237 4203 448 4266 vicecomites
463 4207 654 4269 Narbonen.
673 4209 709 4269 19
722 4209 916 4287 praescripta
926 4226 977 4272 ec·

177 4299 282 4362 919919
309 4301 454 4378 aliquam
477 4305 653 4366 occasione
675 4306 738 4368 ista
762 4307 826 4367 sibi
842 4308 977 4369 valeant

172 4397 442 4473 jurisdictionem
465 4401 501 4462 19
532 4403 700 4478 99919999
724 4403 911 4476 vindicare,
942 4405 974 4467 et

176 4509 239 4554 999
254 4495 400 4558 1991919
414 4497 521 4574 ipsam
532 4515 729 4577 supponere.
746 4503 815 4562 Nos
825 4502 975 4564 volentes

176 4590 239 4653 tibi
263 4595 295 4654 et
314 4594 465 4656 ecclesiae
487 4596 554 4657 tuae
577 4598 613 4656 in
638 4598 702 4658 bac
727 4599 820 4675 parte
835 4599 974 4676 provida

174 4689 474 4768 circumspectione
494 4694 667 4756 consulere
693 4695 754 4756 tibi
775 4693 974 4758 auctoritate

174 4788 366 4864 Apostolica
387 4789 610 4866 indulgemus,
635 4793 743 4868 91999
757 4793 892 4855 9119919
915 4794 974 4854 19-

174 4885 417 4958 commoditate,
444 4903 542 4964 quam
569 4888 726 4962 diximus,
749 4891 975 4959 9119199199

174 4981 388 5044 videcomites
398 4983 634 5045 Narbonenses
645 4987 789 5047 ullamin
801 4988 974 5064 praelibata

178 5079 320 5140 ecclesia
331 5080 598 5158 jurisdictionem
611 5082 734 5145 babere
748 5085 891 5156 valeant,
906 5087 974 5146 tam

172 5176 222 5243 tu,
239 5192 336 5253 quam
350 5193 559 5240 successores
573 5178 623 5240 tui
638 5179 778 5242 liberam
796 5182 901 5259 ipsius
916 5199 975 5244 ac-

173 5273 284 5336 919919
311 5275 634 5338 administrationem
662 5279 694 5338 et
722 5279 973 5356 dispositionem

172 5370 336 5440 babeatis,
359 5373 392 5433 91
411 5389 484 5434 999
511 5372 614 5434 libere
638 5375 772 5452 possitis
793 5377 835 5437 ad
855 5393 972 5438 manus

169 5469 299 5530 vestras
315 5471 429 5532 199999
451 5493 457 5530 :
480 5471 525 5532 ita
548 5473 634 5549 quod
658 5472 703 5533 ibi
719 5474 924 5550 9999991119,
941 5476 975 5538 91

171 5565 254 5625 9919
270 5565 452 5628 honestatis
472 5569 593 5637 valeat,
615 5569 700 5632 sicut
716 5569 876 5631 hactenus
891 5587 977 5633 con-

174 5663 300 5734 suevit,
318 5665 444 5726 servari
456 5665 591 5742 9991199,
604 5668 638 5728 91
647 5667 774 5743 augeri,
792 5668 976 5732 9199919919

1045 519 1119 596 ipsa
1139 521 1266 583 nullum
1285 523 1321 584 19
1341 523 1570 600 spiritualibus
1583 525 1635 588 vel
1651 529 1839 606 corporali-

1045 615 1840 701 busdebeatincurreredetrimentum.vNosigi-

1045 714 1192 792 1999991
1202 718 1242 777 ab
1256 718 1370 780 eodem
1383 721 1628 796 praedecessore
1639 722 1840 800 nostropro-

1044 811 1119 873 vide
1141 812 1261 876 iactum
1285 815 1320 877 in
1341 815 1403 878 bac
1418 819 1512 894 parte
1532 820 1641 880 ratum
1665 819 1836 896 babentes,

1044 907 1124 970 illud
1155 913 1351 975 auctoritate
1377 916 1566 992 Apostolica
1590 917 1835 992 confirmamus,

1043 1007 1075 1067 91
1084 1009 1257 1083 praesentis
1266 1011 1382 1090 scripti
1392 1013 1835 1089 patroinciocommunimus.

1042 1105 1134 1166 Nulli
1148 1109 1324 1184 9999919,
1335 1111 1456 1170 nostrae
1472 1111 1744 1185 confirmationis,
1759 1113 1834 1186 etc,

1044 1201 1078 1262 Si
1094 1203 1168 1279 quis
1187 1205 1308 1278 autem,
1323 1209 1385 1268 etc.
1398 1209 1514 1269 Datum
1531 1209 1697 1282 Laterani,
1707 1213 1752 1270 IX
1767 1210 1834 1272 kal.

1042 1298 1238 1382 decembris,
1253 1303 1465 1380 pontificatus
1482 1306 1588 1369 nostri
1610 1322 1698 1368 anno
1716 1307 1834 1384 99199.

1375 1554 1504 1641 LXIII

1038 1755 1091 1814 Ad
1110 1757 1331 1818 1199999199
1351 1759 1606 1821 Bitterrcrasem
1627 1764 1833 1837 episcopam,

1243 1870 1383 1928 999999
1408 1871 1632 1920 successores.

1323 1968 1356 2024 18
1380 1983 1446 2025 nov.
1469 1969 1548 2027 1116.

1039 2095 1396 2163 [1199111191999191199199199
1404 2099 1831 2168 Biterrensis.blssbibll'arisiem‘J.

1063 2215 1206 2274 Honorius
1231 2217 1271 2273 llI
1295 2216 1446 2274 ecclesiam
1468 2217 1660 2275 biterrensem
1687 2218 1807 2292 ejusque

1116 2305 1311 2376 possessiones
1322 2305 1374 2362 sub
1389 2321 1439 2362 sua
1451 2307 1625 2378 protectione
1641 2309 1748 2380 recipit.

1077 2449 1244 2510 Honorius
1281 2450 1473 2528 episcopus,
1511 2469 1626 2514 servus
1660 2468 1832 2514 servorum

1038 2546 1112 2618 Dei,
1137 2547 1321 2608 venerabili
1350 2548 1444 2610 tratri
1465 2550 1634 2610 Bernardo
1653 2551 1828 2612 Bitterren.

1038 2643 1204 2719 episcopo,
1232 2646 1369 2721 eJ'usqua
1396 2647 1643 2708 successoribus
1672 2648 1833 2710 canonice

1037 2740 1275 2802 substituendis
1289 2743 1325 2802 in
1339 2744 1553 2820 perpetuum?

1076 2841 1114 2899 19
1129 2855 1168 2900 eo
1186 2856 1299 2899 sumus
1321 2840 1442 2903 199991
1463 2841 1573 2903 9111919
1596 2842 1674 2903 11991
1694 2841 1830 2902 1999111-

1037 2935 1200 2997 919911999
1214 2937 1341 2998 9991119
1356 2954 1499 3016 9999999
1508 2939 1714 3016 providentia
1728 2955 1830 3000 cons-

1035 3033 1135 3104 tituti,
1164 3034 1200 3095 ut
1231 3033 1389 3096 tratribus
1416 3039 1449 3098 91
1474 3037 1679 3114 coepiscopis
1707 3037 1831 3099 nostris

1035 3131 1102 3192 tam
1121 3132 1241 3192 vicinis
1263 3149 1362 3210 quam
1389 3134 1487 3208 longe
1511 3135 1627 3211 positis
1651 3134 1829 3196 debeamus

1035 3228 1143 3289 studio
1158 3228 1314 3292 iraternae
1328 3231 1477 3293 caritatis
1489 3231 1658 3304 assistere,
1670 3233 1703 3294 et
1717 3233 1753 3292 ut
1765 3247 1831 3292 me·

1034 3325 1099 3385 lius
1121 3327 1315 3388 commissas
1339 3328 1403 3388 sibi
1424 3328 1583 3389 ecclesias
1610 3329 1743 3390 valeant
1763 3344 1830 3403 gu-

1034 3422 1174 3484 bernare
1184 3425 1401 3500 apostolicum
1413 3426 1633 3501 patrocinium
1647 3424 1826 3501 impertire.

1034 3523 1080 3580 Ea
1104 3522 1249 3598 propter,
1275 3522 1474 3583 venerabilis
1501 3523 1536 3582 in
1567 3523 1697 3583 Christo
1725 3522 1830 3583 frater

1034 3618 1198 3694 episcope,
1211 3618 1276 3679 tuis
1285 3619 1385 3696 justis
1398 3618 1676 3695 postulationibus
1687 3619 1829 3680 clemen·

1033 3715 1084 3774 ter
1111 3715 1290 3775 annuimus
1324 3716 1357 3776 et
1389 3715 1626 3785 Bitterrensem
1652 3716 1829 3776 ecclesiam

1033 3814 1222 3872 sanctorum
1246 3813 1429 3890 martyrum
1444 3814 1580 3874 Nazarii
1601 3815 1634 3876 et
1654 3813 1751 3885 Celsi,
1773 3813 1828 3874 cui

1032 3911 1169 3970 auctore
1183 3911 1250 3970 Deo
1265 3925 1409 3988 praeesse
1423 3911 1640 3987 dignosceris,
1651 3911 1826 3972 aid-exem-

1031 4006 1105 4082 plar
1117 4005 1224 4067 felicis
1240 4009 1410 4070 memoriae
1424 4008 1574 4081 Adriani,
1598 4011 1631 4071 et
1643 4007 1827 4070 Alexandri

1032 4103 1829 4180 praedecessorumnostrorumRomanorumPon·

1030 4201 1167 4276 1111999,
1192 4203 1252 4264 sub
1275 4202 1364 4264 beati
1385 4203 1476 4263 Petri
1503 4204 1535 4264 et
1559 4204 1672 4265 nostra
1692 4203 1826 4280 protec-

1030 4300 1120 4361 tione
1140 4300 1350 4376 suscipimus,
1376 4301 1410 4361 et
1423 4299 1597 4376 praesentis
1621 4300 1736 4376 scripti
1751 4301 1825 4377 pri-

1029 4397 1152 4473 vilegio
1176 4398 1428 4472 communimus,
1457 4397 1649 4469 statuentes,
1664 4398 1701 4459 ut
1721 4413 1827 4476 quas-

1030 4510 1171 4572 cumque
1207 4495 1452 4572 possessiones,
1490 4511 1704 4573 quaecumque
1734 4495 1825 4568 ,bona

1029 4592 1145 4655 eadem
1172 4593 1312 4654 ecclesia
1339 4593 1374 4654 in
1402 4594 1655 4670 praesentiarum
1677 4594 1767 4672 juste
1793 4594 1826 4656 et

1012 4690 1190 4752 'canonice
1212 4691 1443 4768 possidebant
1461 4691 1497 4752 in
1518 4691 1826 4754 iuturumconoes-

1030 4789 1123 4849 sione
1164 4789 1368 4866 pontificum,
1408 4789 1585 4865 largitione
1620 4806 1747 4867 regum,
1772 4790 1826 4852 vel

1028 4887 1231 4963 principum,
1253 4887 1420 4949 oblatione
1456 4887 1618 4959 fidelium,
1655 4903 1714 4947 seu
1749 4887 1825 4948 aliis

1024 4984 1125 5060 justis
1140 4984 1246 5044 modis
1262 4985 1440 5061 praestante
1453 4985 1592 5044 Domino
1610 4984 1731 5060 poterit
1745 4984 1823 5044 adi-

1028 5081 1123 5158 pisci,
1150 5079 1246 5141 flrma
1268 5079 1330 5141 tibi
1351 5080 1484 5157 tuisque
1506 5079 1767 5152 successoribus,
1793 5081 1826 5142 et

1029 5177 1157 5238 illibata
1171 5177 1397 5254 permaneant,
1413 5177 1448 5237 in
1463 5177 1581 5255 quibus
1594 5178 1666 5238 liceo
1681 5177 1825 5254 propriis

1029 5275 1184 5336 duximus
1204 5275 1420 5351 exprimenda
1440 5274 1633 5336 vocabulis:
1650 5273 1824 5335 Abbatiam

1030 5375 1144 5434 Sancti
1162 5372 1344 5444 Aiirodisii,
1375 5372 1540 5434 abbatiam
1569 5372 1681 5433 Sancti
1696 5371 1824 5442 Jacobi,

1029 5471 1062 5532 et
1090 5471 1330 5548 processiones,
1354 5487 1393 5532 ac
1416 5471 1576 5532 stationes
1600 5487 1682 5546 quas
1711 5470 1825 5532 clerici

1030 5569 1221 5630 earumdem
1237 5569 1445 5630 abbatiarum
1456 5568 1588 5630 statutis
1608 5568 1724 5630 diebus
1740 5585 1824 5630 con-

1031 5669 1211 5730 sueverunt
1230 5668 1264 5728 in
1279 5671 1388 5731 vestra
1413 5667 1553 5730 ecclesia
1575 5667 1745 5740 exhibere,
1769 5683 1825 5730 ec-
