4234 6408
288 317 349 382 235
903 324 1080 386 HONORII
1102 325 1147 387 Ill
1169 325 1317 388 OPERA.
1881 322 1945 386 236

292 479 378 554 dem,
388 481 580 560 praedictum
589 483 766 547 terminum
775 484 816 545 ad
825 485 1087 565 prosequendam
1141 487 1191 549 rei
1206 486 1409 550 evidentiam
1423 486 1571 549 tenorem
1587 484 1736 561 ipsarum
1750 481 1940 552 litterarum

291 579 549 656 appellationem
587 580 778 658 praedictam
818 584 967 663 partibus
1002 585 1090 647 assi·
1143 585 1361 663 praesentibus
1383 585 1539 646 duximus
1550 581 1777 652 inserendum,
1792 580 1850 658 qui
1861 579 1940 642 talis

292 678 554 756 gnand03quam
567 680 654 741 idem
665 681 936 760 archiepiscopus
947 699 1006 760 per
1015 683 1089 746 ido-
1143 685 1212 748 esta

292 790 391 885 neum
423 778 651 853 responsalem
683 780 838 857 prosequi
871 796 938 842 non
960 777 1090 842 curavit
1182 779 1486 844 «praecedentium
1510 775 1707 840 auctoritate
1727 775 1858 854 patrum
1879 775 1942 836 ad-

293 873 418 936 1131133
432 877 635 952 expectatus,
653 893 841 956 quanquam
856 879 898 940 ad
921 880 1090 942 contradi·
1143 881 1334 948 monemus,'
1354 879 1390 941 ut
1412 876 1570 956 quidquid
1591 875 1787 953 perpetuum
1806 889 1846 934 ac
1870 873 1943 935 sta-

294 971 435 1033 eendum
450 974 483 1034 et
495 974 739 1051 impetrandum
757 977 932 1053 quamdam
954 977 995 1038 ad
1010 993 1091 1038 nos-
1142 978 1209 1039 bile
1224 977 1298 1039 ileri
1310 977 1462 1038 volumus
1476 974 1609 1052 scriptis
1625 988 1664 1035 ao
1676 971 1797 1034 litteris
1809 971 1943 1033 traden-

294 1071 380 1131 tram
395 1073 605 1148 praesentiam
617 1073 804 1136 destinarit.
816 1074 909 1136 Licet
918 1075 1020 1152 igitur
1030 1090 1089 1152 pro
1144 1076 1220 1137 dum
1244 1074 1459 1153 praesentium
1491 1074 1524 1135 et
1550 1072 1739 1134 futurorum
1769 1069 1939 1131 memoriae

294 1183 335 1228 eo
357 1167 443 1244 qnod
467 1171 623 1247 prosequi
643 1170 899 1249 appellationem
919 1189 1014 1233 suam
1029 1188 1091 1234 ne-
1144 1173 1421 1236 commendemus.
1467 1170 1674 1248 Quapropter
1718 1176 1782 1244 e'go
1819 1167 1939 1243 regina

294 1263 409 1339 glexit,
426 1280 524 1342 quam
539 1266 929 1345 prosecutaestlegitime
943 1285 1020 1346 pars
1036 1267 1091 1332 ad·
1143 1271 1317 1345 Therasia,
1333 1270 1473 1347 gloriosi
1493 1267 1705 1347 imperatoris
1722 1263 1880 1326 ildefonsi
1894 1263 1940 1324 ii-

294 1377 404 1432 13333,
419 1361 506 1424 idem
528 1365 800 1443 archiepiscopus
821 1367 910 1429 esset
927 1367 1033 1428 eidem
1055 1369 1091 1428 in
1142 1370 1201 1442 113,
1228 1369 1269 1430 ad
1291 1368 1423 1429 laudem
1450 1366 1482 1430 et
1509 1364 1651 1443 gloriam
1680 1362 1813 1425 Domini
1834 1361 1940 1424 nostrl

295 1461 452 1536 expensis
476 1461 633 1538 legitimis
657 1463 937 1537 condemnandus,
958 1480 1019 1526 nos
1037 1465 1092 1526 ta·
1143 1471 1224 1530 iesu
1238 1467 1360 1528 Christi
1379 1467 1412 1527 et
1426 1464 1467 1526 ob
1479 1464 1638 1527 honorem
1654 1462 1686 1524 31
1698 1474 1845 1522 amorem
1857 1458 1941 1520 bea-

295 1558 417 1618 manin
430 1558 493 1620 hoc
506 1560 669 1622 senectuti
684 1563 756 1638 ejus
769 1562 953 1639 parcentes,
970 1562 1092 1624 disere-
1144 1565 1282 1627 tissimae
1296 1563 1446 1640 Virginis
1467 1561 1582 1623 Mariae
1602 1561 1635 1622 et
1657 1574 1717 1638 pro
1743 1556 1941 1620 remissione

296 1655 380 1717 tioni
402 1657 522 1719 vestrae
549 1673 610 1734 per
632 1659 815 1736 apostolica
829 1659 952 1737 scripta
967 1661 1090 1738 praeci·
1145 1663 1355 1740 peccatorum
1373 1675 1521 1721 meorum
1541 1658 1574 1720 et
1593 1655 1792 1719 remissione
1819 1647 1939 1715 animae

296 1753 416 1830 piendo
430 1754 637 1826 mandamus,
654 1757 829 1834 quatenus,
843 1758 872 1818 si
884 1756 978 1820 vobis
994 1774 1094 1820 cons-
1146 1776 1227 1822 meae
1241 1759 1274 1821 31
1291 1759 1466 1837 parentum
1487 1771 1636 1818 meorum
1653 1753 1739 1816 13310
1759 1753 1941 1814 testamen·

296 1851 402 1913 titerit
414 1853 617 1914 comitissam
630 1854 813 1931 praelatam,
830 1855 902 1932 ipsa
912 1856 1023 1919 tamen
1038 1856 1093 1916 in·
1144 1859 1214 1921 tum
1230 1859 1263 1920 et
1275 1857 1425 1918 chartam
1443 1853 1632 1916 donationis
1646 1868 1706 1930 per
1717 1852 1817 1928 huius
1830 1849 1938 1926 scrip-

297 1949 394 2010 terim
409 1949 569 2012 beneflcio
585 1952 751 2028 praediotae
770 1953 989 2015 relaxationis
1009 1969 1094 2030 gau-
1145 1957 1229 2018 turae
1243 1952 1656 2030 dmnitatemportugalem
1671 1949 1742 2012 sedi
1753 1949 1793 2010 de
1804 1947 1941 2009 civitate

299 2045 408 2118 dente,
425 2046 499 2119 sibi,
528 2048 564 2109 ut
583 2048 782 2121 dictumest,
804 2050 962 2112 obtulisse
975 2052 1095 2128 hujus-
1147 2053 1361 2130 portugalen.
1379 2052 1452 2113 sine
1467 2051 1534 2112 elio
1546 2048 1680 2111 haerede
1697 2063 1772 2109 cum
1788 2043 1940 2107 omnibus

297 2144 635 2222 modijuramentum‚
654 2147 706 2208 vel
721 2147 805 2208 alias
821 2164 864 2210 ex
877 2150 971 2226 parte
986 2148 1093 2226 ipsius
1148 2153 1218 2213 suis
1238 2135 1421 2212 redditibus
1443 2148 1475 2211 et
1499 2148 1568 2210 suis
1584 2144 1792 2225 adjacentiis,
1813 2144 1845 2204 et
1866 2157 1941 2203 cum

298 2240 403 2352 luisse
416 2243 564 2320 legitime
575 2243 786 2322 appellatum,
799 2245 1000 2309 denuntietis
1013 2263 1095 2325 pree·
1147 2250 1289 2312 ecclesia
1305 2248 1410 2309 sancti
1426 2247 1517 2310 Petri
1536 2246 1569 2308 et
1591 2243 1777 2308 Rotundela
1790 2243 1824 2304 et
1841 2239 1941 2302 Busto

299 2339 420 2402 dictam
447 2341 644 2404 sententiam
663 2343 885 2420 appellatione
912 2345 1095 2422 postposita
1148 2349 1181 2410 et
1197 2348 1307 2410 oestro
1329 2347 1415 2424 quod
1433 2362 1452 2407 a
1475 2345 1575 2421 vulgo
1590 2343 1712 2404 dicitur
1725 2341 1853 2402 Luneta
1868 2356 1941 2402 cum

298 2437 424 2500 nullam
435 2455 520 2512 esse,
531 2439 677 2501 audituri
689 2441 902 2518 postmodum
918 2443 1032 2521 siquid
1046 2459 1096 2504 re·
1148 2445 1302 2508 omnibus
1317 2443 1526 2522 pertinentiis
1541 2441 1656 2502 suiset
1671 2438 1839 2502 Germiadi
1857 2439 1941 2516 quod

298 2536 460 2598 manserit
483 2537 689 2614 quaestionis,
718 2541 751 2600 ot
769 2537 852 2601 illud
872 2539 1095 2617 appellatione
1148 2544 1302 2622 primitus
1318 2558 1412 2604 soror
1427 2557 1500 2602 mea
1520 2540 1638 2616 regina
1654 2539 1776 2601 Urtaca
1795 2536 1940 2609 dederat,

298 2635 424 2696 remota
446 2633 513 2696 tine
533 2633 643 2696 debito
657 2635 813 2710 decisuri,
837 2636 990 2699 iaciendo
1009 2637 1095 2715 quod
1149 2643 1184 2704 et
1214 2640 1367 2703 omnibus
1402 2639 1569 2715 regalibus
1597 2634 1848 2698 haereditatibus
1870 2649 1942 2711 quae

299 2731 514 2792 decreveritis
542 2749 602 2810 per
634 2749 810 2795 censuram
834 2735 1095 2798 ecelesiasticam
1149 2739 1236 2802 inita
1260 2740 1393 2801 cautum
1413 2736 1634 2799 continentur.
1660 2738 1751 2796 Dono
1773 2733 1886 2810 itaque
1912 2731 1945 2793 et

300 2829 441 2890 tirmiter
456 2829 639 2891 observari.
661 2831 779 2894 Datum
795 2833 964 2906 Laterani,
981 2837 1010 2896 il
1029 2834 1095 2895 ha·
1150 2837 1294 2900 concedo
1323 2837 1481 2914 perpetua
1516 2833 1696 2896 stabilitate
1737 2829 1944 2908 supradictas

300 2923 416 3032 landas
439 2923 613 2997 februarii,
642 2927 853 3003 pontificatus
881 2929 987 2992 nostri
1008 2945 1096 2993 anno
1150 2936 1362 2998 hereditates
1388 2935 1459 2995 sive
1486 2931 1648 3011 piscarias
1677 2929 1800 2990 sanctae
1828 2927 1943 2988 Mariae

300 3035 418 3097 prlffl0·
1151 3032 1363 3110 portugalen.
1379 3031 1509 3094 sediset
1521 3029 1654 3091 domino
1664 3027 1782 3104 ugoni,
1797 3025 1943 3103 eiusdem

1151 3132 1300 3195 33313313
1316 3131 1483 3208 episcopo,
1499 3131 1637 3206 ejusque
1652 3123 1899 3188 successoribus
1912 3124 1946 3184 31

641 3245 757 3334 CXCI
910 3229 911 3232 ’
1151 3229 1238 3294 iaoio
1249 3230 1382 3291 cautum
1392 3225 1617 3289 firmissimum
1629 3222 1856 3304 perierminos
1868 3235 1944 3282 suos

1148 3327 1307 3390 ¹videlicet
1324 3340 1384 3404 per
1397 3325 1570 3392 Lunetam,
1582 3321 1700 3384 deinde
1719 3319 1882 3383 Peconari
1897 3317 1944 3380 ri-

1151 3427 1265 3489 vulum
1283 3424 1340 3502 qui
1355 3423 1461 3485 currit
1474 3421 1572 3501 juxta
1588 3419 1747 3500 palatium
1767 3419 1808 3480 de
1828 3416 1946 3479 Garsia

1152 3523 1326 3595 Gonsaluz,
1350 3520 1469 3583 deinde
1489 3519 1529 3582 ad
1547 3520 1658 3597 petras
1688 3516 1806 3594 stylos,
1828 3515 1947 3578 deinde

592 3625 624 3683 31
643 3623 703 3699 ian.
726 3625 806 3684 iiii.
1152 3638 1212 3701 per
1222 3625 1381 3682 panemos
1394 3618 1434 3680 ad
1450 3621 1638 3689 Barrosam‚
1659 3614 1737 3677 inde
1760 3629 1873 3675 arcam
1887 3628 1947 3674 ve·

304 3745 378 3809 [eoo.
395 3747 443 3798 raa.
461 3745 533 3807 333,
553 3763 579 3812 p.
602 3747 655 3798 rar.
670 3750 729 3801 uss.
748 3749 929 3816 sinistroque
945 3749 1097 3814 nationale]
1150 3719 1256 3786 lirim
1269 3717 1404 3797 (1118631
1416 3731 1519 3794 propa
1537 3714 1671 3787 [Omma
1694 3712 1827 3774 indeed
1846 3711 1946 3772 aliam
1984 3787 1988 3797 .

1152 3833 1275 3890 arcam,
1295 3815 1413 3878 deinde
1432 3814 1473 3876 ad
1494 3814 1621 3891 petram
1637 3812 1810 3882 lurcatam,
1827 3807 1947 3872 deinde

302 3913 446 3988 Episcopo
482 3916 680 3990 portugalensi
707 3915 859 4002 conflrmai
882 3921 1099 3978 concessionem
1152 3916 1194 3978 ad
1213 3913 1358 3977 montem
1379 3911 1436 3990 qui
1456 3913 1596 3974 vocatur
1614 3909 1805 3982 Pedemula,
1827 3905 1948 3969 deinde

339 4017 356 4059 a
380 4002 517 4104 'pharasia
544 4005 743 4078 portugalensi
763 4007 874 4080 regina,
898 4008 953 4066 illia
973 4009 1097 4082 impera·
1152 4030 1211 4092 per
1223 4013 1367 4076 montem
1382 4009 1423 4072 da
1442 4009 1593 4087 captivis,
1615 4006 1734 4070 deinde
1756 4004 1946 4068 3133131131-

339 4099 409 4150 ioris
424 4090 598 4165 lldephonsi,
624 4092 728 4152 iactam
745 4109 780 4154 ex
796 4102 966 4154 testamento
985 4095 1099 4171 lingoni
1153 4111 1242 4174 ditur
1259 4111 1325 4173 epto
1348 4108 1437 4170 sacta
1454 4123 1529 4170 cum
1551 4105 1729 4178 permade,
1752 4103 1876 4165 deinde
1889 4115 1948 4181 per

339 4182 477 4254 episeopo
490 4183 530 4254 tei
548 4183 898 4258 ecciesiaeiponugaiensi
923 4183 959 4244 de
984 4187 1099 4244 civitate
1153 4208 1317 4270 eminam
1332 4201 1775 4266 fratrumjndeadcanapem
1787 4203 1947 4277 majorem

314 4271 1098 4347 Ι11031033113331303131133033110331113013331
1173 4305 1179 4320 ·
1226 4302 1268 4365 td
1371 4302 1395 4365 ·t
1411 4302 1482 4364 Μ)
1526 4301 1574 4362 -fl
1785 4297 1805 4358 d

338 4362 459 4420 ecelesia
473 4364 501 4420 S.
518 4365 593 4464 petri
608 4369 636 4420 et
648 4363 806 4422 lioinndola
821 4370 850 4421 et
864 4366 951 4422 Rusio
966 4372 994 4423 et
1005 4371 1100 4424 oestro
1152 4321 1254 4464 ῗἬΠ
1271 4319 1420 4462 efflue?
1467 4316 1687 4462 &egena
1713 4300 1784 4459 0³0⁰
1795 4309 1948 4456 ἓξὲξ

339 4449 838 4554 030110313011311331333133331
860 4453 993 4510 omnihus
1012 4454 1095 4524 peril·
1155 4420 1187 4514 ,g
1287 4418 1300 4479 J
1394 4416 1466 4510 ,ᾳ
1588 4415 1665 4508 ,(ῙΠ
1712 4413 1793 4475 pp
1928 4520 1950 4534 .

339 4548 583 4610 hammoniaci
609 4539 761 4610 Germiadi‚
781 4555 845 4613 033
866 4542 996 4614 primitus
1019 4557 1100 4601 soror
1152 4500 1240 4564 mm
1267 4496 1474 4577 supradmms
1499 4498 1660 4560 term¹¹¹⁰⁸
1682 4495 1788 4556 h³b⁰⁰
1809 4492 1866 4554 vel
1885 4491 1929 4552 ha

339 4630 402 4702 ejus
416 4630 516 4703 regin,
532 4631 634 4688 Urgo,
648 4627 814 4687 donaverat.
1151 4598 1231 4661 bere
1243 4597 1346 4659 debeo
1360 4598 1396 4658 in
1410 4595 1631 4665 Baneis,siue
1646 4594 1686 4655 de
1702 4593 1826 4653 Sancta
1841 4587 1950 4650 Maria

1153 4697 1186 4758 et
1202 4695 1311 4780 ¹Aquis
1340 4694 1481 4766 sanctie,
1499 4692 1570 4754 sive
1599 4691 1639 4752 de
1662 4690 1760 4752 dictis
1779 4686 1952 4765 regalibus

343 4789 447 4852 lastis
476 4788 672 4867 petentium,
698 4789 800 4851 etc...
816 4803 923 4865 usqae
944 4805 1097 4853 assensu.
1152 4789 1822 4872 possessionibustotumecclesiaesanctae
1833 4783 1952 4846 Mariae

303 4891 350 4951 Ea
368 4903 442 4967 quae
464 4887 506 4949 ab
525 4887 648 4949 inclitae
667 4887 908 4950 reeordationis
923 4889 1097 4960 Therasia,
1152 4883 1402 4967 portugalensis
1418 4887 1507 4950 sedis
1520 4887 1554 4949 et
1568 4886 1702 4948 domino
1713 4884 1822 4960 Ugoni
1835 4896 1954 4960 supra·

302 4987 468 5068 quondam
489 4985 723 5064 Portugalensi
741 4986 870 5063 regina,
887 5003 988 5064 super
1001 4989 1099 5049 cauto
1152 4989 1249 5053 diotae
1270 4987 1421 5050 ecclesiae
1436 4985 1602 5062 episeopo,
1620 4986 1757 5061 ejusque
1769 4995 1953 5043 successo-

303 5087 336 5149 et
364 5085 516 5148 terminis
540 5085 610 5146 suis
638 5085 735 5146 bonae
761 5085 930 5146 memoriae
966 5083 1099 5162 Hugoni
1151 5087 1244 5148 ribus
1259 5086 1363 5148 testor
1378 5084 1410 5146 et
1420 5082 1761 5162 donoetpercautum
1776 5078 1952 5149 confirmo,

301 5184 540 5262 praedecessori
568 5182 626 5245 tuo
645 5185 678 5245 et
704 5183 855 5244 eeclesiae
883 5183 1096 5260 portugalen.
1151 5179 1688 5261 uthabeatetpossideatecclesia
1697 5177 1956 5255 portugalensis

301 5282 357 5360 pia
380 5283 458 5345 sunt
476 5281 677 5343 liberalitate
698 5280 831 5354 collata,
848 5281 936 5343 sicut
948 5281 985 5342 in
1002 5285 1098 5360 ejus·
1152 5299 1224 5346 aero
1239 5282 1377 5361 perenni
1393 5281 1427 5341 in
1442 5279 1574 5341 saeculis
1590 5277 1800 5340 saeculorum.
1826 5277 1862 5336 Si
1877 5274 1956 5353 quis

302 5379 377 5440 dem
404 5381 530 5456 reginae
547 5379 668 5441 litteris
685 5377 874 5440 continetur
896 5379 936 5440 de
958 5394 1098 5456 quarum
1150 5397 1230 5444 vero
1248 5381 1288 5442 de
1310 5378 1504 5458 propinquis
1524 5377 1607 5438 meis
1626 5375 1679 5438 vel
1695 5375 1736 5436 de
1751 5373 1873 5436 alienis
1888 5373 1957 5435 hoc

301 5479 416 5539 tenore
432 5477 527 5539 uobis
540 5477 688 5541 constitit
702 5477 884 5550 evidenter,
900 5477 1098 5540 auctoritate
1150 5479 1382 5542 testamentum
1397 5480 1430 5539 et
1444 5478 1571 5538 cartam
1586 5473 1776 5536 donationis
1795 5487 1856 5534 seu
1869 5487 1958 5533 cau-

301 5575 492 5652 hpostolica
507 5576 740 5637 confirmamus
753 5576 786 5637 31
796 5575 971 5653 praesentis
982 5575 1098 5654 scripti
1150 5579 1219 5640 tum
1238 5577 1422 5654 irrumpere
1445 5575 1498 5637 vel
1519 5572 1664 5644 auferre,
1682 5588 1742 5633 seu
1763 5569 1959 5647 intringere

302 5673 424 5754 pagina
453 5673 705 5735 communimus.
730 5672 778 5735 hd
799 5676 958 5751 majorem
986 5674 1098 5737 autem
1150 5675 1338 5747 tentaverit,
1356 5673 1520 5752 imprimis
1543 5672 1627 5734 iram
1644 5671 1703 5733 Dei
1718 5669 1870 5731 incurrat
1883 5667 1920 5730 et
1935 5683 1958 5730 a

409 3467 462 3526 Ad
476 3469 674 3542 episcopum
687 3467 987 3546 portugalensem.
