4200 6404
37 295 112 355 329
341 295 458 356 xx1x.
473 325 514 342 -
528 297 573 357 IN
596 299 724 358 Fusio
748 299 1004 362 SANG'l'ORUM
1025 303 1202 364 JOANNIS
1225 305 1275 364 ET
1297 305 1435 368 PAULI.
1649 313 1710 372 330

36 452 190 529 pacitas
213 453 275 526 est,
296 452 428 530 parando
446 455 587 532 gloriam
609 456 668 518 Dei
686 457 744 536 qui
763 456 860 520 debet
913 457 967 520 lis.
1002 457 1096 523 Unde
1131 460 1213 523 dicit
1244 464 1441 540 Apostolus:
1475 467 1709 542 Unusquisque

37 551 241 612 laudariin
256 551 558 629 operibusnostris,
576 553 856 632 sibiappropriat.
913 571 1000 619 onus
1023 573 1128 620 suum
1148 561 1301 633 portant
1327 559 1448 640 (Galat.
1474 579 1517 636 u,
1543 561 1588 644 5).
1619 567 1708 626 Onus

47 651 104 710 De
129 648 264 710 duobus
283 649 400 725 primis
421 649 501 711 dicit
522 653 682 712 Dominus
697 653 732 713 in
752 655 859 714 Evan-
913 670 1020 727 suum,
1042 655 1138 729 idest,
1155 671 1236 734 opus
1252 675 1347 718 suum
1363 659 1484 721 bonum
1500 661 1570 722 sive
1585 663 1708 723 malum

40 746 144 821 gelio
174 767 182 805 ε
219 761 238 805 ιι
265 747 357 808 Sicut
382 747 558 824 sepulchra
585 749 666 810 ioris
697 751 859 826 apparent
912 751 958 812 ita
982 751 1016 813 in
1036 752 1168 828 publico
1192 754 1336 832 portabit
1362 757 1447 834 quod
1471 759 1706 821 manifestabit.

43 861 65 904 ιι
92 845 226 906 munda
238 847 272 906 et
285 845 437 918 candida,
459 847 492 908 et
514 847 603 910 intus
625 848 759 926 impleta
781 851 858 911 sunt
913 850 1006 912 Unde
1020 851 1706 934 ieremias:Convolutaesuntiniquitates

42 960 65 1003 ιι
91 941 232 1004 ossibus
251 945 455 1006 mortuorum
476 945 510 1006 et
524 945 613 1006 omni
626 945 797 1022 spurcitia,
811 947 857 1008 ita
912 947 945 1006 et
959 949 1171 1024 comportatae
1189 949 1225 1009 in
1246 949 1330 1011 eollo
1348 967 1421 1012 meo
1440 949 1576 1031 (Tbren.
1592 969 1616 1027 1,
1643 955 1706 1032 14).

42 1057 66 1100 (ι
90 1040 128 1102 et
145 1057 208 1102 vos
223 1040 456 1103 demonstratis
475 1057 534 1104 vos
549 1041 738 1104 hominibus
758 1061 859 1105 mun·
912 1043 995 1116 Quid
1006 1043 1041 1104 in
1057 1045 1141 1108 collo
1156 1047 1317 1124 portatur,
1335 1048 1487 1110 omnibus
1509 1047 1707 1112 manifesta-

43 1155 64 1196 ‹
88 1138 157 1199 dos
174 1139 206 1199 et
220 1137 379 1199 candidos
394 1140 428 1200 et
441 1141 585 1211 sanctos,
601 1141 690 1202 intus
705 1137 856 1202 occulta-
911 1143 976 1202 tur.
992 1141 1032 1203 ut
1044 1143 1124 1204 alibi
1139 1163 1146 1204 ε
1162 1145 1285 1206 Omnes
1299 1161 1362 1207 laos
1376 1149 1598 1221 martinsart·
1610 1164 1708 1222 opor·

42 1253 64 1294 e
87 1236 138 1296 tis
163 1235 325 1297 malitiam
348 1235 382 1297 et
405 1251 536 1298 omnem
557 1236 776 1315 iniquitatem.
799 1241 856 1300 Vae
912 1238 959 1300 let
968 1241 1049 1302 ante
1058 1241 1209 1304 tribunat
1221 1245 1350 1304 Clartsti
1361 1242 1472 1321 (lCor.
1481 1262 1513 1318 v,
1523 1241 1585 1324 10).
1599 1245 1707 1308 Ethoe

44 1349 64 1392 c
87 1332 204 1405 nobie,
221 1333 338 1394 scribae
357 1335 391 1396 et
411 1333 569 1411 pharisaei
589 1334 782 1414 hypocritae,
800 1337 856 1413 qui
911 1335 974 1399 ruit
983 1337 1218 1413 significatum,
1232 1339 1363 1416 quando
1375 1341 1463 1402 Deus
1473 1342 1557 1404 dixit
1567 1343 1602 1403 in
1612 1343 1706 1420 lege:

43 1447 64 1488 ιι
89 1431 227 1492 similes
253 1430 333 1492 estis
365 1431 551 1508 sepulchris
577 1432 754 1507 dealbatis,
778 1433 855 1511 quia
910 1435 989 1496 Non
1009 1437 1192 1510 apparebis
1216 1441 1253 1497 in
1272 1439 1452 1512 conspectu
1475 1454 1552 1500 meo
1578 1457 1707 1502 cacanus

44 1545 65 1586 ιι
90 1525 180 1588 ioris
194 1529 355 1606 apparent
375 1528 566 1590 bominibus
582 1531 743 1608 speciosa,
766 1530 855 1592 intus
912 1529 1030 1608 (Exod.
1052 1547 1151 1604 xmn,
1178 1531 1239 1611 15).
1257 1535 1377 1594 Omnes
1401 1550 1462 1594 nos
1485 1535 1609 1596 erimus
1629 1541 1706 1599 ante

45 1641 66 1682 ιι
92 1626 211 1685 autem
233 1626 330 1702 plena
354 1626 431 1687 sunt
452 1626 582 1688 ossibus
604 1629 808 1690 mortuorum
823 1629 857 1690 et
911 1630 1122 1706 conspectum
1140 1630 1210 1703 liei,
1226 1631 1283 1692 sed
1295 1631 1534 1708 providendum
1550 1634 1644 1695 nobis
1658 1637 1708 1696 est

46 1739 67 1780 ιι
92 1723 191 1783 omni
205 1722 376 1799 spurcitia.
393 1724 465 1786 »nt
479 1723 600 1785 iterum
615 1741 622 1780 :
640 1727 727 1786 ‹Vae
744 1724 850 1798 vobis,
909 1726 944 1787 in
968 1725 1022 1787 die
1045 1727 1175 1804 judicii,
1197 1743 1240 1789 ne
1256 1744 1474 1806 appareamus
1489 1733 1587 1793 vacui
1611 1731 1707 1793 bonis

47 1837 68 1878 ιι
92 1819 218 1880 scribae
236 1821 269 1882 et
281 1820 450 1896 pharisaei,
467 1821 662 1898 hypocritae,
682 1822 738 1899 qui
759 1839 857 1883 mun·

49 1933 69 1976 c
93 1918 186 1978 datis
201 1917 288 1995 quod
310 1916 435 1978 deforis
452 1918 505 1981 est
525 1919 640 1980 calicis
654 1921 688 1980 et
704 1921 856 1998 paropsi-

48 2031 70 2072 ‹
91 2013 161 2084 die,
177 2014 267 2076 intus
283 2015 393 2077 autem
408 2015 498 2092 pleni
510 2017 590 2077 estis
606 2017 724 2095 rapina
737 2017 770 2080 et
788 2018 857 2078 ini-

49 2130 71 2171 «
97 2112 236 2189 quitate.
260 2111 425 2192 »(Mattb.
449 2129 546 2186 xxm,
567 2113 634 2194 27.)
650 2115 690 2176 nt
712 2115 852 2176 iterum:

50 2227 71 2268 ιι
94 2213 163 2271 Vos
186 2210 267 2272 estis
280 2211 344 2290 'qui
359 2211 550 2287 justificatis
572 2227 632 2273 vos
656 2228 768 2274 coram
788 2211 854 2274 ho-

50 2324 71 2365 ‹
96 2307 255 2379 minibus,
267 2309 354 2368 Deus
367 2311 478 2370 autem
492 2309 583 2370 novit
595 2309 854 2373 cordavestra.»

95 2408 144 2466 De
168 2403 278 2476 tertio,
299 2405 334 2464 in
361 2405 445 2467 libro
466 2405 585 2468 Jobze
612 2409 692 2480 Quae
709 2407 759 2468 est
778 2423 854 2484 spes

53 2502 251 2579 hypocritae,
268 2503 297 2562 si
313 2517 413 2564 avare
428 2503 537 2580 rapiat
550 2505 563 2563 t
577 2520 596 2563 n
611 2519 650 2564 ac
665 2504 694 2564 si
709 2503 859 2566 diceret:·

53 2599 162 2660 nulla.
174 2603 284 2660 Arare
296 2601 406 2661 autem
417 2599 505 2676 rapit
517 2601 657 2676 gloriam
668 2601 851 2674 bominum,

911 1822 1076 1898 operibus.

951 1919 1097 1981 Crimina
1124 1921 1334 1998 peccatorum
1355 1925 1431 1986 sunt
1459 1925 1599 1997 occulta,
1616 1925 1704 2002 quia,

912 2017 1062 2093 quamvis
1089 2018 1239 2095 quaedam
1267 2023 1402 2096 peccata
1426 2023 1493 2083 sint
1518 2021 1705 2094 manifesta,

910 2128 976 2174 non
996 2113 1109 2174 tamen
1124 2116 1369 2190 cognoscuntur
1382 2117 1430 2179 ita
1444 2134 1517 2179 esse
1532 2117 1707 2179 horribilia

911 2211 946 2272 ut
976 2212 1064 2272 sunt.
1094 2211 1179 2273 Nam
1204 2215 1431 2291 unusquisque
1459 2217 1614 2292 peccator
1640 2233 1707 2277 non

910 2307 992 2370 adeo
1017 2309 1200 2386 culpandus
1224 2311 1284 2382 est,
1311 2327 1370 2388 pro
1395 2311 1543 2374 ioeditate
1567 2313 1704 2390 peccati,

910 2407 1068 2482 quantum
1083 2423 1142 2484 pro
1156 2407 1340 2470 offensione
1353 2409 1423 2481 Dei,
1436 2411 1524 2487 quia,
1538 2410 1705 2484 videlicet,

910 2502 1047 2565 offendit
1061 2504 1164 2564 Deum
1178 2505 1309 2566 Patrem
1323 2506 1520 2582 piissimum,
1537 2508 1570 2569 et
1583 2507 1706 2583 iugata

909 2615 945 2660 se
962 2599 1121 2675 Spiritum
1133 2601 1301 2672 Sanctum,
1314 2602 1347 2662 et
1359 2600 1433 2663 ideo
1448 2617 1514 2662 non
1529 2618 1705 2680 possumus

54 2713 132 2773 quae
160 2698 228 2756 Deo
255 2695 404 2769 debetur,
434 2698 473 2757 de
505 2713 570 2775 qua
603 2697 762 2759 Dominus
795 2714 855 2776 per
908 2695 1005 2773 plene
1033 2711 1213 2772 agnoscere
1242 2701 1425 2773 peccatum,
1453 2697 1531 2776 quia
1560 2700 1705 2761 nondum

55 2794 178 2854 isaiam
198 2814 206 2852 ε
233 2795 387 2854 Gloriam
405 2809 520 2855 mom
542 2796 645 2856 atteri
667 2809 736 2856 non
757 2799 852 2858 dabo.
908 2793 1050 2855 vidimus
1065 2796 1180 2854 Deum.
1196 2795 1281 2854 Nam
1298 2794 1383 2857 sicut
1406 2795 1486 2858 dicit
1501 2797 1703 2872 Gregorius:

56 2892 143 2964 Quia
163 2889 302 2967 quilibet
315 2891 576 2954 debelrevelare
590 2893 725 2968 peccata
741 2909 803 2954 sua
817 2894 853 2954 in
908 2907 927 2950 ι
948 2891 1012 2963 Qui
1035 2889 1142 2952 lucem
1164 2891 1265 2962 videt,
1297 2893 1359 2953 scit
1380 2892 1459 2968 quid
1490 2893 1530 2954 de
1556 2892 1703 2955 tenebris

54 2989 180 3050 mundo
195 2989 258 3050 isto
274 2989 449 3061 sacerdoti,
467 2989 499 3051 et
512 2990 541 3050 si
557 3005 623 3050 non
636 2989 799 3052 revelabit
818 2991 853 3053 in
909 2988 1059 3049 aestimet.
1078 3005 1096 3048 a
1111 2989 1150 3050 ut
1165 3005 1311 3050 nuscum
1326 2987 1508 3051 viderimus
1522 3005 1637 3052 reram
1652 2991 1706 3052 lu-

56 3088 134 3157 isto,
156 3083 317 3147 revelabit
335 3085 509 3162 injudicio
524 3086 671 3148 extremo
689 3086 851 3149 omnibus.
907 3100 990 3158 cem,
1016 3101 1254 3162 cognoscemus
1280 3087 1381 3148 etiam
1405 3087 1615 3164 peccatorum
1641 3088 1705 3149 iae-

57 3186 169 3258 Longe
195 3183 308 3244 tamen
337 3183 584 3245 erubescentius
616 3184 680 3246 erit
706 3185 853 3248 revelari
908 3199 991 3246 cem.
1020 3182 1115 3245 Unde
1151 3184 1184 3245 et
1211 3184 1370 3244 Dominus
1396 3183 1484 3246 dicet
1512 3185 1548 3246 in
1576 3185 1704 3262 jndicio

56 3279 547 3358 peccatacunctisbominibus,
562 3281 741 3358 injudicio,
755 3298 852 3360 quam
908 3280 1087 3357 unicuique
1110 3279 1251 3358 reprobo
1269 3301 1276 3342 ε
1297 3285 1382 3343 Haec
1402 3283 1515 3356 sectati
1540 3283 1574 3343 et
1598 3283 1701 3344 tacui.

56 3375 113 3436 hic
132 3375 305 3437 sacerdoti.
331 3375 368 3436 Si
388 3375 487 3436 homo
509 3375 598 3436 enim
619 3391 685 3438 non
706 3377 779 3438 vult
798 3377 853 3438 bic
907 3379 1141 3450 Entsttmastt,
1165 3381 1291 3452 intorte,
1315 3381 1402 3452 quod
1426 3393 1487 3440 ero
1508 3380 1559 3440 int
1581 3383 1705 3441 noritis

57 3472 222 3548 detegere,
239 3475 376 3549 peccata
400 3488 464 3549 per
474 3473 701 3550 poenitentiam
721 3475 754 3536 et
767 3489 853 3535 con·
909 3474 978 3552 (Ps.
994 3477 1044 3546 49,
1060 3474 1126 3554 21).
1141 3475 1300 3535 Dominus
1315 3474 1403 3537 dicet
1418 3475 1582 3551 peccatori
1599 3475 1634 3535 in
1648 3479 1706 3552 ju-

57 3569 248 3638 sessionem,
265 3572 351 3632 Deus
373 3569 503 3646 deteget
524 3585 562 3632 ea
580 3570 614 3631 in
633 3569 762 3648 judicio
787 3587 853 3632 non
908 3571 994 3634 dicio
1011 3589 1018 3627 :
1034 3573 1071 3634 tu
1086 3572 1193 3633 iecisti
1213 3572 1285 3633 haec
1299 3571 1452 3645 crimina,
1469 3571 1502 3633 et
1520 3587 1581 3646 ego
1602 3574 1703 3640 tacui,

58 3669 164 3728 solum
186 3682 298 3728 coram
318 3667 469 3728 omnibus
485 3667 676 3729 hominibus
694 3669 750 3746 qui
765 3685 853 3730 nunc
908 3669 1067 3745 quianon
1083 3669 1158 3729 dedi
1171 3669 1368 3730 sententiam
1379 3667 1602 3730 damnationis
1614 3669 1649 3729 in
1660 3671 1702 3742 te,

53 3767 144 3838 sunt,
161 3765 332 3826 sedetiam
350 3781 462 3826 coram
482 3765 704 3843 omnibusqui
720 3766 854 3828 suerunt
909 3765 965 3826 sed
993 3781 1081 3826 nunc
1107 3780 1245 3841 arguam
1271 3767 1314 3838 te,
1334 3765 1366 3827 et
1382 3767 1525 3828 statuam
1547 3767 1705 3829 universa

58 3863 100 3924 ab
122 3863 217 3924 initio
242 3863 406 3925 mundiet
427 3863 648 3940 eruptusque
675 3862 852 3924 adfinem.
908 3862 1024 3923 contra
1057 3860 1175 3922 taciem
1210 3861 1317 3933 tuam,
1344 3863 1380 3924 ut
1414 3877 1545 3938 semper
1580 3863 1705 3925 babeas

57 3963 142 4022 Nam
157 3961 293 4037 peccata
307 3960 523 4038 reproborum
538 3959 690 4021 omnibus
700 3959 746 4020 ibi
756 3961 854 4021 erunt
908 3961 1117 4036 peccatorum
1147 3960 1357 4030 memoriam,
1381 3959 1459 4036 quia
1482 3959 1618 4023 noluisti
1644 3977 1704 4022 re-

58 4059 292 4136 nataliaque,
315 4057 446 4130 iratres,
471 4057 554 4136 quod
575 4059 689 4119 vetera
709 4057 854 4118 transie-
907 4056 993 4117 verti
1021 4056 1063 4117 ad
1084 4071 1136 4116 me
1158 4071 1218 4132 per
1244 4056 1485 4133 poenitentiam.
1512 4058 1552 4119 Et
1575 4072 1706 4135 semper

57 4156 146 4227 runt,
160 4157 193 4216 et
214 4169 290 4216 ecce
305 4153 392 4217 lacta
415 4155 490 4217 sunt
505 4154 617 4216 omnia
639 4170 736 4228 nova,
757 4154 852 4216 novis
908 4153 1085 4228 redarguet
1098 4153 1134 4214 te
1146 4152 1280 4230 propria
1298 4153 1514 4225 conscientia,
1531 4155 1609 4231 quia
1622 4171 1704 4231 pec-

58 4252 369 4330 supervenientibus
391 4255 505 4314 vetera
525 4251 732 4330 abjiciamus.
759 4251 852 4313 Nihil
907 4251 991 4313 casti
1004 4251 1038 4311 in
1049 4266 1121 4312 mea
1133 4251 1322 4327 praesentia.
1335 4251 1374 4311 m
1385 4249 1507 4311 senties
1519 4266 1570 4310 me
1583 4250 1702 4312 durum

58 4351 207 4428 opertum
231 4350 316 4427 quod
343 4365 412 4412 non
430 4351 607 4422 reveletur,
631 4349 665 4411 et
688 4349 852 4411 secretum
903 4347 1062 4425 jndicem,
1088 4362 1184 4423 quem
1209 4346 1347 4408 noluisti
1374 4345 1497 4407 habere
1516 4346 1703 4424 piissimum

58 4448 143 4528 quod
156 4464 222 4508 non
236 4447 372 4509 sciatur.
907 4448 1045 4522 patrem.
1076 4445 1155 4504 llaec
1175 4444 1286 4504 autem
1305 4443 1429 4504 idcirco
1453 4443 1608 4506 evenient
1630 4443 1702 4517 tibi,

99 4545 245 4619 Quatuor
272 4545 350 4607 sunt
375 4543 503 4622 species
530 4543 750 4616 occultorum,
779 4558 852 4622 quae
907 4541 984 4619 quia
1005 4539 1215 4612 existimasti,
1238 4539 1323 4617 quod
1348 4554 1405 4600 ero
1431 4539 1480 4601 tui
1501 4541 1631 4602 similis.
1655 4545 1704 4603 Tu

58 4642 292 4706 revelabuntur
316 4643 351 4702 in
375 4641 515 4720 judicio,
542 4641 708 4710 videlicet,
733 4641 851 4703 merita
907 4637 1030 4716 putasti
1046 4637 1131 4715 quod
1153 4653 1215 4714 ego
1235 4653 1301 4699 non
1318 4637 1470 4714 punirem
1495 4637 1704 4716 iniquitatem

58 4741 229 4811 bonorum,
246 4739 386 4800 crimina
401 4739 623 4816 peccatorum,
639 4737 762 4814 gaudia
777 4737 854 4800 bea·
906 4737 1008 4807 tuam,
1033 4751 1131 4812 quam
1151 4736 1180 4796 si
1204 4751 1270 4797 non
1289 4736 1453 4812 punirem,
1474 4751 1549 4796 cum
1567 4737 1702 4813 possim,

57 4840 177 4910 torum,
206 4837 239 4898 et
266 4836 430 4914 supplicia
458 4833 700 4898 damnatorum.
732 4835 851 4897 Merita
906 4833 1074 4911 iniquitati
1097 4833 1162 4895 tuae
1178 4834 1418 4906 consentirem,
1444 4836 1478 4895 et
1499 4833 1574 4895 ideo
1595 4851 1704 4896 essem

58 4935 217 4996 bonorum
240 4935 318 4997 suut
336 4933 477 5005 occulta,
495 4933 574 5011 qula
589 4933 739 5011 quamvis
755 4933 852 4994 modo
907 4931 1026 4992 similis
1039 4931 1099 5002 tui,
1116 4929 1211 5002 idest,
1227 4931 1360 5007 iniquus
1377 4931 1463 4991 sicut
1481 4931 1528 5002 tu,
1546 4932 1623 5008 quia
1643 4947 1705 5008 par

60 5033 299 5108 cognoscentur
324 5046 344 5093 a
369 5031 583 5109 quibusdam,
612 5046 708 5093 nemo
740 5033 852 5092 tamen
907 5031 958 5090 est
971 5028 1068 5104 culpa
1083 5027 1236 5088 facientis
1252 5029 1285 5088 et
1307 5027 1555 5088 consentientis.
1575 5027 1703 5090 Existi-

61 5132 163 5208 potest
176 5145 376 5204 cognoscere
391 5127 432 5189 ad
446 5127 580 5204 plenum
593 5127 772 5190 electorum
784 5131 853 5206 jus·
907 5125 1005 5188 masti
1024 5140 1104 5202 ergo
1120 5139 1173 5184 me
1190 5123 1251 5184 tibi
1270 5123 1423 5196 similem,
1442 5125 1573 5202 quando
1593 5125 1704 5185 credi-

61 5228 175 5297 titiam,
192 5227 258 5288 nisi
280 5226 370 5288 solus
395 5229 483 5287 Deus
498 5225 555 5302 qui
571 5225 659 5286 dedit
683 5225 751 5286 illis
774 5240 853 5302 gra-
907 5223 985 5286 disti
998 5239 1049 5284 me
1065 5237 1132 5284 non
1144 5221 1263 5298 punire
1275 5221 1496 5298 iniquitatem.

60 5327 156 5398 tiam3
180 5324 236 5386 sed
258 5323 293 5386 in
319 5323 447 5402 judicio
471 5323 530 5384 Dei
559 5321 735 5384 manifesta
756 5325 853 5383 erunt
948 5321 1053 5397 Igitur
1064 5319 1150 5381 bona
1166 5320 1198 5380 et
1213 5317 1300 5379 mala
1315 5320 1413 5381 erunt
1425 5317 1612 5390 manifesta,
1627 5319 1705 5396 quia

61 5421 268 5484 omniabona
287 5437 390 5498 opera
411 5436 485 5497 quae
511 5418 793 5492 leceruntsancti,
817 5422 853 5482 ut
907 5419 997 5480 clara
1029 5419 1093 5479 erit
1124 5417 1270 5478 inimicis
1301 5418 1460 5494 cujusque
1487 5417 1703 5490 conscientia,

61 5521 114 5598 qui
141 5518 236 5580 modo
263 5519 380 5580 nolunt
407 5515 548 5594 gloriam
579 5516 620 5577 ab
651 5515 851 5589 bominibus,
908 5513 1706 5594 quidpeccativelbonifaceritaprimanativi-

61 5622 136 5680 tuno
150 5615 378 5694 glorificentur
392 5632 412 5677 a
426 5619 494 5678 Deo
507 5615 633 5693 pariter
645 5616 677 5676 et
689 5614 731 5676 ab
750 5615 854 5691 ang'e-
907 5615 985 5677 tatis
1005 5614 1099 5685 hora,
1121 5611 1286 5690 usquead
1312 5611 1527 5674 novissimam
1544 5611 1579 5673 in
1600 5607 1705 5675 morte
