<?xml version="1.0" encoding="UTF-8"?>
<!DOCTYPE html PUBLIC "-//W3C//DTD XHTML 1.0 Transitional//EN"
    "http://www.w3.org/TR/xhtml1/DTD/xhtml1-transitional.dtd">
<html xmlns="http://www.w3.org/1999/xhtml" xml:lang="en" lang="en">
 <head>
  <title>
</title>
<meta http-equiv="Content-Type" content="text/html;charset=utf-8" />
  <meta name='ocr-system' content='tesseract 3.04.00' />
  <meta name='ocr-capabilities' content='ocr_page ocr_carea ocr_par ocr_line ocrx_word'/>
</head>
<body>
  <div class='ocr_page' id='page_1' title='image "./mediiaevibiblio02unkngoog_0129.png"; bbox 0 0 4200 6404; ppageno 0'>
   <div class='ocr_carea' id='block_1_1' title="bbox 318 189 1993 264">
    <p class='ocr_par' dir='ltr' id='par_1_1' title="bbox 318 189 1993 264">
     <span class='ocr_line' id='line_1_1' title="bbox 318 189 1993 264; baseline -0.007 -2"><span class='ocrx_word' id='word_1_1' title='bbox 318 189 386 264; x_wconf 64' lang='lat'><strong>1219</strong></span> <span class='ocrx_word' id='word_1_2' title='bbox 795 191 971 256; x_wconf 78' lang='lat' dir='ltr'><strong>lloltoalt</strong></span> <span class='ocrx_word' id='word_1_3' title='bbox 993 193 1038 262; x_wconf 84' lang='lat'><strong>111</strong></span> <span class='ocrx_word' id='word_1_4' title='bbox 1059 191 1208 256; x_wconf 78' lang='lat' dir='ltr'><strong>OPERA.</strong></span> <span class='ocrx_word' id='word_1_5' title='bbox 1223 193 1511 256; x_wconf 70' lang='lat' dir='ltr'><strong>-SERMONlas</strong></span> <span class='ocrx_word' id='word_1_6' title='bbox 1918 201 1993 262; x_wconf 78' lang='lat'><strong>220</strong></span> 
     </span>
    </p>
   </div>
   <div class='ocr_carea' id='block_1_2' title="bbox 307 331 1989 639">
    <p class='ocr_par' dir='ltr' id='par_1_2' title="bbox 307 331 1989 639">
     <span class='ocr_line' id='line_1_2' title="bbox 307 331 1988 436; baseline -0.002 -9"><span class='ocrx_word' id='word_1_7' title='bbox 307 341 309 344; x_wconf 47' lang='grc'><strong>’</strong></span> <span class='ocrx_word' id='word_1_8' title='bbox 324 331 518 434; x_wconf 60' lang='lat' dir='ltr'><strong>Abraham</strong></span> <span class='ocrx_word' id='word_1_9' title='bbox 531 359 653 436; x_wconf 82' lang='lat' dir='ltr'><strong>potens</strong></span> <span class='ocrx_word' id='word_1_10' title='bbox 667 356 719 421; x_wconf 83' lang='lat' dir='ltr'><strong>cst</strong></span> <span class='ocrx_word' id='word_1_11' title='bbox 733 357 826 419; x_wconf 83' lang='lat' dir='ltr'><strong>cutm</strong></span> <span class='ocrx_word' id='word_1_12' title='bbox 840 359 933 417; x_wconf 80' lang='lat' dir='ltr'><strong>Decus</strong></span> <span class='ocrx_word' id='word_1_13' title='bbox 946 357 987 418; x_wconf 83' lang='lat' dir='ltr'><strong>de</strong></span> <span class='ocrx_word' id='word_1_14' title='bbox 1001 355 1125 430; x_wconf 72' lang='lat' dir='ltr'><strong>aspedi-</strong></span> <span class='ocrx_word' id='word_1_15' title='bbox 1176 353 1314 428; x_wconf 79' lang='lat' dir='ltr'><strong>resistit,</strong></span> <span class='ocrx_word' id='word_1_16' title='bbox 1330 353 1512 416; x_wconf 83' lang='lat' dir='ltr'><strong>humilibus</strong></span> <span class='ocrx_word' id='word_1_17' title='bbox 1528 355 1639 417; x_wconf 89' lang='lat' dir='ltr'><strong>eutem</strong></span> <span class='ocrx_word' id='word_1_18' title='bbox 1650 353 1707 419; x_wconf 89' lang='lat' dir='ltr'><strong>dat</strong></span> <span class='ocrx_word' id='word_1_19' title='bbox 1720 355 1876 432; x_wconf 78' lang='lat' dir='ltr'><strong>gratiam.</strong></span> <span class='ocrx_word' id='word_1_20' title='bbox 1894 356 1988 424; x_wconf 87' lang='lat' dir='ltr'><strong>Nam</strong></span> 
     </span>
     <span class='ocr_line' id='line_1_3' title="bbox 326 451 1989 532; baseline -0.002 -8"><span class='ocrx_word' id='word_1_21' title='bbox 326 466 387 524; x_wconf 82' lang='lat' dir='ltr'><strong>bus</strong></span> <span class='ocrx_word' id='word_1_22' title='bbox 401 455 670 522; x_wconf 77' lang='lat' dir='ltr'><strong>tetts&#39;eusctture</strong></span> <span class='ocrx_word' id='word_1_23' title='bbox 695 457 782 530; x_wconf 77' lang='lat' dir='ltr'><strong>tilios</strong></span> <span class='ocrx_word' id='word_1_24' title='bbox 795 457 942 516; x_wconf 79' lang='lat' dir='ltr'><strong>Abrahae</strong></span> <span class='ocrx_word' id='word_1_25' title='bbox 956 451 1049 532; x_wconf 84' lang='lat' dir='ltr'><strong>(Luc.</strong></span> <span class='ocrx_word' id='word_1_26' title='bbox 1071 469 1120 526; x_wconf 89' lang='lat'><strong>111,</strong></span> <span class='ocrx_word' id='word_1_27' title='bbox 1178 451 1284 514; x_wconf 93' lang='lat' dir='ltr'><strong>omnis</strong></span> <span class='ocrx_word' id='word_1_28' title='bbox 1304 452 1403 514; x_wconf 86' lang='lat' dir='ltr'><strong>vallis</strong></span> <span class='ocrx_word' id='word_1_29' title='bbox 1424 451 1627 531; x_wconf 80' lang='lat' dir='ltr'><strong>implebitur,</strong></span> <span class='ocrx_word' id='word_1_30' title='bbox 1650 455 1684 517; x_wconf 91' lang='lat' dir='ltr'><strong>et</strong></span> <span class='ocrx_word' id='word_1_31' title='bbox 1702 456 1810 516; x_wconf 91' lang='lat' dir='ltr'><strong>omnis</strong></span> <span class='ocrx_word' id='word_1_32' title='bbox 1836 472 1935 519; x_wconf 86' lang='lat' dir='ltr'><strong>mons</strong></span> <span class='ocrx_word' id='word_1_33' title='bbox 1952 461 1989 522; x_wconf 91' lang='lat' dir='ltr'><strong>et</strong></span> 
     </span>
     <span class='ocr_line' id='line_1_4' title="bbox 325 549 1988 639; baseline -0.002 -18"><span class='ocrx_word' id='word_1_34' title='bbox 325 558 371 639; x_wconf 91' lang='lat'><strong>8).</strong></span> <span class='ocrx_word' id='word_1_35' title='bbox 399 558 459 620; x_wconf 92' lang='lat' dir='ltr'><strong>Ille</strong></span> <span class='ocrx_word' id='word_1_36' title='bbox 473 556 531 635; x_wconf 85' lang='lat' dir='ltr'><strong>qui</strong></span> <span class='ocrx_word' id='word_1_37' title='bbox 555 553 728 616; x_wconf 81' lang='lat' dir='ltr'><strong>suscitavit</strong></span> <span class='ocrx_word' id='word_1_38' title='bbox 753 555 914 614; x_wconf 81' lang='lat' dir='ltr'><strong>Lazarum</strong></span> <span class='ocrx_word' id='word_1_39' title='bbox 933 551 973 614; x_wconf 90' lang='lat' dir='ltr'><strong>de</strong></span> <span class='ocrx_word' id='word_1_40' title='bbox 999 567 1121 612; x_wconf 93' lang='lat' dir='ltr'><strong>monu-</strong></span> <span class='ocrx_word' id='word_1_41' title='bbox 1177 549 1271 611; x_wconf 90' lang='lat' dir='ltr'><strong>collis</strong></span> <span class='ocrx_word' id='word_1_42' title='bbox 1284 550 1524 612; x_wconf 89' lang='lat' dir='ltr'><strong>humiliabitur.</strong></span> <span class='ocrx_word' id='word_1_43' title='bbox 1535 551 1582 614; x_wconf 78' lang='lat' dir='ltr'><strong>ne</strong></span> <span class='ocrx_word' id='word_1_44' title='bbox 1600 550 1687 620; x_wconf 90' lang='lat' dir='ltr'><strong>ideo,</strong></span> <span class='ocrx_word' id='word_1_45' title='bbox 1715 553 1772 630; x_wconf 85' lang='lat' dir='ltr'><strong>qui</strong></span> <span class='ocrx_word' id='word_1_46' title='bbox 1796 569 1833 615; x_wconf 86' lang='lat' dir='ltr'><strong>se</strong></span> <span class='ocrx_word' id='word_1_47' title='bbox 1852 556 1988 619; x_wconf 82' lang='lat' dir='ltr'><strong>exaltat</strong></span> 
     </span>
    </p>
   </div>
   <div class='ocr_carea' id='block_1_3' title="bbox 325 647 2068 826">
    <p class='ocr_par' dir='ltr' id='par_1_3' title="bbox 325 647 2068 826">
     <span class='ocr_line' id='line_1_5' title="bbox 325 647 2068 738; baseline -0.002 -20"><span class='ocrx_word' id='word_1_48' title='bbox 325 660 447 729; x_wconf 92' lang='lat' dir='ltr'><strong>mento,</strong></span> <span class='ocrx_word' id='word_1_49' title='bbox 473 655 513 715; x_wconf 90' lang='lat' dir='ltr'><strong>de</strong></span> <span class='ocrx_word' id='word_1_50' title='bbox 533 652 638 715; x_wconf 89' lang='lat' dir='ltr'><strong>morte</strong></span> <span class='ocrx_word' id='word_1_51' title='bbox 665 651 706 713; x_wconf 89' lang='lat' dir='ltr'><strong>ad</strong></span> <span class='ocrx_word' id='word_1_52' title='bbox 727 651 840 723; x_wconf 87' lang='lat' dir='ltr'><strong>vitam,</strong></span> <span class='ocrx_word' id='word_1_53' title='bbox 857 650 928 728; x_wconf 89' lang='lat' dir='ltr'><strong>ipse</strong></span> <span class='ocrx_word' id='word_1_54' title='bbox 946 665 1006 728; x_wconf 91' lang='lat' dir='ltr'><strong>per</strong></span> <span class='ocrx_word' id='word_1_55' title='bbox 1027 665 1122 718; x_wconf 87' lang='lat' dir='ltr'><strong>suam</strong></span> <span class='ocrx_word' id='word_1_56' title='bbox 1177 647 1416 721; x_wconf 88' lang='lat' dir='ltr'><strong>humiliabitur,</strong></span> <span class='ocrx_word' id='word_1_57' title='bbox 1430 649 1462 710; x_wconf 94' lang='lat' dir='ltr'><strong>et</strong></span> <span class='ocrx_word' id='word_1_58' title='bbox 1475 649 1531 726; x_wconf 91' lang='lat' dir='ltr'><strong>qui</strong></span> <span class='ocrx_word' id='word_1_59' title='bbox 1545 663 1581 736; x_wconf 83' lang='lat' dir='ltr'><strong>sc</strong></span> <span class='ocrx_word' id='word_1_60' title='bbox 1593 649 1748 738; x_wconf 86' lang='lat' dir='ltr'><strong>humiliat</strong></span> <span class='ocrx_word' id='word_1_61' title='bbox 1759 651 1984 715; x_wconf 82' lang='lat' dir='ltr'><strong>exaltabitur.</strong></span> <span class='ocrx_word' id='word_1_62' title='bbox 2067 663 2068 668; x_wconf 75' lang='grc'>’</span> 
     </span>
     <span class='ocr_line' id='line_1_6' title="bbox 325 745 2068 826; baseline -0.003 -9"><span class='ocrx_word' id='word_1_63' title='bbox 325 752 589 818; x_wconf 87' lang='lat' dir='ltr'><strong>misericordiam</strong></span> <span class='ocrx_word' id='word_1_64' title='bbox 612 749 750 812; x_wconf 88' lang='lat' dir='ltr'><strong>suscitet</strong></span> <span class='ocrx_word' id='word_1_65' title='bbox 771 765 832 811; x_wconf 90' lang='lat' dir='ltr'><strong>nos</strong></span> <span class='ocrx_word' id='word_1_66' title='bbox 848 747 889 810; x_wconf 89' lang='lat' dir='ltr'><strong>de</strong></span> <span class='ocrx_word' id='word_1_67' title='bbox 903 747 1024 810; x_wconf 90' lang='lat' dir='ltr'><strong>mundo</strong></span> <span class='ocrx_word' id='word_1_68' title='bbox 1043 748 1120 819; x_wconf 87' lang='lat' dir='ltr'><strong>istc,</strong></span> <span class='ocrx_word' id='word_1_69' title='bbox 1178 745 1213 807; x_wconf 87' lang='lat' dir='ltr'><strong>Si</strong></span> <span class='ocrx_word' id='word_1_70' title='bbox 1239 760 1319 822; x_wconf 88' lang='lat' dir='ltr'><strong>ergo</strong></span> <span class='ocrx_word' id='word_1_71' title='bbox 1345 746 1539 808; x_wconf 90' lang='lat' dir='ltr'><strong>humiliatus</strong></span> <span class='ocrx_word' id='word_1_72' title='bbox 1563 748 1614 809; x_wconf 90' lang='lat' dir='ltr'><strong>est</strong></span> <span class='ocrx_word' id='word_1_73' title='bbox 1637 749 1724 809; x_wconf 90' lang='lat' dir='ltr'><strong>Deus</strong></span> <span class='ocrx_word' id='word_1_74' title='bbox 1748 765 1808 826; x_wconf 88' lang='lat' dir='ltr'><strong>pro</strong></span> <span class='ocrx_word' id='word_1_75' title='bbox 1829 750 1983 824; x_wconf 88' lang='lat' dir='ltr'><strong>homine,</strong></span> <span class='ocrx_word' id='word_1_76' title='bbox 2067 771 2068 774; x_wconf 44' lang='lat'>¹</span> 
     </span>
    </p>
   </div>
   <div class='ocr_carea' id='block_1_4' title="bbox 324 843 1986 1198">
    <p class='ocr_par' dir='ltr' id='par_1_4' title="bbox 325 843 1983 924">
     <span class='ocr_line' id='line_1_7' title="bbox 325 843 1983 924; baseline -0.002 -11"><span class='ocrx_word' id='word_1_77' title='bbox 325 851 382 914; x_wconf 87' lang='lat' dir='ltr'><strong>ubi</strong></span> <span class='ocrx_word' id='word_1_78' title='bbox 411 851 461 913; x_wconf 88' lang='lat' dir='ltr'><strong>est</strong></span> <span class='ocrx_word' id='word_1_79' title='bbox 485 848 657 912; x_wconf 86' lang='lat' dir='ltr'><strong>tribulatio</strong></span> <span class='ocrx_word' id='word_1_80' title='bbox 684 848 716 910; x_wconf 91' lang='lat' dir='ltr'><strong>et</strong></span> <span class='ocrx_word' id='word_1_81' title='bbox 737 846 903 924; x_wconf 87' lang='lat' dir='ltr'><strong>angustia,</strong></span> <span class='ocrx_word' id='word_1_82' title='bbox 924 845 965 908; x_wconf 87' lang='lat' dir='ltr'><strong>ad</strong></span> <span class='ocrx_word' id='word_1_83' title='bbox 982 845 1121 922; x_wconf 85' lang='lat' dir='ltr'><strong>gloriam</strong></span> <span class='ocrx_word' id='word_1_84' title='bbox 1176 843 1334 905; x_wconf 84' lang='lat' dir='ltr'><strong>Dominus</strong></span> <span class='ocrx_word' id='word_1_85' title='bbox 1362 860 1422 921; x_wconf 91' lang='lat' dir='ltr'><strong>pro</strong></span> <span class='ocrx_word' id='word_1_86' title='bbox 1437 858 1549 917; x_wconf 84' lang='lat' dir='ltr'><strong>servo,</strong></span> <span class='ocrx_word' id='word_1_87' title='bbox 1580 845 1717 907; x_wconf 86' lang='lat' dir='ltr'><strong>Creator</strong></span> <span class='ocrx_word' id='word_1_88' title='bbox 1730 861 1791 923; x_wconf 93' lang='lat' dir='ltr'><strong>pro</strong></span> <span class='ocrx_word' id='word_1_89' title='bbox 1806 849 1983 922; x_wconf 86' lang='lat' dir='ltr'><strong>creatura,</strong></span> 
     </span>
    </p>

    <p class='ocr_par' dir='ltr' id='par_1_5' title="bbox 326 941 1986 1032">
     <span class='ocr_line' id='line_1_8' title="bbox 326 941 1986 1032; baseline -0.004 -18"><span class='ocrx_word' id='word_1_90' title='bbox 326 949 571 1032; x_wconf 78' lang='lat' dir='ltr'><strong>sempiternam.</strong></span> <span class='ocrx_word' id='word_1_91' title='bbox 588 949 661 1024; x_wconf 90' lang='lat' dir='ltr'><strong>Ipse</strong></span> <span class='ocrx_word' id='word_1_92' title='bbox 674 944 775 1007; x_wconf 88' lang='lat' dir='ltr'><strong>iaciat</strong></span> <span class='ocrx_word' id='word_1_93' title='bbox 789 945 845 1022; x_wconf 84' lang='lat' dir='ltr'><strong>qui</strong></span> <span class='ocrx_word' id='word_1_94' title='bbox 862 943 913 1008; x_wconf 92' lang='lat' dir='ltr'><strong>est</strong></span> <span class='ocrx_word' id='word_1_95' title='bbox 929 943 1121 1006; x_wconf 88' lang='lat' dir='ltr'><strong>benedictus</strong></span> <span class='ocrx_word' id='word_1_96' title='bbox 1154 942 1299 1018; x_wconf 72' lang='lat' dir='ltr'><strong>guanto</strong></span> <span class='ocrx_word' id='word_1_97' title='bbox 1327 943 1434 1018; x_wconf 87' lang='lat' dir='ltr'><strong>magis</strong></span> <span class='ocrx_word' id='word_1_98' title='bbox 1461 941 1634 1004; x_wconf 88' lang='lat' dir='ltr'><strong>humiliari</strong></span> <span class='ocrx_word' id='word_1_99' title='bbox 1662 941 1757 1005; x_wconf 92' lang='lat' dir='ltr'><strong>debet</strong></span> <span class='ocrx_word' id='word_1_100' title='bbox 1784 945 1887 1007; x_wconf 92' lang='lat' dir='ltr'><strong>homo</strong></span> <span class='ocrx_word' id='word_1_101' title='bbox 1919 963 1986 1023; x_wconf 89' lang='lat' dir='ltr'><strong>pro</strong></span> 
     </span>
    </p>

    <p class='ocr_par' dir='ltr' id='par_1_6' title="bbox 324 1041 1986 1198">
     <span class='ocr_line' id='line_1_9' title="bbox 324 1041 1986 1120; baseline 0.007 -26"><span class='ocrx_word' id='word_1_102' title='bbox 324 1046 510 1113; x_wconf 51' lang='lat' dir='ltr'><strong>inmun,</strong></span> <span class='ocrx_word' id='word_1_103' title='bbox 1177 1041 1786 1118; x_wconf 83' lang='lat' dir='ltr'><strong>Deo,servusproDomino‚creatura</strong></span> <span class='ocrx_word' id='word_1_104' title='bbox 1802 1058 1863 1120; x_wconf 89' lang='lat' dir='ltr'><strong>pro</strong></span> <span class='ocrx_word' id='word_1_105' title='bbox 1881 1046 1986 1106; x_wconf 84' lang='lat' dir='ltr'><strong>Crea-</strong></span> 
     </span>
     <span class='ocr_line' id='line_1_10' title="bbox 1175 1137 1494 1198; baseline -0.003 0"><span class='ocrx_word' id='word_1_106' title='bbox 1175 1137 1271 1198; x_wconf 87' lang='lat' dir='ltr'><strong>toret</strong></span> <span class='ocrx_word' id='word_1_107' title='bbox 1491 1141 1494 1146; x_wconf 85' lang='lat'>&#39;</span> 
     </span>
    </p>
   </div>
   <div class='ocr_carea' id='block_1_5' title="bbox 678 1234 2068 1424">
    <p class='ocr_par' dir='ltr' id='par_1_7' title="bbox 678 1191 2068 1424">
     <span class='ocr_line' id='line_1_11' title="bbox 678 1234 1983 1350; baseline -0.032 -25"><span class='ocrx_word' id='word_1_108' title='bbox 678 1255 772 1350; x_wconf 70' lang='lat' dir='ltr'><strong>XIX</strong></span> <span class='ocrx_word' id='word_1_109' title='bbox 1216 1235 1281 1296; x_wconf 87' lang='lat' dir='ltr'><strong>Sed</strong></span> <span class='ocrx_word' id='word_1_110' title='bbox 1296 1234 1554 1346; x_wconf 41' lang='lat' dir='ltr'><strong>quid&#39;signidcet</strong></span> <span class='ocrx_word' id='word_1_111' title='bbox 1568 1235 1755 1315; x_wconf 84' lang='lat' dir='ltr'><strong>pharisaeus</strong></span> <span class='ocrx_word' id='word_1_112' title='bbox 1770 1237 1844 1348; x_wconf 68' lang='lat' dir='ltr'><strong>iste3</strong></span> <span class='ocrx_word' id='word_1_113' title='bbox 1860 1238 1983 1302; x_wconf 68' lang='lat' dir='ltr'><strong>videa.</strong></span> 
     </span>
     <span class='ocr_line' id='line_1_12' title="bbox 1176 1333 2068 1424; baseline -0.007 -31"><span class='ocrx_word' id='word_1_114' title='bbox 1176 1347 1259 1393; x_wconf 92' lang='lat' dir='ltr'><strong>mus.</strong></span> <span class='ocrx_word' id='word_1_115' title='bbox 1291 1333 1483 1395; x_wconf 76' lang='lat' dir='ltr'><strong>Pharisaeus</strong></span> <span class='ocrx_word' id='word_1_116' title='bbox 1509 1334 1748 1412; x_wconf 78' lang='lat' dir='ltr'><strong>interpretatur</strong></span> <span class='ocrx_word' id='word_1_117' title='bbox 1774 1335 1916 1408; x_wconf 71' lang='lat' dir='ltr'><strong>drusus,</strong></span> <span class='ocrx_word' id='word_1_118' title='bbox 1943 1339 1980 1400; x_wconf 83' lang='lat' dir='ltr'><strong>et</strong></span> <span class='ocrx_word' id='word_1_119' title='bbox 2067 1389 2068 1424; x_wconf 12' lang='grc' dir='ltr'>ζ</span> 
     </span>
    </p>
   </div>
   <div class='ocr_carea' id='block_1_6' title="bbox 372 1429 2068 1524">
    <p class='ocr_par' dir='ltr' id='par_1_8' title="bbox 372 1429 2068 1524">
     <span class='ocr_line' id='line_1_13' title="bbox 372 1429 2068 1524; baseline -0.005 -22"><span class='ocrx_word' id='word_1_120' title='bbox 372 1459 418 1519; x_wconf 72' lang='grc' dir='ltr'><strong>ΙΝ</strong></span> <span class='ocrx_word' id='word_1_121' title='bbox 441 1453 736 1517; x_wconf 79' lang='lat' dir='ltr'><strong>GONVERSIOND</strong></span> <span class='ocrx_word' id='word_1_122' title='bbox 756 1453 911 1524; x_wconf 64' lang='lat' dir='ltr'><strong>ngffl,</strong></span> <span class='ocrx_word' id='word_1_123' title='bbox 927 1453 1080 1519; x_wconf 66' lang='lat' dir='ltr'><strong>MAffiAE</strong></span> <span class='ocrx_word' id='word_1_124' title='bbox 1176 1429 1329 1508; x_wconf 87' lang='lat' dir='ltr'><strong>designat</strong></span> <span class='ocrx_word' id='word_1_125' title='bbox 1349 1430 1505 1508; x_wconf 92' lang='lat' dir='ltr'><strong>populum</strong></span> <span class='ocrx_word' id='word_1_126' title='bbox 1531 1431 1733 1506; x_wconf 81' lang='lat' dir='ltr'><strong>ludaeorum,</strong></span> <span class='ocrx_word' id='word_1_127' title='bbox 1763 1433 1820 1512; x_wconf 88' lang='lat' dir='ltr'><strong>qui</strong></span> <span class='ocrx_word' id='word_1_128' title='bbox 1845 1433 1980 1496; x_wconf 88' lang='lat' dir='ltr'><strong>divisus</strong></span> <span class='ocrx_word' id='word_1_129' title='bbox 2067 1465 2068 1470; x_wconf 18' lang='grc' dir='ltr'><strong>κ</strong></span> 
     </span>
    </p>
   </div>
   <div class='ocr_carea' id='block_1_7' title="bbox 579 1526 1982 1612">
    <p class='ocr_par' dir='ltr' id='par_1_9' title="bbox 579 1526 1982 1612">
     <span class='ocr_line' id='line_1_14' title="bbox 579 1526 1982 1612; baseline -0.006 -9"><span class='ocrx_word' id='word_1_130' title='bbox 579 1549 869 1612; x_wconf 70' lang='lat' dir='ltr'><strong>MAGDALENAE,</strong></span> <span class='ocrx_word' id='word_1_131' title='bbox 1175 1528 1225 1589; x_wconf 89' lang='lat' dir='ltr'><strong>cst</strong></span> <span class='ocrx_word' id='word_1_132' title='bbox 1248 1526 1289 1589; x_wconf 86' lang='lat' dir='ltr'><strong>ab</strong></span> <span class='ocrx_word' id='word_1_133' title='bbox 1310 1527 1462 1589; x_wconf 90' lang='lat' dir='ltr'><strong>omnihus</strong></span> <span class='ocrx_word' id='word_1_134' title='bbox 1481 1528 1558 1589; x_wconf 81' lang='lat' dir='ltr'><strong>aliis·</strong></span> <span class='ocrx_word' id='word_1_135' title='bbox 1582 1527 1746 1605; x_wconf 85' lang='lat' dir='ltr'><strong>gentibus.</strong></span> <span class='ocrx_word' id='word_1_136' title='bbox 1771 1532 1836 1593; x_wconf 89' lang='lat' dir='ltr'><strong>Iste</strong></span> <span class='ocrx_word' id='word_1_137' title='bbox 1858 1531 1982 1609; x_wconf 90' lang='lat' dir='ltr'><strong>phari-</strong></span> 
     </span>
    </p>
   </div>
   <div class='ocr_carea' id='block_1_8' title="bbox 1176 1615 2068 1712">
    <p class='ocr_par' dir='ltr' id='par_1_10' title="bbox 1176 1615 2068 1712">
     <span class='ocr_line' id='line_1_15' title="bbox 1176 1615 2068 1712; baseline 0.008 -26"><span class='ocrx_word' id='word_1_138' title='bbox 1176 1625 1976 1712; x_wconf 80' lang='lat' dir='ltr'><strong>saeusrogauitlcsumutmanducaretcumipso,</strong></span> <span class='ocrx_word' id='word_1_139' title='bbox 2067 1615 2068 1624; x_wconf 37' lang='lat'>¹</span> 
     </span>
    </p>
   </div>
   <div class='ocr_carea' id='block_1_9' title="bbox 319 1723 1980 1901">
    <p class='ocr_par' dir='ltr' id='par_1_11' title="bbox 319 1723 1980 1901">
     <span class='ocr_line' id='line_1_16' title="bbox 362 1723 1980 1809; baseline -0.002 -16"><span class='ocrx_word' id='word_1_140' title='bbox 362 1731 514 1809; x_wconf 73' lang='lat' dir='ltr'><strong>reputat</strong></span> <span class='ocrx_word' id='word_1_141' title='bbox 546 1732 665 1792; x_wconf 79' lang='lat' dir='ltr'><strong>lecum</strong></span> <span class='ocrx_word' id='word_1_142' title='bbox 694 1729 833 1802; x_wconf 74' lang='lat' dir='ltr'><strong>quidum</strong></span> <span class='ocrx_word' id='word_1_143' title='bbox 862 1730 1060 1804; x_wconf 66' lang='lat' dir='ltr'><strong>pharatem</strong></span> <span class='ocrx_word' id='word_1_144' title='bbox 1081 1729 1121 1792; x_wconf 84' lang='lat' dir='ltr'><strong>ur</strong></span> <span class='ocrx_word' id='word_1_145' title='bbox 1155 1723 1253 1800; x_wconf 21' lang='lat' dir='ltr'><strong>&#39;quia</strong></span> <span class='ocrx_word' id='word_1_146' title='bbox 1276 1723 1417 1801; x_wconf 89' lang='lat' dir='ltr'><strong>populus</strong></span> <span class='ocrx_word' id='word_1_147' title='bbox 1440 1724 1632 1787; x_wconf 79' lang='lat' dir='ltr'><strong>ludaeorum</strong></span> <span class='ocrx_word' id='word_1_148' title='bbox 1647 1726 1777 1802; x_wconf 85' lang='lat' dir='ltr'><strong>rogavit</strong></span> <span class='ocrx_word' id='word_1_149' title='bbox 1798 1729 1902 1788; x_wconf 91' lang='lat' dir='ltr'><strong>Deum</strong></span> <span class='ocrx_word' id='word_1_150' title='bbox 1916 1745 1980 1805; x_wconf 89' lang='lat' dir='ltr'><strong>per</strong></span> 
     </span>
     <span class='ocr_line' id='line_1_17' title="bbox 319 1820 1978 1901; baseline -0.005 -7"><span class='ocrx_word' id='word_1_151' title='bbox 319 1829 637 1894; x_wconf 66' lang='lat' dir='ltr'><strong>cucumerarium</strong></span> <span class='ocrx_word' id='word_1_152' title='bbox 654 1829 720 1898; x_wconf 80' lang='lat' dir='ltr'><strong>illo,</strong></span> <span class='ocrx_word' id='word_1_153' title='bbox 737 1825 771 1887; x_wconf 82' lang='lat' dir='ltr'><strong>ct</strong></span> <span class='ocrx_word' id='word_1_154' title='bbox 785 1829 965 1901; x_wconf 73' lang='lat' dir='ltr'><strong>impressus</strong></span> <span class='ocrx_word' id='word_1_155' title='bbox 980 1831 1121 1891; x_wconf 73' lang='lat' dir='ltr'><strong>domum</strong></span> <span class='ocrx_word' id='word_1_156' title='bbox 1155 1853 1157 1862; x_wconf 41' lang='grc' dir='ltr'>ν</span> <span class='ocrx_word' id='word_1_157' title='bbox 1175 1820 1382 1900; x_wconf 82' lang='lat' dir='ltr'><strong>patriarchas</strong></span> <span class='ocrx_word' id='word_1_158' title='bbox 1397 1821 1430 1883; x_wconf 90' lang='lat' dir='ltr'><strong>et</strong></span> <span class='ocrx_word' id='word_1_159' title='bbox 1442 1821 1631 1900; x_wconf 87' lang='lat' dir='ltr'><strong>prophetas,</strong></span> <span class='ocrx_word' id='word_1_160' title='bbox 1649 1823 1685 1884; x_wconf 91' lang='lat' dir='ltr'><strong>ut</strong></span> <span class='ocrx_word' id='word_1_161' title='bbox 1698 1822 1828 1887; x_wconf 88' lang='lat' dir='ltr'><strong>veniret</strong></span> <span class='ocrx_word' id='word_1_162' title='bbox 1848 1825 1890 1887; x_wconf 88' lang='lat' dir='ltr'><strong>ad</strong></span> <span class='ocrx_word' id='word_1_163' title='bbox 1915 1841 1978 1886; x_wconf 86' lang='lat' dir='ltr'><strong>re-</strong></span> 
     </span>
    </p>
   </div>
   <div class='ocr_carea' id='block_1_10' title="bbox 318 1899 2068 2006">
    <p class='ocr_par' dir='ltr' id='par_1_12' title="bbox 318 1899 2068 2006">
     <span class='ocr_line' id='line_1_18' title="bbox 318 1899 2068 2006; baseline -0.004 -16"><span class='ocrx_word' id='word_1_164' title='bbox 318 1927 485 2003; x_wconf 72' lang='lat' dir='ltr'><strong>puerascat</strong></span> <span class='ocrx_word' id='word_1_165' title='bbox 499 1921 773 2002; x_wconf 63' lang='lat' dir='ltr'><strong>cambucam.</strong></span> <span class='ocrx_word' id='word_1_166' title='bbox 787 1937 846 2006; x_wconf 83' lang='lat' dir='ltr'><strong>vn,</strong></span> <span class='ocrx_word' id='word_1_167' title='bbox 860 1921 926 2001; x_wconf 81' lang='lat' dir='ltr'><strong>ee).</strong></span> <span class='ocrx_word' id='word_1_168' title='bbox 1068 1963 1071 1971; x_wconf 88' lang='lat'><strong>.</strong></span> <span class='ocrx_word' id='word_1_169' title='bbox 1174 1919 1396 1996; x_wconf 77' lang='lat' dir='ltr'><strong>demptionem</strong></span> <span class='ocrx_word' id='word_1_170' title='bbox 1413 1915 1539 1980; x_wconf 83' lang='lat' dir='ltr'><strong>munci.</strong></span> <span class='ocrx_word' id='word_1_171' title='bbox 1555 1921 1678 1982; x_wconf 79' lang='lat' dir='ltr'><strong>nomm</strong></span> <span class='ocrx_word' id='word_1_172' title='bbox 1693 1921 1978 2000; x_wconf 83' lang='lat' dir='ltr'><strong>pherisaeisignl-</strong></span> <span class='ocrx_word' id='word_1_173' title='bbox 2067 1899 2068 1954; x_wconf 75' lang='lat'>³</span> 
     </span>
    </p>
   </div>
   <div class='ocr_carea' id='block_1_11' title="bbox 337 2015 1978 2099">
    <p class='ocr_par' dir='ltr' id='par_1_13' title="bbox 337 2015 1978 2099">
     <span class='ocr_line' id='line_1_19' title="bbox 337 2015 1978 2099; baseline -0.001 -15"><span class='ocrx_word' id='word_1_174' title='bbox 337 2021 466 2084; x_wconf 75' lang='lat' dir='ltr'><strong>Multa</strong></span> <span class='ocrx_word' id='word_1_175' title='bbox 480 2019 576 2082; x_wconf 89' lang='lat' dir='ltr'><strong>nobis</strong></span> <span class='ocrx_word' id='word_1_176' title='bbox 592 2019 626 2082; x_wconf 91' lang='lat' dir='ltr'><strong>et</strong></span> <span class='ocrx_word' id='word_1_177' title='bbox 639 2017 1119 2097; x_wconf 88' lang='lat' dir='ltr'><strong>magnacircaRedemptorem</strong></span> <span class='ocrx_word' id='word_1_178' title='bbox 1174 2015 1252 2081; x_wconf 72' lang='lat' dir='ltr'><strong>ocal</strong></span> <span class='ocrx_word' id='word_1_179' title='bbox 1275 2016 1400 2082; x_wconf 88' lang='lat' dir='ltr'><strong>terram</strong></span> <span class='ocrx_word' id='word_1_180' title='bbox 1424 2016 1627 2079; x_wconf 86' lang='lat' dir='ltr'><strong>Judeccrum.</strong></span> <span class='ocrx_word' id='word_1_181' title='bbox 1648 2019 1686 2079; x_wconf 93' lang='lat' dir='ltr'><strong>ln</strong></span> <span class='ocrx_word' id='word_1_182' title='bbox 1709 2017 1842 2080; x_wconf 90' lang='lat' dir='ltr'><strong>domum</strong></span> <span class='ocrx_word' id='word_1_183' title='bbox 1857 2021 1978 2099; x_wconf 90' lang='lat' dir='ltr'><strong>phari-</strong></span> 
     </span>
    </p>
   </div>
   <div class='ocr_carea' id='block_1_12' title="bbox 317 2112 2068 2394">
    <p class='ocr_par' dir='ltr' id='par_1_14' title="bbox 317 2112 2068 2394">
     <span class='ocr_line' id='line_1_20' title="bbox 321 2112 2068 2193; baseline -0.001 -11"><span class='ocrx_word' id='word_1_184' title='bbox 321 2120 472 2182; x_wconf 88' lang='lat' dir='ltr'><strong>nostrum</strong></span> <span class='ocrx_word' id='word_1_185' title='bbox 499 2117 535 2178; x_wconf 91' lang='lat' dir='ltr'><strong>in</strong></span> <span class='ocrx_word' id='word_1_186' title='bbox 563 2116 627 2178; x_wconf 88' lang='lat' dir='ltr'><strong>hoc</strong></span> <span class='ocrx_word' id='word_1_187' title='bbox 656 2115 830 2193; x_wconf 81' lang='lat' dir='ltr'><strong>evangelio</strong></span> <span class='ocrx_word' id='word_1_188' title='bbox 857 2115 1117 2189; x_wconf 88' lang='lat' dir='ltr'><strong>commendatur,</strong></span> <span class='ocrx_word' id='word_1_189' title='bbox 1174 2112 1800 2192; x_wconf 76' lang='lat' dir='ltr'><strong>saeiintravitJesus‚q11aneoverbum</strong></span> <span class='ocrx_word' id='word_1_190' title='bbox 1815 2133 1895 2181; x_wconf 89' lang='lat' dir='ltr'><strong>caro</strong></span> <span class='ocrx_word' id='word_1_191' title='bbox 1910 2119 1979 2181; x_wconf 85' lang='lat' dir='ltr'><strong>sac·</strong></span> <span class='ocrx_word' id='word_1_192' title='bbox 2067 2151 2068 2170; x_wconf 75' lang='lat'><strong>.</strong></span> 
     </span>
     <span class='ocr_line' id='line_1_21' title="bbox 320 2211 2068 2306; baseline 0 -27"><span class='ocrx_word' id='word_1_193' title='bbox 320 2215 486 2288; x_wconf 79' lang='lat' dir='ltr'><strong>videlicet,</strong></span> <span class='ocrx_word' id='word_1_194' title='bbox 501 2211 684 2286; x_wconf 88' lang='lat' dir='ltr'><strong>humilitas,</strong></span> <span class='ocrx_word' id='word_1_195' title='bbox 694 2212 925 2287; x_wconf 86' lang='lat' dir='ltr'><strong>mansuetudo,</strong></span> <span class='ocrx_word' id='word_1_196' title='bbox 941 2215 1117 2292; x_wconf 86' lang='lat' dir='ltr'><strong>sapientia,</strong></span> <span class='ocrx_word' id='word_1_197' title='bbox 1173 2211 1242 2272; x_wconf 90' lang='lat' dir='ltr'><strong>tum</strong></span> <span class='ocrx_word' id='word_1_198' title='bbox 1270 2213 1321 2278; x_wconf 83' lang='lat' dir='ltr'><strong>est</strong></span> <span class='ocrx_word' id='word_1_199' title='bbox 1344 2213 1377 2275; x_wconf 91' lang='grc' dir='ltr'><strong>θῖ</strong></span> <span class='ocrx_word' id='word_1_200' title='bbox 1401 2211 1564 2274; x_wconf 85' lang='lat' dir='ltr'><strong>habitavit</strong></span> <span class='ocrx_word' id='word_1_201' title='bbox 1591 2213 1625 2274; x_wconf 90' lang='lat' dir='ltr'><strong>in</strong></span> <span class='ocrx_word' id='word_1_202' title='bbox 1649 2213 1765 2306; x_wconf 85' lang='lat' dir='ltr'><strong>nobis.</strong></span> <span class='ocrx_word' id='word_1_203' title='bbox 1784 2213 1842 2277; x_wconf 82' lang='lat' dir='ltr'><strong>llst</strong></span> <span class='ocrx_word' id='word_1_204' title='bbox 1862 2219 1977 2279; x_wconf 87' lang='lat' dir='ltr'><strong>autem</strong></span> <span class='ocrx_word' id='word_1_205' title='bbox 2067 2219 2068 2306; x_wconf 55' lang='lat' dir='ltr'><strong>l</strong></span> 
     </span>
     <span class='ocr_line' id='line_1_22' title="bbox 317 2307 2068 2394; baseline 0 -18"><span class='ocrx_word' id='word_1_206' title='bbox 317 2313 492 2394; x_wconf 87' lang='lat' dir='ltr'><strong>judicium,</strong></span> <span class='ocrx_word' id='word_1_207' title='bbox 518 2311 686 2384; x_wconf 87' lang='lat' dir='ltr'><strong>discretio,</strong></span> <span class='ocrx_word' id='word_1_208' title='bbox 713 2310 942 2373; x_wconf 88' lang='lat' dir='ltr'><strong>misericordia</strong></span> <span class='ocrx_word' id='word_1_209' title='bbox 960 2314 994 2374; x_wconf 88' lang='lat' dir='ltr'><strong>et</strong></span> <span class='ocrx_word' id='word_1_210' title='bbox 1008 2311 1120 2390; x_wconf 90' lang='lat' dir='ltr'><strong>potes-</strong></span> <span class='ocrx_word' id='word_1_211' title='bbox 1174 2307 1310 2374; x_wconf 87' lang='lat' dir='ltr'><strong>verbum</strong></span> <span class='ocrx_word' id='word_1_212' title='bbox 1344 2324 1538 2386; x_wconf 91' lang='lat' dir='ltr'><strong>supernum,</strong></span> <span class='ocrx_word' id='word_1_213' title='bbox 1574 2309 1719 2371; x_wconf 83' lang='lat' dir='ltr'><strong>uerbum</strong></span> <span class='ocrx_word' id='word_1_214' title='bbox 1739 2312 1908 2374; x_wconf 87' lang='lat' dir='ltr'><strong>internum</strong></span> <span class='ocrx_word' id='word_1_215' title='bbox 1944 2315 1979 2377; x_wconf 88' lang='lat' dir='ltr'><strong>ct</strong></span> <span class='ocrx_word' id='word_1_216' title='bbox 2067 2337 2068 2364; x_wconf 70' lang='lat'>1</span> 
     </span>
    </p>
   </div>
   <div class='ocr_carea' id='block_1_13' title="bbox 319 2404 1976 2495">
    <p class='ocr_par' dir='ltr' id='par_1_15' title="bbox 319 2404 1976 2495">
     <span class='ocr_line' id='line_1_23' title="bbox 319 2404 1976 2495; baseline -0.004 -16"><span class='ocrx_word' id='word_1_217' title='bbox 319 2418 382 2479; x_wconf 87' lang='lat' dir='ltr'><strong>tas.</strong></span> <span class='ocrx_word' id='word_1_218' title='bbox 399 2414 577 2478; x_wconf 87' lang='lat' dir='ltr'><strong>Humilitas</strong></span> <span class='ocrx_word' id='word_1_219' title='bbox 587 2413 708 2492; x_wconf 84' lang='lat' dir='ltr'><strong>quippe</strong></span> <span class='ocrx_word' id='word_1_220' title='bbox 723 2413 971 2475; x_wconf 88' lang='lat' dir='ltr'><strong>commendatur</strong></span> <span class='ocrx_word' id='word_1_221' title='bbox 984 2413 1019 2474; x_wconf 90' lang='lat' dir='ltr'><strong>in</strong></span> <span class='ocrx_word' id='word_1_222' title='bbox 1032 2414 1116 2490; x_wconf 89' lang='lat' dir='ltr'><strong>ipsc,</strong></span> <span class='ocrx_word' id='word_1_223' title='bbox 1173 2404 1310 2495; x_wconf 62' lang='lat' dir='ltr'><strong>verbum</strong></span> <span class='ocrx_word' id='word_1_224' title='bbox 1323 2407 1510 2468; x_wconf 76' lang='lat' dir='ltr'><strong>externum·</strong></span> <span class='ocrx_word' id='word_1_225' title='bbox 1531 2405 1676 2469; x_wconf 82' lang='lat' dir='ltr'><strong>Verbum</strong></span> <span class='ocrx_word' id='word_1_226' title='bbox 1691 2424 1871 2487; x_wconf 87' lang='lat' dir='ltr'><strong>supernum</strong></span> <span class='ocrx_word' id='word_1_227' title='bbox 1886 2413 1976 2472; x_wconf 89' lang='lat' dir='ltr'><strong>Deus</strong></span> 
     </span>
    </p>
   </div>
   <div class='ocr_carea' id='block_1_14' title="bbox 319 2502 2068 2873">
    <p class='ocr_par' dir='ltr' id='par_1_16' title="bbox 319 2502 2068 2873">
     <span class='ocr_line' id='line_1_24' title="bbox 320 2502 2068 2594; baseline -0.003 -18"><span class='ocrx_word' id='word_1_228' title='bbox 320 2514 376 2594; x_wconf 85' lang='lat' dir='ltr'><strong>qni</strong></span> <span class='ocrx_word' id='word_1_229' title='bbox 391 2531 465 2575; x_wconf 93' lang='lat' dir='ltr'><strong>cum</strong></span> <span class='ocrx_word' id='word_1_230' title='bbox 485 2513 618 2590; x_wconf 87' lang='lat' dir='ltr'><strong>rogaret</strong></span> <span class='ocrx_word' id='word_1_231' title='bbox 633 2526 708 2573; x_wconf 87' lang='lat' dir='ltr'><strong>eum</strong></span> <span class='ocrx_word' id='word_1_232' title='bbox 728 2509 861 2589; x_wconf 87' lang='lat' dir='ltr'><strong>quidam</strong></span> <span class='ocrx_word' id='word_1_233' title='bbox 877 2511 1064 2587; x_wconf 69' lang='lat' dir='ltr'><strong>pharisaeus</strong></span> <span class='ocrx_word' id='word_1_234' title='bbox 1084 2512 1121 2574; x_wconf 86' lang='lat' dir='ltr'><strong>ut</strong></span> <span class='ocrx_word' id='word_1_235' title='bbox 1174 2502 1206 2564; x_wconf 84' lang='lat' dir='ltr'><strong>et</strong></span> <span class='ocrx_word' id='word_1_236' title='bbox 1223 2517 1311 2566; x_wconf 80' lang='lat' dir='ltr'><strong>caro.</strong></span> <span class='ocrx_word' id='word_1_237' title='bbox 1334 2502 1478 2565; x_wconf 92' lang='lat' dir='ltr'><strong>Verbum</strong></span> <span class='ocrx_word' id='word_1_238' title='bbox 1498 2505 1666 2567; x_wconf 89' lang='lat' dir='ltr'><strong>internum</strong></span> <span class='ocrx_word' id='word_1_239' title='bbox 1682 2507 1818 2583; x_wconf 87' lang='lat' dir='ltr'><strong>spiritus</strong></span> <span class='ocrx_word' id='word_1_240' title='bbox 1836 2511 1869 2572; x_wconf 88' lang='lat' dir='ltr'><strong>et</strong></span> <span class='ocrx_word' id='word_1_241' title='bbox 1890 2509 1973 2571; x_wconf 85' lang='lat' dir='ltr'><strong>vita.</strong></span> <span class='ocrx_word' id='word_1_242' title='bbox 2067 2527 2068 2544; x_wconf 73' lang='lat'><strong>.</strong></span> 
     </span>
     <span class='ocr_line' id='line_1_25' title="bbox 319 2593 2068 2682; baseline -0.002 -9"><span class='ocrx_word' id='word_1_243' title='bbox 319 2609 536 2673; x_wconf 79' lang='lat' dir='ltr'><strong>manducaret</strong></span> <span class='ocrx_word' id='word_1_244' title='bbox 566 2624 640 2670; x_wconf 92' lang='lat' dir='ltr'><strong>cum</strong></span> <span class='ocrx_word' id='word_1_245' title='bbox 679 2607 749 2680; x_wconf 90' lang='lat' dir='ltr'><strong>illo,</strong></span> <span class='ocrx_word' id='word_1_246' title='bbox 780 2607 952 2682; x_wconf 88' lang='lat' dir='ltr'><strong>ingressus</strong></span> <span class='ocrx_word' id='word_1_247' title='bbox 986 2607 1118 2669; x_wconf 93' lang='lat' dir='ltr'><strong>domum</strong></span> <span class='ocrx_word' id='word_1_248' title='bbox 1173 2598 1500 2663; x_wconf 86' lang='lat' dir='ltr'><strong>Verbumextemum</strong></span> <span class='ocrx_word' id='word_1_249' title='bbox 1509 2617 1622 2663; x_wconf 89' lang='lat' dir='ltr'><strong>semen</strong></span> <span class='ocrx_word' id='word_1_250' title='bbox 1633 2604 1666 2664; x_wconf 91' lang='lat' dir='ltr'><strong>et</strong></span> <span class='ocrx_word' id='word_1_251' title='bbox 1676 2603 1817 2678; x_wconf 86' lang='lat' dir='ltr'><strong>gladius.</strong></span> <span class='ocrx_word' id='word_1_252' title='bbox 1827 2605 1976 2668; x_wconf 88' lang='lat' dir='ltr'><strong>Verbum</strong></span> <span class='ocrx_word' id='word_1_253' title='bbox 2067 2593 2068 2670; x_wconf 62' lang='grc' dir='ltr'><strong>ἶ</strong></span> 
     </span>
     <span class='ocr_line' id='line_1_26' title="bbox 320 2697 2068 2788; baseline -0.002 -20"><span class='ocrx_word' id='word_1_254' title='bbox 320 2707 479 2788; x_wconf 84' lang='lat' dir='ltr'><strong>pharisaei</strong></span> <span class='ocrx_word' id='word_1_255' title='bbox 495 2697 672 2768; x_wconf 81' lang='lat' dir='ltr'><strong>discubuit.</strong></span> <span class='ocrx_word' id='word_1_256' title='bbox 689 2707 763 2768; x_wconf 85' lang='lat' dir='ltr'><strong>Rex</strong></span> <span class='ocrx_word' id='word_1_257' title='bbox 775 2721 891 2781; x_wconf 85' lang='lat' dir='ltr'><strong>regum</strong></span> <span class='ocrx_word' id='word_1_258' title='bbox 905 2705 993 2766; x_wconf 92' lang='lat' dir='ltr'><strong>enim</strong></span> <span class='ocrx_word' id='word_1_259' title='bbox 1006 2705 1039 2766; x_wconf 90' lang='lat' dir='ltr'><strong>et</strong></span> <span class='ocrx_word' id='word_1_260' title='bbox 1052 2707 1120 2767; x_wconf 89' lang='lat' dir='ltr'><strong>Do·</strong></span> <span class='ocrx_word' id='word_1_261' title='bbox 1173 2700 1260 2759; x_wconf 88' lang='lat' dir='ltr'><strong>Deus</strong></span> <span class='ocrx_word' id='word_1_262' title='bbox 1293 2697 1475 2761; x_wconf 87' lang='lat' dir='ltr'><strong>secundum</strong></span> <span class='ocrx_word' id='word_1_263' title='bbox 1510 2699 1750 2774; x_wconf 86' lang='lat' dir='ltr'><strong>aeternitatem,</strong></span> <span class='ocrx_word' id='word_1_264' title='bbox 1781 2703 1913 2779; x_wconf 87' lang='lat' dir='ltr'><strong>quando</strong></span> <span class='ocrx_word' id='word_1_265' title='bbox 1939 2704 1975 2766; x_wconf 93' lang='lat' dir='ltr'><strong>in</strong></span> <span class='ocrx_word' id='word_1_266' title='bbox 2067 2709 2068 2784; x_wconf 56' lang='grc' dir='ltr'><strong>ξ</strong></span> 
     </span>
     <span class='ocr_line' id='line_1_27' title="bbox 319 2785 2068 2873; baseline -0.002 -6"><span class='ocrx_word' id='word_1_267' title='bbox 319 2807 429 2868; x_wconf 88' lang='lat' dir='ltr'><strong>minus</strong></span> <span class='ocrx_word' id='word_1_268' title='bbox 453 2800 694 2864; x_wconf 87' lang='lat' dir='ltr'><strong>dominantium</strong></span> <span class='ocrx_word' id='word_1_269' title='bbox 717 2801 878 2864; x_wconf 84' lang='lat' dir='ltr'><strong>invitatus</strong></span> <span class='ocrx_word' id='word_1_270' title='bbox 902 2801 1119 2864; x_wconf 84' lang='lat' dir='ltr'><strong>aservodes-</strong></span> <span class='ocrx_word' id='word_1_271' title='bbox 1173 2795 1337 2873; x_wconf 89' lang='lat' dir='ltr'><strong>principio</strong></span> <span class='ocrx_word' id='word_1_272' title='bbox 1363 2795 1436 2858; x_wconf 88' lang='lat' dir='ltr'><strong>erat</strong></span> <span class='ocrx_word' id='word_1_273' title='bbox 1459 2797 1638 2859; x_wconf 89' lang='lat' dir='ltr'><strong>Verbum...</strong></span> <span class='ocrx_word' id='word_1_274' title='bbox 1653 2797 1796 2860; x_wconf 90' lang='lat' dir='ltr'><strong>Verbum</strong></span> <span class='ocrx_word' id='word_1_275' title='bbox 1821 2815 1901 2863; x_wconf 89' lang='lat' dir='ltr'><strong>caro</strong></span> <span class='ocrx_word' id='word_1_276' title='bbox 1917 2817 1975 2863; x_wconf 88' lang='lat' dir='ltr'><strong>se-</strong></span> <span class='ocrx_word' id='word_1_277' title='bbox 2067 2785 2068 2864; x_wconf 66' lang='lat' dir='ltr'><strong>V</strong></span> 
     </span>
    </p>
   </div>
   <div class='ocr_carea' id='block_1_15' title="bbox 319 2893 1973 2974">
    <p class='ocr_par' dir='ltr' id='par_1_17' title="bbox 319 2893 1973 2974">
     <span class='ocr_line' id='line_1_28' title="bbox 319 2893 1973 2974; baseline -0.004 -10"><span class='ocrx_word' id='word_1_278' title='bbox 319 2902 431 2964; x_wconf 87' lang='lat' dir='ltr'><strong>cendit</strong></span> <span class='ocrx_word' id='word_1_279' title='bbox 442 2900 477 2962; x_wconf 92' lang='lat' dir='ltr'><strong>in</strong></span> <span class='ocrx_word' id='word_1_280' title='bbox 485 2898 618 2961; x_wconf 92' lang='lat' dir='ltr'><strong>domum</strong></span> <span class='ocrx_word' id='word_1_281' title='bbox 639 2897 741 2971; x_wconf 84' lang='lat' dir='ltr'><strong>illiue,</strong></span> <span class='ocrx_word' id='word_1_282' title='bbox 761 2899 797 2960; x_wconf 88' lang='lat' dir='ltr'><strong>ut</strong></span> <span class='ocrx_word' id='word_1_283' title='bbox 811 2897 1026 2960; x_wconf 86' lang='lat' dir='ltr'><strong>manducaret</strong></span> <span class='ocrx_word' id='word_1_284' title='bbox 1043 2915 1118 2961; x_wconf 87' lang='lat' dir='ltr'><strong>cunr</strong></span> <span class='ocrx_word' id='word_1_285' title='bbox 1173 2893 1315 2954; x_wconf 83' lang='lat' dir='ltr'><strong>cundum</strong></span> <span class='ocrx_word' id='word_1_286' title='bbox 1344 2894 1594 2968; x_wconf 82' lang='lat' dir='ltr'><strong>humanitatom,</strong></span> <span class='ocrx_word' id='word_1_287' title='bbox 1622 2895 1700 2974; x_wconf 84' lang='lat' dir='ltr'><strong>quia</strong></span> <span class='ocrx_word' id='word_1_288' title='bbox 1720 2896 1864 2959; x_wconf 90' lang='lat' dir='ltr'><strong>Verbum</strong></span> <span class='ocrx_word' id='word_1_289' title='bbox 1891 2915 1973 2961; x_wconf 89' lang='lat' dir='ltr'><strong>caro</strong></span> 
     </span>
    </p>
   </div>
   <div class='ocr_carea' id='block_1_16' title="bbox 316 2989 2068 4146">
    <p class='ocr_par' dir='ltr' id='par_1_18' title="bbox 316 2989 2068 4146">
     <span class='ocr_line' id='line_1_29' title="bbox 318 2989 2068 3076; baseline -0.001 -16"><span class='ocrx_word' id='word_1_290' title='bbox 318 2998 389 3070; x_wconf 92' lang='lat' dir='ltr'><strong>illo,</strong></span> <span class='ocrx_word' id='word_1_291' title='bbox 399 2995 495 3058; x_wconf 88' lang='lat' dir='ltr'><strong>nohis</strong></span> <span class='ocrx_word' id='word_1_292' title='bbox 508 2995 702 3072; x_wconf 87' lang='lat' dir='ltr'><strong>relinquens</strong></span> <span class='ocrx_word' id='word_1_293' title='bbox 715 2995 904 3072; x_wconf 82' lang='lat' dir='ltr'><strong>exemplum</strong></span> <span class='ocrx_word' id='word_1_294' title='bbox 916 2995 952 3057; x_wconf 91' lang='lat' dir='ltr'><strong>ut</strong></span> <span class='ocrx_word' id='word_1_295' title='bbox 962 3010 1117 3072; x_wconf 84' lang='lat' dir='ltr'><strong>geramus</strong></span> <span class='ocrx_word' id='word_1_296' title='bbox 1173 2989 1296 3053; x_wconf 86' lang='lat' dir='ltr'><strong>iactum</strong></span> <span class='ocrx_word' id='word_1_297' title='bbox 1319 2991 1370 3052; x_wconf 90' lang='lat' dir='ltr'><strong>est</strong></span> <span class='ocrx_word' id='word_1_298' title='bbox 1397 2993 1430 3053; x_wconf 88' lang='lat' dir='ltr'><strong>ct</strong></span> <span class='ocrx_word' id='word_1_299' title='bbox 1448 2991 1611 3056; x_wconf 81' lang='lat' dir='ltr'><strong>habitauit</strong></span> <span class='ocrx_word' id='word_1_300' title='bbox 1634 2993 1669 3054; x_wconf 91' lang='lat' dir='ltr'><strong>in</strong></span> <span class='ocrx_word' id='word_1_301' title='bbox 1693 2992 1799 3056; x_wconf 88' lang='lat' dir='ltr'><strong>nobis.</strong></span> <span class='ocrx_word' id='word_1_302' title='bbox 1827 2995 1974 3059; x_wconf 89' lang='lat' dir='ltr'><strong>Verbum</strong></span> <span class='ocrx_word' id='word_1_303' title='bbox 2067 3013 2068 3076; x_wconf 68' lang='lat'>3</span> 
     </span>
     <span class='ocr_line' id='line_1_30' title="bbox 319 3083 2068 3172; baseline -0.001 -16"><span class='ocrx_word' id='word_1_304' title='bbox 319 3093 541 3157; x_wconf 86' lang='lat' dir='ltr'><strong>humilitatem</strong></span> <span class='ocrx_word' id='word_1_305' title='bbox 551 3107 618 3153; x_wconf 89' lang='lat' dir='ltr'><strong>non</strong></span> <span class='ocrx_word' id='word_1_306' title='bbox 632 3090 740 3152; x_wconf 89' lang='lat' dir='ltr'><strong>solum</strong></span> <span class='ocrx_word' id='word_1_307' title='bbox 755 3090 796 3152; x_wconf 92' lang='lat' dir='ltr'><strong>ad</strong></span> <span class='ocrx_word' id='word_1_308' title='bbox 807 3094 950 3169; x_wconf 86' lang='lat' dir='ltr'><strong>majores</strong></span> <span class='ocrx_word' id='word_1_309' title='bbox 965 3094 1115 3169; x_wconf 76' lang='lat' dir='ltr'><strong>uiperae,</strong></span> <span class='ocrx_word' id='word_1_310' title='bbox 1173 3088 1309 3166; x_wconf 88' lang='lat' dir='ltr'><strong>spiritus</strong></span> <span class='ocrx_word' id='word_1_311' title='bbox 1332 3088 1605 3166; x_wconf 81' lang='lat' dir='ltr'><strong>intelligentibus.</strong></span> <span class='ocrx_word' id='word_1_312' title='bbox 1628 3091 1772 3153; x_wconf 82' lang='lat' dir='ltr'><strong>Verbum</strong></span> <span class='ocrx_word' id='word_1_313' title='bbox 1795 3093 1865 3155; x_wconf 79' lang='lat' dir='ltr'><strong>vita</strong></span> <span class='ocrx_word' id='word_1_314' title='bbox 1892 3109 1973 3155; x_wconf 87' lang='lat' dir='ltr'><strong>cre·</strong></span> <span class='ocrx_word' id='word_1_315' title='bbox 2067 3083 2068 3172; x_wconf 54' lang='grc' dir='ltr'>ᾗ</span> 
     </span>
     <span class='ocr_line' id='line_1_31' title="bbox 319 3186 2068 3274; baseline 0.001 -21"><span class='ocrx_word' id='word_1_316' title='bbox 319 3192 378 3254; x_wconf 89' lang='lat' dir='ltr'><strong>sed</strong></span> <span class='ocrx_word' id='word_1_317' title='bbox 394 3190 548 3252; x_wconf 89' lang='lat' dir='ltr'><strong>etiamad</strong></span> <span class='ocrx_word' id='word_1_318' title='bbox 570 3189 726 3251; x_wconf 88' lang='lat' dir='ltr'><strong>minores.</strong></span> <span class='ocrx_word' id='word_1_319' title='bbox 748 3191 818 3260; x_wconf 90' lang='lat' dir='ltr'><strong>Quo</strong></span> <span class='ocrx_word' id='word_1_320' title='bbox 833 3189 984 3266; x_wconf 81' lang='lat' dir='ltr'><strong>exemplo</strong></span> <span class='ocrx_word' id='word_1_321' title='bbox 1002 3206 1118 3252; x_wconf 90' lang='lat' dir='ltr'><strong>eorum</strong></span> <span class='ocrx_word' id='word_1_322' title='bbox 1173 3186 1337 3249; x_wconf 89' lang='lat' dir='ltr'><strong>dentibus.</strong></span> <span class='ocrx_word' id='word_1_323' title='bbox 1363 3188 1457 3250; x_wconf 89' lang='lat' dir='ltr'><strong>Unde</strong></span> <span class='ocrx_word' id='word_1_324' title='bbox 1474 3209 1482 3248; x_wconf 74' lang='grc' dir='ltr'>ε</span> <span class='ocrx_word' id='word_1_325' title='bbox 1502 3191 1610 3251; x_wconf 79' lang='lat' dir='ltr'><strong>Verba</strong></span> <span class='ocrx_word' id='word_1_326' title='bbox 1637 3204 1715 3264; x_wconf 81' lang='lat' dir='ltr'><strong>puoe</strong></span> <span class='ocrx_word' id='word_1_327' title='bbox 1738 3191 1870 3254; x_wconf 68' lang='lat' dir='ltr'><strong>uentre</strong></span> <span class='ocrx_word' id='word_1_328' title='bbox 1893 3207 1973 3254; x_wconf 77' lang='lat' dir='ltr'><strong>crem</strong></span> <span class='ocrx_word' id='word_1_329' title='bbox 2067 3251 2068 3274; x_wconf 15' lang='grc' dir='ltr'>χ</span> 
     </span>
     <span class='ocr_line' id='line_1_32' title="bbox 319 3277 2068 3370; baseline -0.001 -18"><span class='ocrx_word' id='word_1_330' title='bbox 319 3288 473 3367; x_wconf 86' lang='lat' dir='ltr'><strong>superbia</strong></span> <span class='ocrx_word' id='word_1_331' title='bbox 499 3286 705 3366; x_wconf 88' lang='lat' dir='ltr'><strong>reprobatur,</strong></span> <span class='ocrx_word' id='word_1_332' title='bbox 735 3286 792 3365; x_wconf 88' lang='lat' dir='ltr'><strong>qui</strong></span> <span class='ocrx_word' id='word_1_333' title='bbox 822 3286 1006 3349; x_wconf 90' lang='lat' dir='ltr'><strong>minoribus</strong></span> <span class='ocrx_word' id='word_1_334' title='bbox 1037 3304 1119 3350; x_wconf 79' lang='lat' dir='ltr'><strong>con·</strong></span> <span class='ocrx_word' id='word_1_335' title='bbox 1173 3286 1276 3356; x_wconf 69' lang='lat' dir='ltr'><strong>coba,</strong></span> <span class='ocrx_word' id='word_1_336' title='bbox 1299 3285 1446 3360; x_wconf 73' lang='lat' dir='ltr'><strong>spirtius</strong></span> <span class='ocrx_word' id='word_1_337' title='bbox 1471 3285 1971 3370; x_wconf 80' lang='lat' dir='ltr'><strong>etottaeuut(loan.v1,6l).</strong></span> <span class='ocrx_word' id='word_1_338' title='bbox 2067 3277 2068 3364; x_wconf 57' lang='grc' dir='ltr'>ξ</span> 
     </span>
     <span class='ocr_line' id='line_1_33' title="bbox 319 3380 2068 3464; baseline -0.001 -14"><span class='ocrx_word' id='word_1_339' title='bbox 319 3385 518 3451; x_wconf 89' lang='lat' dir='ltr'><strong>descendere</strong></span> <span class='ocrx_word' id='word_1_340' title='bbox 531 3384 761 3462; x_wconf 86' lang='lat' dir='ltr'><strong>dedignantur.</strong></span> <span class='ocrx_word' id='word_1_341' title='bbox 1172 3380 1317 3444; x_wconf 88' lang='lat' dir='ltr'><strong>Verbum</strong></span> <span class='ocrx_word' id='word_1_342' title='bbox 1342 3399 1455 3445; x_wconf 88' lang='lat' dir='ltr'><strong>semen</strong></span> <span class='ocrx_word' id='word_1_343' title='bbox 1479 3384 1711 3446; x_wconf 87' lang='lat' dir='ltr'><strong>invirtutibus</strong></span> <span class='ocrx_word' id='word_1_344' title='bbox 1735 3387 1971 3464; x_wconf 80' lang='lat' dir='ltr'><strong>propagandis.</strong></span> <span class='ocrx_word' id='word_1_345' title='bbox 2067 3387 2068 3458; x_wconf 52' lang='grc' dir='ltr'><strong>ᾗ</strong></span> 
     </span>
     <span class='ocr_line' id='line_1_34' title="bbox 333 3478 2068 3564; baseline -0.001 -16"><span class='ocrx_word' id='word_1_346' title='bbox 333 3512 335 3518; x_wconf 95' lang='grc'><strong><em>·</em></strong></span> <span class='ocrx_word' id='word_1_347' title='bbox 359 3482 570 3560; x_wconf 87' lang='lat' dir='ltr'><strong>Osuperbiat</strong></span> <span class='ocrx_word' id='word_1_348' title='bbox 583 3481 953 3560; x_wconf 75' lang='lat' dir='ltr'><strong>cunctisimportahiliS‚</strong></span> <span class='ocrx_word' id='word_1_349' title='bbox 966 3483 1117 3546; x_wconf 91' lang='lat' dir='ltr'><strong>omnibus</strong></span> <span class='ocrx_word' id='word_1_350' title='bbox 1174 3478 1268 3542; x_wconf 88' lang='lat' dir='ltr'><strong>Unde</strong></span> <span class='ocrx_word' id='word_1_351' title='bbox 1285 3502 1292 3540; x_wconf 77' lang='grc' dir='ltr'>ε</span> <span class='ocrx_word' id='word_1_352' title='bbox 1309 3483 1434 3543; x_wconf 73' lang='lat' dir='ltr'><strong>Seneca</strong></span> <span class='ocrx_word' id='word_1_353' title='bbox 1457 3483 1509 3544; x_wconf 81' lang='lat' dir='ltr'><strong>eet</strong></span> <span class='ocrx_word' id='word_1_354' title='bbox 1532 3485 1675 3545; x_wconf 73' lang='lat' dir='ltr'><strong>cererem</strong></span> <span class='ocrx_word' id='word_1_355' title='bbox 1696 3487 1760 3546; x_wconf 82' lang='lat' dir='ltr'><strong>Det</strong></span> <span class='ocrx_word' id='word_1_356' title='bbox 1782 3482 1876 3564; x_wconf 87' lang='lat' dir='ltr'><strong>(Luc.</strong></span> <span class='ocrx_word' id='word_1_357' title='bbox 1898 3501 1970 3559; x_wconf 78' lang='lat' dir='ltr'><strong>nn,</strong></span> <span class='ocrx_word' id='word_1_358' title='bbox 2067 3483 2068 3546; x_wconf 80' lang='lat'>3</span> 
     </span>
     <span class='ocr_line' id='line_1_35' title="bbox 317 3574 2068 3660; baseline -0.001 -15"><span class='ocrx_word' id='word_1_359' title='bbox 317 3581 445 3646; x_wconf 87' lang='lat' dir='ltr'><strong>odiosa.</strong></span> <span class='ocrx_word' id='word_1_360' title='bbox 460 3581 550 3643; x_wconf 89' lang='lat' dir='ltr'><strong>Inter</strong></span> <span class='ocrx_word' id='word_1_361' title='bbox 564 3581 675 3642; x_wconf 90' lang='lat' dir='ltr'><strong>omnia</strong></span> <span class='ocrx_word' id='word_1_362' title='bbox 689 3579 771 3642; x_wconf 87' lang='lat' dir='ltr'><strong>vitia</strong></span> <span class='ocrx_word' id='word_1_363' title='bbox 786 3582 822 3642; x_wconf 89' lang='lat' dir='ltr'><strong>tu</strong></span> <span class='ocrx_word' id='word_1_364' title='bbox 838 3595 969 3658; x_wconf 88' lang='lat' dir='ltr'><strong>semper</strong></span> <span class='ocrx_word' id='word_1_365' title='bbox 983 3598 1020 3643; x_wconf 91' lang='lat' dir='ltr'><strong>es</strong></span> <span class='ocrx_word' id='word_1_366' title='bbox 1043 3583 1117 3660; x_wconf 90' lang='lat' dir='ltr'><strong>pri·</strong></span> <span class='ocrx_word' id='word_1_367' title='bbox 1173 3574 1237 3655; x_wconf 86' lang='lat'><strong>11).</strong></span> <span class='ocrx_word' id='word_1_368' title='bbox 1256 3577 1401 3640; x_wconf 88' lang='lat' dir='ltr'><strong>Verbum</strong></span> <span class='ocrx_word' id='word_1_369' title='bbox 1420 3577 1552 3654; x_wconf 75' lang='lat' dir='ltr'><strong>gladius</strong></span> <span class='ocrx_word' id='word_1_370' title='bbox 1574 3581 1610 3641; x_wconf 93' lang='lat' dir='ltr'><strong>in</strong></span> <span class='ocrx_word' id='word_1_371' title='bbox 1632 3579 1724 3642; x_wconf 81' lang='lat' dir='ltr'><strong>vitiis</strong></span> <span class='ocrx_word' id='word_1_372' title='bbox 1744 3583 1968 3660; x_wconf 88' lang='lat' dir='ltr'><strong>amputandis.</strong></span> <span class='ocrx_word' id='word_1_373' title='bbox 2067 3587 2068 3626; x_wconf 61' lang='lat' dir='ltr'><strong>l</strong></span> 
     </span>
     <span class='ocr_line' id='line_1_36' title="bbox 317 3667 2068 3756; baseline 0.004 -14"><span class='ocrx_word' id='word_1_374' title='bbox 317 3695 382 3752; x_wconf 90' lang='lat' dir='ltr'><strong>ma,</strong></span> <span class='ocrx_word' id='word_1_375' title='bbox 398 3680 435 3741; x_wconf 92' lang='lat' dir='ltr'><strong>tu</strong></span> <span class='ocrx_word' id='word_1_376' title='bbox 447 3693 577 3755; x_wconf 88' lang='lat' dir='ltr'><strong>semper</strong></span> <span class='ocrx_word' id='word_1_377' title='bbox 595 3693 631 3738; x_wconf 91' lang='lat' dir='ltr'><strong>es</strong></span> <span class='ocrx_word' id='word_1_378' title='bbox 646 3676 773 3738; x_wconf 88' lang='lat' dir='ltr'><strong>ultima.</strong></span> <span class='ocrx_word' id='word_1_379' title='bbox 787 3677 873 3739; x_wconf 86' lang='lat' dir='ltr'><strong>Nam</strong></span> <span class='ocrx_word' id='word_1_380' title='bbox 888 3693 985 3740; x_wconf 91' lang='lat' dir='ltr'><strong>omne</strong></span> <span class='ocrx_word' id='word_1_381' title='bbox 999 3693 1119 3756; x_wconf 89' lang='lat' dir='ltr'><strong>pecca·</strong></span> <span class='ocrx_word' id='word_1_382' title='bbox 1173 3676 1267 3736; x_wconf 90' lang='lat' dir='ltr'><strong>Unde</strong></span> <span class='ocrx_word' id='word_1_383' title='bbox 1284 3697 1291 3736; x_wconf 90' lang='lat'>:</span> <span class='ocrx_word' id='word_1_384' title='bbox 1309 3677 1448 3738; x_wconf 67' lang='lat' dir='ltr'><strong>omerus</strong></span> <span class='ocrx_word' id='word_1_385' title='bbox 1477 3680 1624 3753; x_wconf 76' lang='lat' dir='ltr'><strong>spiritus</strong></span> <span class='ocrx_word' id='word_1_386' title='bbox 1651 3679 1703 3740; x_wconf 82' lang='lat' dir='ltr'><strong>est</strong></span> <span class='ocrx_word' id='word_1_387' title='bbox 1733 3682 1876 3742; x_wconf 82' lang='lat' dir='ltr'><strong>uerbum</strong></span> <span class='ocrx_word' id='word_1_388' title='bbox 1895 3685 1969 3743; x_wconf 82' lang='lat' dir='ltr'><strong>Dei.</strong></span> <span class='ocrx_word' id='word_1_389' title='bbox 2067 3667 2068 3750; x_wconf 76' lang='lat' dir='ltr'><strong>l</strong></span> 
     </span>
     <span class='ocr_line' id='line_1_37' title="bbox 316 3772 2068 3864; baseline 0.001 -26"><span class='ocrx_word' id='word_1_390' title='bbox 316 3779 399 3849; x_wconf 87' lang='lat' dir='ltr'><strong>tum,</strong></span> <span class='ocrx_word' id='word_1_391' title='bbox 415 3778 449 3838; x_wconf 91' lang='lat' dir='ltr'><strong>te</strong></span> <span class='ocrx_word' id='word_1_392' title='bbox 463 3776 651 3847; x_wconf 88' lang='lat' dir='ltr'><strong>accedente,</strong></span> <span class='ocrx_word' id='word_1_393' title='bbox 662 3774 862 3852; x_wconf 90' lang='lat' dir='ltr'><strong>admittitur;</strong></span> <span class='ocrx_word' id='word_1_394' title='bbox 878 3776 911 3838; x_wconf 90' lang='lat' dir='ltr'><strong>te</strong></span> <span class='ocrx_word' id='word_1_395' title='bbox 926 3777 1115 3851; x_wconf 89' lang='lat' dir='ltr'><strong>recedente,</strong></span> <span class='ocrx_word' id='word_1_396' title='bbox 1172 3775 1252 3834; x_wconf 87' lang='lat' dir='ltr'><strong>Cum</strong></span> <span class='ocrx_word' id='word_1_397' title='bbox 1270 3789 1349 3851; x_wconf 85' lang='lat' dir='ltr'><strong>ergo</strong></span> <span class='ocrx_word' id='word_1_398' title='bbox 1363 3772 1509 3836; x_wconf 88' lang='lat' dir='ltr'><strong>Verbum</strong></span> <span class='ocrx_word' id='word_1_399' title='bbox 1524 3775 1648 3837; x_wconf 89' lang='lat' dir='ltr'><strong>dicitnr</strong></span> <span class='ocrx_word' id='word_1_400' title='bbox 1660 3791 1739 3839; x_wconf 91' lang='lat' dir='ltr'><strong>caro</strong></span> <span class='ocrx_word' id='word_1_401' title='bbox 1754 3777 1888 3852; x_wconf 84' lang='lat' dir='ltr'><strong>iactum,</strong></span> <span class='ocrx_word' id='word_1_402' title='bbox 1906 3775 1971 3840; x_wconf 81' lang='lat' dir='ltr'><strong>no&#39;-</strong></span> <span class='ocrx_word' id='word_1_403' title='bbox 2067 3789 2068 3864; x_wconf 62' lang='lat' dir='ltr'><strong>f</strong></span> 
     </span>
     <span class='ocr_line' id='line_1_38' title="bbox 318 3871 2068 3951; baseline 0 -15"><span class='ocrx_word' id='word_1_404' title='bbox 318 3873 505 3936; x_wconf 86' lang='lat' dir='ltr'><strong>dimittitur.</strong></span> <span class='ocrx_word' id='word_1_405' title='bbox 514 3872 679 3951; x_wconf 87' lang='lat' dir='ltr'><strong>Scriptum</strong></span> <span class='ocrx_word' id='word_1_406' title='bbox 701 3873 751 3935; x_wconf 86' lang='lat' dir='ltr'><strong>est</strong></span> <span class='ocrx_word' id='word_1_407' title='bbox 764 3873 870 3934; x_wconf 86' lang='lat' dir='ltr'><strong>enim:</strong></span> <span class='ocrx_word' id='word_1_408' title='bbox 884 3876 1029 3938; x_wconf 77' lang='lat' dir='ltr'><strong>Initium</strong></span> <span class='ocrx_word' id='word_1_409' title='bbox 1043 3891 1119 3938; x_wconf 88' lang='lat' dir='ltr'><strong>om-</strong></span> <span class='ocrx_word' id='word_1_410' title='bbox 1172 3871 1261 3933; x_wconf 86' lang='lat' dir='ltr'><strong>mino</strong></span> <span class='ocrx_word' id='word_1_411' title='bbox 1275 3871 1386 3933; x_wconf 90' lang='lat' dir='ltr'><strong>carnis</strong></span> <span class='ocrx_word' id='word_1_412' title='bbox 1406 3872 1608 3950; x_wconf 79' lang='lat' dir='ltr'><strong>intelligitur</strong></span> <span class='ocrx_word' id='word_1_413' title='bbox 1621 3874 1674 3936; x_wconf 83' lang='lat' dir='ltr'><strong>vel</strong></span> <span class='ocrx_word' id='word_1_414' title='bbox 1689 3874 1822 3937; x_wconf 88' lang='lat' dir='ltr'><strong>habitus</strong></span> <span class='ocrx_word' id='word_1_415' title='bbox 1837 3875 1890 3938; x_wconf 83' lang='lat' dir='ltr'><strong>vel</strong></span> <span class='ocrx_word' id='word_1_416' title='bbox 1905 3877 1973 3938; x_wconf 83' lang='lat' dir='ltr'><strong>hu·</strong></span> <span class='ocrx_word' id='word_1_417' title='bbox 2067 3879 2068 3912; x_wconf 81' lang='lat'>³</span> 
     </span>
     <span class='ocr_line' id='line_1_39' title="bbox 317 3967 2068 4050; baseline 0.002 -17"><span class='ocrx_word' id='word_1_418' title='bbox 317 3975 373 4035; x_wconf 76' lang='lat' dir='ltr'><strong>otc</strong></span> <span class='ocrx_word' id='word_1_419' title='bbox 381 3971 515 4048; x_wconf 78' lang='lat' dir='ltr'><strong>peccati</strong></span> <span class='ocrx_word' id='word_1_420' title='bbox 534 3971 585 4032; x_wconf 85' lang='lat' dir='ltr'><strong>est</strong></span> <span class='ocrx_word' id='word_1_421' title='bbox 600 3973 762 4044; x_wconf 78' lang='lat' dir='ltr'><strong>superbio</strong></span> <span class='ocrx_word' id='word_1_422' title='bbox 781 3968 883 4049; x_wconf 85' lang='lat' dir='ltr'><strong>(llccl.</strong></span> <span class='ocrx_word' id='word_1_423' title='bbox 902 3986 936 4042; x_wconf 85' lang='lat' dir='ltr'><strong>x,</strong></span> <span class='ocrx_word' id='word_1_424' title='bbox 954 3971 1018 4050; x_wconf 84' lang='lat'><strong>15).</strong></span> <span class='ocrx_word' id='word_1_425' title='bbox 1042 3974 1119 4034; x_wconf 89' lang='lat' dir='ltr'><strong>Pri·</strong></span> <span class='ocrx_word' id='word_1_426' title='bbox 1172 3969 1326 4031; x_wconf 88' lang='lat' dir='ltr'><strong>manitas.</strong></span> <span class='ocrx_word' id='word_1_427' title='bbox 1353 3970 1497 4033; x_wconf 86' lang='lat' dir='ltr'><strong>Verbum</strong></span> <span class='ocrx_word' id='word_1_428' title='bbox 1526 3973 1615 4033; x_wconf 94' lang='lat' dir='ltr'><strong>enim</strong></span> <span class='ocrx_word' id='word_1_429' title='bbox 1645 3989 1725 4034; x_wconf 89' lang='lat' dir='ltr'><strong>caro</strong></span> <span class='ocrx_word' id='word_1_430' title='bbox 1750 3973 1872 4036; x_wconf 82' lang='lat' dir='ltr'><strong>iactum</strong></span> <span class='ocrx_word' id='word_1_431' title='bbox 1908 3975 1969 4047; x_wconf 90' lang='lat' dir='ltr'><strong>est,</strong></span> <span class='ocrx_word' id='word_1_432' title='bbox 2067 3967 2068 3994; x_wconf 68' lang='lat'><em>³</em></span> 
     </span>
     <span class='ocr_line' id='line_1_40' title="bbox 316 4066 2068 4146; baseline 0.002 -16"><span class='ocrx_word' id='word_1_433' title='bbox 316 4067 485 4146; x_wconf 84' lang='lat' dir='ltr'><strong>mogeuita</strong></span> <span class='ocrx_word' id='word_1_434' title='bbox 495 4083 595 4129; x_wconf 87' lang='lat' dir='ltr'><strong>mors.</strong></span> <span class='ocrx_word' id='word_1_435' title='bbox 611 4069 637 4128; x_wconf 92' lang='lat'>0</span> <span class='ocrx_word' id='word_1_436' title='bbox 650 4067 786 4129; x_wconf 86' lang='lat' dir='ltr'><strong>iratresl</strong></span> <span class='ocrx_word' id='word_1_437' title='bbox 802 4083 899 4146; x_wconf 87' lang='lat' dir='ltr'><strong>quam</strong></span> <span class='ocrx_word' id='word_1_438' title='bbox 913 4066 1117 4131; x_wconf 86' lang='lat' dir='ltr'><strong>detestabilis</strong></span> <span class='ocrx_word' id='word_1_439' title='bbox 1171 4069 1260 4128; x_wconf 90' lang='lat' dir='ltr'><strong>Deus</strong></span> <span class='ocrx_word' id='word_1_440' title='bbox 1272 4068 1476 4142; x_wconf 87' lang='lat' dir='ltr'><strong>incarnatus,</strong></span> <span class='ocrx_word' id='word_1_441' title='bbox 1491 4067 1587 4142; x_wconf 84' lang='lat' dir='ltr'><strong>idest,</strong></span> <span class='ocrx_word' id='word_1_442' title='bbox 1604 4073 1690 4132; x_wconf 85' lang='lat' dir='ltr'><strong>Deus</strong></span> <span class='ocrx_word' id='word_1_443' title='bbox 1706 4071 1739 4132; x_wconf 89' lang='lat' dir='ltr'><strong>et</strong></span> <span class='ocrx_word' id='word_1_444' title='bbox 1752 4071 1860 4132; x_wconf 92' lang='lat' dir='ltr'><strong>homo.</strong></span> <span class='ocrx_word' id='word_1_445' title='bbox 1878 4073 1967 4133; x_wconf 88' lang='lat' dir='ltr'><strong>Deus</strong></span> <span class='ocrx_word' id='word_1_446' title='bbox 2067 4097 2068 4126; x_wconf 70' lang='lat' dir='ltr'>z</span> 
     </span>
    </p>
   </div>
   <div class='ocr_carea' id='block_1_17' title="bbox 317 4164 1972 4244">
    <p class='ocr_par' dir='ltr' id='par_1_19' title="bbox 317 4164 1972 4244">
     <span class='ocr_line' id='line_1_41' title="bbox 317 4164 1972 4244; baseline 0.002 -16"><span class='ocrx_word' id='word_1_447' title='bbox 317 4167 360 4228; x_wconf 91' lang='lat' dir='ltr'><strong>sit</strong></span> <span class='ocrx_word' id='word_1_448' title='bbox 383 4165 549 4244; x_wconf 88' lang='lat' dir='ltr'><strong>superbia,</strong></span> <span class='ocrx_word' id='word_1_449' title='bbox 573 4166 732 4227; x_wconf 88' lang='lat' dir='ltr'><strong>Dominus</strong></span> <span class='ocrx_word' id='word_1_450' title='bbox 754 4165 826 4242; x_wconf 87' lang='lat' dir='ltr'><strong>ipse</strong></span> <span class='ocrx_word' id='word_1_451' title='bbox 848 4181 909 4242; x_wconf 90' lang='lat' dir='ltr'><strong>per</strong></span> <span class='ocrx_word' id='word_1_452' title='bbox 923 4165 1117 4242; x_wconf 88' lang='lat' dir='ltr'><strong>prophetam</strong></span> <span class='ocrx_word' id='word_1_453' title='bbox 1172 4164 1352 4226; x_wconf 89' lang='lat' dir='ltr'><strong>secundum</strong></span> <span class='ocrx_word' id='word_1_454' title='bbox 1367 4164 1584 4241; x_wconf 86' lang='lat' dir='ltr'><strong>divinitatem,</strong></span> <span class='ocrx_word' id='word_1_455' title='bbox 1601 4168 1701 4230; x_wconf 90' lang='lat' dir='ltr'><strong>homo</strong></span> <span class='ocrx_word' id='word_1_456' title='bbox 1716 4169 1897 4231; x_wconf 88' lang='lat' dir='ltr'><strong>secundum</strong></span> <span class='ocrx_word' id='word_1_457' title='bbox 1913 4170 1972 4231; x_wconf 92' lang='lat' dir='ltr'><strong>hu·</strong></span> 
     </span>
    </p>
   </div>
   <div class='ocr_carea' id='block_1_18' title="bbox 315 4255 2068 4338">
    <p class='ocr_par' dir='ltr' id='par_1_20' title="bbox 315 4255 2068 4338">
     <span class='ocr_line' id='line_1_42' title="bbox 315 4255 2068 4338; baseline -0.001 -10"><span class='ocrx_word' id='word_1_458' title='bbox 315 4266 456 4330; x_wconf 88' lang='lat' dir='ltr'><strong>testatur</strong></span> <span class='ocrx_word' id='word_1_459' title='bbox 471 4264 810 4327; x_wconf 72' lang='lat' dir='ltr'><strong>:IuravitDomtcuc</strong></span> <span class='ocrx_word' id='word_1_460' title='bbox 824 4266 918 4324; x_wconf 76' lang='lat' dir='ltr'><strong>Deua</strong></span> <span class='ocrx_word' id='word_1_461' title='bbox 938 4266 976 4324; x_wconf 80' lang='lat' dir='ltr'><strong>ln</strong></span> <span class='ocrx_word' id='word_1_462' title='bbox 998 4268 1118 4328; x_wconf 79' lang='lat' dir='ltr'><strong>areima</strong></span> <span class='ocrx_word' id='word_1_463' title='bbox 1171 4262 1375 4325; x_wconf 88' lang='lat' dir='ltr'><strong>manitatem.</strong></span> <span class='ocrx_word' id='word_1_464' title='bbox 1389 4265 1487 4338; x_wconf 89' lang='lat' dir='ltr'><strong>Nam,</strong></span> <span class='ocrx_word' id='word_1_465' title='bbox 1508 4265 1595 4326; x_wconf 87' lang='lat' dir='ltr'><strong>sicut</strong></span> <span class='ocrx_word' id='word_1_466' title='bbox 1611 4267 1723 4328; x_wconf 88' lang='lat' dir='ltr'><strong>anima</strong></span> <span class='ocrx_word' id='word_1_467' title='bbox 1738 4266 1969 4329; x_wconf 76' lang='lat' dir='ltr'><strong>rationalis...</strong></span> <span class='ocrx_word' id='word_1_468' title='bbox 2067 4255 2068 4272; x_wconf 64' lang='lat'><em>³</em></span> 
     </span>
    </p>
   </div>
   <div class='ocr_carea' id='block_1_19' title="bbox 315 4360 1971 4638">
    <p class='ocr_par' dir='ltr' id='par_1_21' title="bbox 315 4360 1971 4638">
     <span class='ocr_line' id='line_1_43' title="bbox 315 4360 1859 4441; baseline 0 -16"><span class='ocrx_word' id='word_1_469' title='bbox 315 4377 391 4435; x_wconf 83' lang='lat' dir='ltr'><strong>suu,</strong></span> <span class='ocrx_word' id='word_1_470' title='bbox 407 4364 489 4424; x_wconf 85' lang='lat' dir='ltr'><strong>dlctt</strong></span> <span class='ocrx_word' id='word_1_471' title='bbox 502 4365 670 4424; x_wconf 77' lang='lat' dir='ltr'><strong>Dominus</strong></span> <span class='ocrx_word' id='word_1_472' title='bbox 685 4364 778 4421; x_wconf 80' lang='lat' dir='ltr'><strong>Deus</strong></span> <span class='ocrx_word' id='word_1_473' title='bbox 792 4360 1011 4422; x_wconf 72' lang='lat' dir='ltr'><strong>exercituum</strong></span> <span class='ocrx_word' id='word_1_474' title='bbox 1027 4378 1038 4423; x_wconf 93' lang='lat'><em>:</em></span> <span class='ocrx_word' id='word_1_475' title='bbox 1053 4365 1116 4424; x_wconf 84' lang='lat' dir='ltr'><strong>cte-</strong></span> <span class='ocrx_word' id='word_1_476' title='bbox 1171 4360 1309 4422; x_wconf 87' lang='lat' dir='ltr'><strong>interra</strong></span> <span class='ocrx_word' id='word_1_477' title='bbox 1323 4363 1513 4424; x_wconf 85' lang='lat' dir='ltr'><strong>Judaeorum</strong></span> <span class='ocrx_word' id='word_1_478' title='bbox 1529 4364 1683 4441; x_wconf 89' lang='lat' dir='ltr'><strong>apparuit</strong></span> <span class='ocrx_word' id='word_1_479' title='bbox 1698 4363 1859 4426; x_wconf 74' lang='lat' dir='ltr'><strong>Christus</strong></span> 
     </span>
     <span class='ocr_line' id='line_1_44' title="bbox 317 4458 1971 4540; baseline 0.001 -18"><span class='ocrx_word' id='word_1_480' title='bbox 317 4460 425 4522; x_wconf 81' lang='lat' dir='ltr'><strong>testor</strong></span> <span class='ocrx_word' id='word_1_481' title='bbox 445 4474 507 4536; x_wconf 84' lang='lat' dir='ltr'><strong>epo</strong></span> <span class='ocrx_word' id='word_1_482' title='bbox 521 4459 720 4532; x_wconf 77' lang='lat' dir='ltr'><strong>superbiam</strong></span> <span class='ocrx_word' id='word_1_483' title='bbox 741 4459 780 4518; x_wconf 79' lang='lat' dir='ltr'><strong>tn</strong></span> <span class='ocrx_word' id='word_1_484' title='bbox 798 4460 912 4532; x_wconf 80' lang='lat' dir='ltr'><strong>Jacob,</strong></span> <span class='ocrx_word' id='word_1_485' title='bbox 929 4460 964 4521; x_wconf 85' lang='lat' dir='ltr'><strong>et</strong></span> <span class='ocrx_word' id='word_1_486' title='bbox 984 4462 1117 4522; x_wconf 79' lang='lat' dir='ltr'><strong>incenit</strong></span> <span class='ocrx_word' id='word_1_487' title='bbox 1213 4458 1276 4520; x_wconf 88' lang='lat' dir='ltr'><strong>Sed</strong></span> <span class='ocrx_word' id='word_1_488' title='bbox 1292 4459 1476 4536; x_wconf 87' lang='lat' dir='ltr'><strong>pharisaeus</strong></span> <span class='ocrx_word' id='word_1_489' title='bbox 1498 4461 1555 4523; x_wconf 92' lang='lat' dir='ltr'><strong>ille</strong></span> <span class='ocrx_word' id='word_1_490' title='bbox 1569 4461 1653 4523; x_wconf 91' lang='lat' dir='ltr'><strong>bene</strong></span> <span class='ocrx_word' id='word_1_491' title='bbox 1668 4461 1756 4534; x_wconf 78' lang='lat' dir='ltr'><strong>lecit,</strong></span> <span class='ocrx_word' id='word_1_492' title='bbox 1780 4463 1858 4540; x_wconf 88' lang='lat' dir='ltr'><strong>quia</strong></span> <span class='ocrx_word' id='word_1_493' title='bbox 1880 4463 1971 4525; x_wconf 82' lang='lat' dir='ltr'><strong>inri-</strong></span> 
     </span>
     <span class='ocr_line' id='line_1_45' title="bbox 316 4555 1971 4638; baseline 0.002 -19"><span class='ocrx_word' id='word_1_494' title='bbox 316 4559 484 4619; x_wconf 78' lang='lat' dir='ltr'><strong>Domtuue</strong></span> <span class='ocrx_word' id='word_1_495' title='bbox 516 4557 554 4616; x_wconf 81' lang='lat' dir='ltr'><strong>in</strong></span> <span class='ocrx_word' id='word_1_496' title='bbox 588 4557 751 4630; x_wconf 75' lang='lat' dir='ltr'><strong>superbio</strong></span> <span class='ocrx_word' id='word_1_497' title='bbox 777 4556 899 4626; x_wconf 82' lang='lat' dir='ltr'><strong>Jacob,</strong></span> <span class='ocrx_word' id='word_1_498' title='bbox 928 4559 960 4618; x_wconf 83' lang='lat' dir='ltr'><strong>st</strong></span> <span class='ocrx_word' id='word_1_499' title='bbox 995 4559 1116 4621; x_wconf 74' lang='lat' dir='ltr'><strong>oblitus</strong></span> <span class='ocrx_word' id='word_1_500' title='bbox 1170 4556 1254 4617; x_wconf 91' lang='lat' dir='ltr'><strong>tavit</strong></span> <span class='ocrx_word' id='word_1_501' title='bbox 1268 4555 1462 4632; x_wconf 92' lang='lat' dir='ltr'><strong>Dominum;</strong></span> <span class='ocrx_word' id='word_1_502' title='bbox 1480 4558 1536 4620; x_wconf 90' lang='lat' dir='ltr'><strong>sed</strong></span> <span class='ocrx_word' id='word_1_503' title='bbox 1552 4557 1639 4620; x_wconf 86' lang='lat' dir='ltr'><strong>male</strong></span> <span class='ocrx_word' id='word_1_504' title='bbox 1655 4557 1828 4638; x_wconf 84' lang='lat' dir='ltr'><strong>iecit,quia</strong></span> <span class='ocrx_word' id='word_1_505' title='bbox 1845 4561 1971 4636; x_wconf 85' lang='lat' dir='ltr'><strong>sprevit</strong></span> 
     </span>
    </p>
   </div>
   <div class='ocr_carea' id='block_1_20' title="bbox 314 4653 2068 4832">
    <p class='ocr_par' dir='ltr' id='par_1_22' title="bbox 314 4653 2068 4832">
     <span class='ocr_line' id='line_1_46' title="bbox 314 4653 2068 4734; baseline 0.005 -20"><span class='ocrx_word' id='word_1_506' title='bbox 314 4655 416 4729; x_wconf 74' lang='lat' dir='ltr'><strong>puero</strong></span> <span class='ocrx_word' id='word_1_507' title='bbox 434 4667 541 4726; x_wconf 80' lang='lat' dir='ltr'><strong>usquc</strong></span> <span class='ocrx_word' id='word_1_508' title='bbox 555 4655 599 4714; x_wconf 83' lang='lat' dir='ltr'><strong>ad</strong></span> <span class='ocrx_word' id='word_1_509' title='bbox 612 4653 719 4725; x_wconf 73' lang='lat' dir='ltr'><strong>tinem</strong></span> <span class='ocrx_word' id='word_1_510' title='bbox 737 4654 854 4714; x_wconf 69' lang='lat' dir='ltr'><strong>omitto</strong></span> <span class='ocrx_word' id='word_1_511' title='bbox 874 4668 980 4729; x_wconf 84' lang='lat' dir='ltr'><strong>opera</strong></span> <span class='ocrx_word' id='word_1_512' title='bbox 995 4669 1116 4718; x_wconf 81' lang='lat' dir='ltr'><strong>eorum</strong></span> <span class='ocrx_word' id='word_1_513' title='bbox 1171 4653 1345 4716; x_wconf 89' lang='lat' dir='ltr'><strong>mulierem</strong></span> <span class='ocrx_word' id='word_1_514' title='bbox 1360 4656 1590 4732; x_wconf 87' lang='lat' dir='ltr'><strong>peccatricem.</strong></span> <span class='ocrx_word' id='word_1_515' title='bbox 1609 4655 1746 4718; x_wconf 86' lang='lat' dir='ltr'><strong>inbono</strong></span> <span class='ocrx_word' id='word_1_516' title='bbox 1767 4657 1852 4734; x_wconf 87' lang='lat' dir='ltr'><strong>quod</strong></span> <span class='ocrx_word' id='word_1_517' title='bbox 1875 4655 1964 4731; x_wconf 82' lang='lat' dir='ltr'><strong>iecit,</strong></span> <span class='ocrx_word' id='word_1_518' title='bbox 2067 4719 2068 4724; x_wconf 75' lang='grc'>,</span> 
     </span>
     <span class='ocr_line' id='line_1_47' title="bbox 317 4747 2068 4832; baseline 0.002 -20"><span class='ocrx_word' id='word_1_519' title='bbox 317 4750 432 4831; x_wconf 86' lang='lat' dir='ltr'><strong>(Amos</strong></span> <span class='ocrx_word' id='word_1_520' title='bbox 446 4765 491 4822; x_wconf 82' lang='lat' dir='ltr'><strong>vr,</strong></span> <span class='ocrx_word' id='word_1_521' title='bbox 507 4752 543 4824; x_wconf 82' lang='lat'><strong>83</strong></span> <span class='ocrx_word' id='word_1_522' title='bbox 572 4764 643 4822; x_wconf 78' lang='lat' dir='ltr'><strong>van,</strong></span> <span class='ocrx_word' id='word_1_523' title='bbox 659 4747 704 4829; x_wconf 85' lang='grc'><strong>7).</strong></span> <span class='ocrx_word' id='word_1_524' title='bbox 729 4748 911 4827; x_wconf 86' lang='lat' dir='ltr'><strong>Osuperba</strong></span> <span class='ocrx_word' id='word_1_525' title='bbox 933 4768 1118 4832; x_wconf 88' lang='lat' dir='ltr'><strong>praesnmp-</strong></span> <span class='ocrx_word' id='word_1_526' title='bbox 1170 4751 1375 4813; x_wconf 88' lang='lat' dir='ltr'><strong>demonstrat</strong></span> <span class='ocrx_word' id='word_1_527' title='bbox 1393 4751 1488 4813; x_wconf 86' lang='lat' dir='ltr'><strong>nobis</strong></span> <span class='ocrx_word' id='word_1_528' title='bbox 1507 4751 1630 4814; x_wconf 89' lang='lat' dir='ltr'><strong>bonum</strong></span> <span class='ocrx_word' id='word_1_529' title='bbox 1660 4754 1745 4831; x_wconf 87' lang='lat' dir='ltr'><strong>quod</strong></span> <span class='ocrx_word' id='word_1_530' title='bbox 1772 4755 1882 4816; x_wconf 83' lang='lat' dir='ltr'><strong>facere</strong></span> <span class='ocrx_word' id='word_1_531' title='bbox 1903 4755 1966 4816; x_wconf 90' lang='lat' dir='ltr'><strong>de·</strong></span> <span class='ocrx_word' id='word_1_532' title='bbox 2067 4765 2068 4778; x_wconf 62' lang='lat'>¹</span> 
     </span>
    </p>
   </div>
   <div class='ocr_carea' id='block_1_21' title="bbox 314 4837 1968 4928">
    <p class='ocr_par' dir='ltr' id='par_1_23' title="bbox 314 4837 1968 4928">
     <span class='ocr_line' id='line_1_48' title="bbox 314 4837 1968 4928; baseline 0.002 -16"><span class='ocrx_word' id='word_1_533' title='bbox 314 4849 379 4913; x_wconf 88' lang='lat' dir='ltr'><strong>tiol</strong></span> <span class='ocrx_word' id='word_1_534' title='bbox 408 4837 433 4910; x_wconf 82' lang='lat' dir='ltr'>O</span> <span class='ocrx_word' id='word_1_535' title='bbox 463 4847 724 4925; x_wconf 78' lang='lat' dir='ltr'><strong>presumptuosa</strong></span> <span class='ocrx_word' id='word_1_536' title='bbox 747 4845 921 4925; x_wconf 89' lang='lat' dir='ltr'><strong>superbia,</strong></span> <span class='ocrx_word' id='word_1_537' title='bbox 948 4864 1021 4927; x_wconf 82' lang='lat' dir='ltr'><strong>quae</strong></span> <span class='ocrx_word' id='word_1_538' title='bbox 1049 4867 1114 4912; x_wconf 94' lang='lat' dir='ltr'><strong>non</strong></span> <span class='ocrx_word' id='word_1_539' title='bbox 1170 4849 1295 4910; x_wconf 90' lang='lat' dir='ltr'><strong>bemus.</strong></span> <span class='ocrx_word' id='word_1_540' title='bbox 1320 4851 1389 4913; x_wconf 86' lang='lat' dir='ltr'><strong>Nos</strong></span> <span class='ocrx_word' id='word_1_541' title='bbox 1419 4849 1575 4912; x_wconf 88' lang='lat' dir='ltr'><strong>debemus</strong></span> <span class='ocrx_word' id='word_1_542' title='bbox 1599 4867 1719 4928; x_wconf 85' lang='lat' dir='ltr'><strong>rogare</strong></span> <span class='ocrx_word' id='word_1_543' title='bbox 1745 4851 1913 4914; x_wconf 87' lang='lat' dir='ltr'><strong>Christum</strong></span> <span class='ocrx_word' id='word_1_544' title='bbox 1933 4853 1968 4916; x_wconf 90' lang='lat' dir='ltr'><strong>ut</strong></span> 
     </span>
    </p>
   </div>
   <div class='ocr_carea' id='block_1_22' title="bbox 315 4943 2068 5028">
    <p class='ocr_par' dir='ltr' id='par_1_24' title="bbox 315 4943 2068 5028">
     <span class='ocr_line' id='line_1_49' title="bbox 315 4943 2068 5028; baseline 0.002 -18"><span class='ocrx_word' id='word_1_545' title='bbox 315 4947 423 5010; x_wconf 88' lang='lat' dir='ltr'><strong>solnm</strong></span> <span class='ocrx_word' id='word_1_546' title='bbox 438 4946 574 5022; x_wconf 89' lang='lat' dir='ltr'><strong>angeles</strong></span> <span class='ocrx_word' id='word_1_547' title='bbox 586 4947 652 5007; x_wconf 87' lang='lat' dir='ltr'><strong>Deo</strong></span> <span class='ocrx_word' id='word_1_548' title='bbox 663 4943 769 5008; x_wconf 90' lang='lat' dir='ltr'><strong>voluit</strong></span> <span class='ocrx_word' id='word_1_549' title='bbox 783 4945 971 5024; x_wconf 74' lang='lat' dir='ltr'><strong>adaquare,</strong></span> <span class='ocrx_word' id='word_1_550' title='bbox 982 4947 1040 5010; x_wconf 89' lang='lat' dir='ltr'><strong>sed</strong></span> <span class='ocrx_word' id='word_1_551' title='bbox 1051 4949 1115 5012; x_wconf 92' lang='lat' dir='ltr'><strong>ho·</strong></span> <span class='ocrx_word' id='word_1_552' title='bbox 1170 4947 1458 5010; x_wconf 88' lang='lat' dir='ltr'><strong>coenetnobiscum</strong></span> <span class='ocrx_word' id='word_1_553' title='bbox 1472 4950 1505 5010; x_wconf 92' lang='lat' dir='ltr'><strong>et</strong></span> <span class='ocrx_word' id='word_1_554' title='bbox 1518 4964 1578 5011; x_wconf 93' lang='lat' dir='ltr'><strong>nos</strong></span> <span class='ocrx_word' id='word_1_555' title='bbox 1594 4965 1669 5011; x_wconf 92' lang='lat' dir='ltr'><strong>cum</strong></span> <span class='ocrx_word' id='word_1_556' title='bbox 1684 4950 1767 5028; x_wconf 88' lang='lat' dir='ltr'><strong>ipse,</strong></span> <span class='ocrx_word' id='word_1_557' title='bbox 1787 4951 1874 5012; x_wconf 90' lang='lat' dir='ltr'><strong>sicut</strong></span> <span class='ocrx_word' id='word_1_558' title='bbox 1888 4950 1967 5013; x_wconf 87' lang='lat' dir='ltr'><strong>dicit</strong></span> <span class='ocrx_word' id='word_1_559' title='bbox 2067 4963 2068 4984; x_wconf 64' lang='lat'>¹</span> 
     </span>
    </p>
   </div>
   <div class='ocr_carea' id='block_1_23' title="bbox 314 5043 1967 5221">
    <p class='ocr_par' dir='ltr' id='par_1_25' title="bbox 314 5043 1967 5221">
     <span class='ocr_line' id='line_1_50' title="bbox 314 5043 1964 5126; baseline 0.001 -18"><span class='ocrx_word' id='word_1_560' title='bbox 314 5045 421 5108; x_wconf 88' lang='lat' dir='ltr'><strong>mines</strong></span> <span class='ocrx_word' id='word_1_561' title='bbox 452 5043 663 5121; x_wconf 79' lang='lat' dir='ltr'><strong>praesumpsit</strong></span> <span class='ocrx_word' id='word_1_562' title='bbox 695 5043 861 5106; x_wconf 85' lang='lat' dir='ltr'><strong>deificare.</strong></span> <span class='ocrx_word' id='word_1_563' title='bbox 896 5047 1000 5108; x_wconf 90' lang='lat' dir='ltr'><strong>Porro</strong></span> <span class='ocrx_word' id='word_1_564' title='bbox 1033 5063 1115 5125; x_wconf 85' lang='lat' dir='ltr'><strong>quos</strong></span> <span class='ocrx_word' id='word_1_565' title='bbox 1171 5045 1328 5105; x_wconf 92' lang='lat' dir='ltr'><strong>Dominus</strong></span> <span class='ocrx_word' id='word_1_566' title='bbox 1341 5046 1376 5105; x_wconf 93' lang='lat' dir='ltr'><strong>in</strong></span> <span class='ocrx_word' id='word_1_567' title='bbox 1390 5045 1695 5126; x_wconf 74' lang='lat' dir='ltr'><strong>Apocalypsirlipo</strong></span> <span class='ocrx_word' id='word_1_568' title='bbox 1706 5049 1964 5121; x_wconf 82' lang='lat' dir='ltr'><strong>stoadostium,</strong></span> 
     </span>
     <span class='ocr_line' id='line_1_51' title="bbox 315 5141 1967 5221; baseline 0.001 -15"><span class='ocrx_word' id='word_1_569' title='bbox 315 5143 434 5216; x_wconf 80' lang='lat' dir='ltr'><strong>erexit,</strong></span> <span class='ocrx_word' id='word_1_570' title='bbox 449 5141 623 5221; x_wconf 89' lang='lat' dir='ltr'><strong>depressit,</strong></span> <span class='ocrx_word' id='word_1_571' title='bbox 642 5143 675 5204; x_wconf 88' lang='lat' dir='ltr'><strong>et</strong></span> <span class='ocrx_word' id='word_1_572' title='bbox 687 5158 768 5221; x_wconf 88' lang='lat' dir='ltr'><strong>quos</strong></span> <span class='ocrx_word' id='word_1_573' title='bbox 779 5143 951 5217; x_wconf 83' lang='lat' dir='ltr'><strong>exaltavit,</strong></span> <span class='ocrx_word' id='word_1_574' title='bbox 964 5144 1116 5207; x_wconf 90' lang='lat' dir='ltr'><strong>humilia·</strong></span> <span class='ocrx_word' id='word_1_575' title='bbox 1170 5141 1967 5221; x_wconf 71' lang='lat' dir='ltr'><strong>etpuuo.sequuauutemteoeemmeamerupe-</strong></span> 
     </span>
    </p>
   </div>
   <div class='ocr_carea' id='block_1_24' title="bbox 314 5239 2068 5318">
    <p class='ocr_par' dir='ltr' id='par_1_26' title="bbox 314 5239 2068 5318">
     <span class='ocr_line' id='line_1_52' title="bbox 314 5239 2068 5318; baseline 0.003 -12"><span class='ocrx_word' id='word_1_576' title='bbox 314 5242 374 5306; x_wconf 83' lang='lat' dir='ltr'><strong>vit.</strong></span> <span class='ocrx_word' id='word_1_577' title='bbox 386 5241 546 5303; x_wconf 84' lang='lat' dir='ltr'><strong>Excelsus</strong></span> <span class='ocrx_word' id='word_1_578' title='bbox 559 5239 647 5301; x_wconf 91' lang='lat' dir='ltr'><strong>enim</strong></span> <span class='ocrx_word' id='word_1_579' title='bbox 663 5241 749 5302; x_wconf 88' lang='lat' dir='ltr'><strong>Deus</strong></span> <span class='ocrx_word' id='word_1_580' title='bbox 767 5240 908 5304; x_wconf 90' lang='lat' dir='ltr'><strong>humilia</strong></span> <span class='ocrx_word' id='word_1_581' title='bbox 922 5242 1070 5318; x_wconf 88' lang='lat' dir='ltr'><strong>respicit,</strong></span> <span class='ocrx_word' id='word_1_582' title='bbox 1083 5243 1115 5304; x_wconf 90' lang='lat' dir='ltr'><strong>et</strong></span> <span class='ocrx_word' id='word_1_583' title='bbox 1169 5241 1460 5316; x_wconf 72' lang='lat' dir='ltr'><strong>ruemtjaneam,</strong></span> <span class='ocrx_word' id='word_1_584' title='bbox 1482 5245 1619 5306; x_wconf 82' lang='lat' dir='ltr'><strong>tutraho</strong></span> <span class='ocrx_word' id='word_1_585' title='bbox 1636 5245 1799 5316; x_wconf 75' lang='lat' dir='ltr'><strong>auidum,</strong></span> <span class='ocrx_word' id='word_1_586' title='bbox 1816 5245 1967 5307; x_wconf 79' lang='lat' dir='ltr'><strong>etmun-</strong></span> <span class='ocrx_word' id='word_1_587' title='bbox 2067 5267 2068 5312; x_wconf 66' lang='lat' dir='ltr'><strong>l</strong></span> 
     </span>
    </p>
   </div>
   <div class='ocr_carea' id='block_1_25' title="bbox 314 5337 1962 5424">
    <p class='ocr_par' dir='ltr' id='par_1_27' title="bbox 314 5337 1962 5424">
     <span class='ocr_line' id='line_1_53' title="bbox 314 5337 1962 5424; baseline 0.001 -22"><span class='ocrx_word' id='word_1_588' title='bbox 314 5340 383 5403; x_wconf 88' lang='lat' dir='ltr'><strong>ulta</strong></span> <span class='ocrx_word' id='word_1_589' title='bbox 398 5339 525 5415; x_wconf 85' lang='lat' dir='ltr'><strong>alonge</strong></span> <span class='ocrx_word' id='word_1_590' title='bbox 536 5337 716 5414; x_wconf 81' lang='lat' dir='ltr'><strong>cognoscit.</strong></span> <span class='ocrx_word' id='word_1_591' title='bbox 729 5339 886 5414; x_wconf 86' lang='lat' dir='ltr'><strong>Magnum</strong></span> <span class='ocrx_word' id='word_1_592' title='bbox 900 5339 1111 5402; x_wconf 87' lang='lat' dir='ltr'><strong>miraculum!</strong></span> <span class='ocrx_word' id='word_1_593' title='bbox 1169 5343 1296 5403; x_wconf 77' lang='lat' dir='ltr'><strong>ducato</strong></span> <span class='ocrx_word' id='word_1_594' title='bbox 1308 5344 1463 5411; x_wconf 74' lang='lat' dir='ltr'><strong>camillo,</strong></span> <span class='ocrx_word' id='word_1_595' title='bbox 1472 5341 1828 5422; x_wconf 59' lang='lat' dir='ltr'><strong>dwemcetcmfflpoc.</strong></span> <span class='ocrx_word' id='word_1_596' title='bbox 1842 5342 1962 5424; x_wconf 78' lang='lat'><strong>111,20).</strong></span> 
     </span>
    </p>
   </div>
   <div class='ocr_carea' id='block_1_26' title="bbox 299 5435 2068 5522">
    <p class='ocr_par' dir='ltr' id='par_1_28' title="bbox 299 5435 2068 5522">
     <span class='ocr_line' id='line_1_54' title="bbox 299 5435 2068 5522; baseline 0.001 -22"><span class='ocrx_word' id='word_1_597' title='bbox 299 5437 352 5500; x_wconf 79' lang='lat' dir='ltr'><strong>-Si</strong></span> <span class='ocrx_word' id='word_1_598' title='bbox 366 5435 496 5498; x_wconf 84' lang='lat' dir='ltr'><strong>exaltas</strong></span> <span class='ocrx_word' id='word_1_599' title='bbox 510 5438 554 5511; x_wconf 88' lang='lat' dir='ltr'><strong>te,</strong></span> <span class='ocrx_word' id='word_1_600' title='bbox 571 5436 696 5499; x_wconf 90' lang='lat' dir='ltr'><strong>recedit</strong></span> <span class='ocrx_word' id='word_1_601' title='bbox 710 5435 798 5499; x_wconf 90' lang='lat' dir='ltr'><strong>Deus</strong></span> <span class='ocrx_word' id='word_1_602' title='bbox 812 5437 889 5498; x_wconf 89' lang='lat' dir='ltr'><strong>ate.</strong></span> <span class='ocrx_word' id='word_1_603' title='bbox 907 5438 942 5499; x_wconf 85' lang='lat' dir='ltr'><strong>Si</strong></span> <span class='ocrx_word' id='word_1_604' title='bbox 957 5437 1114 5500; x_wconf 86' lang='lat' dir='ltr'><strong>humilies</strong></span> <span class='ocrx_word' id='word_1_605' title='bbox 1169 5439 1329 5501; x_wconf 83' lang='lat' dir='ltr'><strong>Dominus</strong></span> <span class='ocrx_word' id='word_1_606' title='bbox 1344 5439 1409 5502; x_wconf 85' lang='lat' dir='ltr'><strong>stat</strong></span> <span class='ocrx_word' id='word_1_607' title='bbox 1425 5439 1465 5502; x_wconf 90' lang='lat' dir='ltr'><strong>ad</strong></span> <span class='ocrx_word' id='word_1_608' title='bbox 1482 5440 1614 5514; x_wconf 88' lang='lat' dir='ltr'><strong>ostium,</strong></span> <span class='ocrx_word' id='word_1_609' title='bbox 1631 5441 1709 5522; x_wconf 86' lang='lat' dir='ltr'><strong>quia</strong></span> <span class='ocrx_word' id='word_1_610' title='bbox 1729 5440 1898 5504; x_wconf 89' lang='lat' dir='ltr'><strong>illuminet</strong></span> <span class='ocrx_word' id='word_1_611' title='bbox 1914 5443 1966 5503; x_wconf 89' lang='lat' dir='ltr'><strong>in·</strong></span> <span class='ocrx_word' id='word_1_612' title='bbox 2067 5439 2068 5520; x_wconf 73' lang='lat' dir='ltr'>j</span> 
     </span>
    </p>
   </div>
   <div class='ocr_carea' id='block_1_27' title="bbox 316 5533 1964 5616">
    <p class='ocr_par' dir='ltr' id='par_1_29' title="bbox 316 5533 1964 5616">
     <span class='ocr_line' id='line_1_55' title="bbox 316 5533 1964 5616; baseline 0.002 -19"><span class='ocrx_word' id='word_1_613' title='bbox 316 5535 359 5607; x_wconf 87' lang='lat' dir='ltr'><strong>te,</strong></span> <span class='ocrx_word' id='word_1_614' title='bbox 376 5533 503 5596; x_wconf 89' lang='lat' dir='ltr'><strong>accedit</strong></span> <span class='ocrx_word' id='word_1_615' title='bbox 527 5533 568 5596; x_wconf 89' lang='lat' dir='ltr'><strong>ed</strong></span> <span class='ocrx_word' id='word_1_616' title='bbox 592 5535 635 5598; x_wconf 91' lang='lat' dir='ltr'><strong>te.</strong></span> <span class='ocrx_word' id='word_1_617' title='bbox 658 5533 820 5608; x_wconf 85' lang='lat' dir='ltr'><strong>Quoniam</strong></span> <span class='ocrx_word' id='word_1_618' title='bbox 846 5534 933 5597; x_wconf 89' lang='lat' dir='ltr'><strong>Deus</strong></span> <span class='ocrx_word' id='word_1_619' title='bbox 962 5535 1113 5612; x_wconf 88' lang='lat' dir='ltr'><strong>superbis</strong></span> <span class='ocrx_word' id='word_1_620' title='bbox 1168 5535 1336 5601; x_wconf 89' lang='lat' dir='ltr'><strong>tellectum</strong></span> <span class='ocrx_word' id='word_1_621' title='bbox 1351 5537 1512 5601; x_wconf 90' lang='lat' dir='ltr'><strong>nostrum.</strong></span> <span class='ocrx_word' id='word_1_622' title='bbox 1537 5541 1601 5604; x_wconf 87' lang='lat' dir='ltr'><strong>Per</strong></span> <span class='ocrx_word' id='word_1_623' title='bbox 1615 5540 1735 5602; x_wconf 87' lang='lat' dir='ltr'><strong>ostium</strong></span> <span class='ocrx_word' id='word_1_624' title='bbox 1751 5551 1896 5616; x_wconf 82' lang='lat' dir='ltr'><strong>namque</strong></span> <span class='ocrx_word' id='word_1_625' title='bbox 1910 5540 1964 5601; x_wconf 89' lang='lat' dir='ltr'><strong>in-</strong></span> 
     </span>
    </p>
   </div>
   <div class='ocr_carea' id='block_1_28' title="bbox 0 0 2104 6404">
    <p class='ocr_par' dir='ltr' id='par_1_30' title="bbox 0 0 2104 6404">
     <span class='ocr_line' id='line_1_56' title="bbox 0 0 2104 6404; baseline 0 2"><span class='ocrx_word' id='word_1_626' title='bbox 0 0 2104 6404; x_wconf 95' lang='lat' dir='ltr'><strong> </strong></span> 
     </span>
    </p>
   </div>
   <div class='ocr_carea' id='block_1_29' title="bbox 2042 5681 2068 6206">
    <p class='ocr_par' dir='ltr' id='par_1_31' title="bbox 2042 5681 2068 6373">
     <span class='ocr_line' id='line_1_57' title="bbox 2067 5681 2068 5694; baseline 0 0"><span class='ocrx_word' id='word_1_627' title='bbox 2067 5681 2068 5694; x_wconf 89' lang='lat' dir='ltr'><strong>l</strong></span> 
     </span>
     <span class='ocr_line' id='line_1_58' title="bbox 2067 5697 2068 5716; baseline 0 0"><span class='ocrx_word' id='word_1_628' title='bbox 2067 5697 2068 5716; x_wconf 82' lang='lat' dir='ltr'><strong>t</strong></span> 
     </span>
     <span class='ocr_line' id='line_1_59' title="bbox 2067 5735 2068 5750; baseline 0 0"><span class='ocrx_word' id='word_1_629' title='bbox 2067 5735 2068 5750; x_wconf 78' lang='lat' dir='ltr'><strong>t</strong></span> 
     </span>
     <span class='ocr_line' id='line_1_60' title="bbox 2067 6053 2068 6128; baseline 0 0"><span class='ocrx_word' id='word_1_630' title='bbox 2067 6053 2068 6128; x_wconf 82' lang='lat' dir='ltr'><strong>t</strong></span> 
     </span>
     <span class='ocr_line' id='line_1_61' title="bbox 2067 6143 2068 6160; baseline 0 0"><span class='ocrx_word' id='word_1_631' title='bbox 2067 6143 2068 6160; x_wconf 82' lang='lat' dir='ltr'><strong>t</strong></span> 
     </span>
     <span class='ocr_line' id='line_1_62' title="bbox 2042 6195 2050 6206; baseline 0 167"><span class='ocrx_word' id='word_1_632' title='bbox 2042 6195 2050 6206; x_wconf 55' lang='grc'><strong><em>.</em></strong></span> 
     </span>
    </p>
   </div>
  </div>
 </body>
</html>
