4234 6408
329 213 386 276 ree
588 290 593 298 Ι
949 215 1124 276 nononn
1147 215 1191 276 111
1213 217 1361 278 ornan.
1918 229 1976 291 100

368 373 450 437 Cum
460 374 549 452 juris
558 373 708 435 executio
718 373 753 434 ln
763 387 798 435 se
808 372 965 452 injuriam
981 389 1047 438 non
1060 375 1125 437 im·
1178 379 1234 438 tuo
1249 376 1386 439 servitio
1401 379 1658 442 commorantur.
1680 382 1771 444 Nulli
1786 399 1876 461 ergo,
1894 389 1970 462 etc,

329 473 447 552 portet,
462 473 492 532 si
500 474 556 550 jus
567 471 716 535 nostrum
726 471 959 549 prosequimur
970 473 1054 534 nihil
1065 474 1125 535 de-
1178 475 1300 537 nostree
1314 475 1549 549 concessionis,
1560 477 1622 540 etc.
1639 479 1674 539 Si
1689 481 1896 558 (pulsantem,
1910 486 1973 546 etc.

329 571 463 634 trahere
482 569 552 647 juri
567 569 733 631 credimus
756 569 878 631 alieno.
907 570 999 633 Licet
1013 573 1123 634 autem
1178 574 1296 636 Datum
1312 573 1479 646 Laterani,
1496 577 1525 636 V
1537 574 1611 636 idus
1619 579 1780 653 januarii,
1799 581 1977 658 pontifica-

330 684 373 730 ex
395 667 600 748 plenitudine
627 667 798 746 potestatis
826 667 988 731 beneficia
1016 670 1125 732 eccle-
1179 673 1233 734 tus
1247 671 1353 734 nostri
1367 672 1585 750 annoprimo.

330 767 465 829 siastica
475 765 627 843 personis
645 765 772 828 idoneis
788 766 1122 845 conterrepossimus,

330 865 379 926 sic
403 865 515 926 tamen
543 865 700 944 quantum
729 879 804 924 cum
839 867 906 927 Deo
935 881 1121 943 possumus,
1479 851 1674 938 CXXVIII

329 961 528 1040 Apostolicae
548 962 642 1024 Sedis
656 961 867 1038 privilegium
887 965 1121 1041 temperamus,
1178 1002 1230 1061 Ad
1253 1003 1449 1076 episcopum
1478 1003 1513 1064 et

329 1062 366 1125 ut
385 1076 447 1122 nec
468 1060 629 1122 utilitates
644 1058 879 1122 absorbeamus
894 1062 1024 1139 penitus
1040 1063 1125 1124 alio-

330 1174 415 1230 rum,
430 1173 490 1219 nec
503 1157 721 1236 praejudicare
740 1157 889 1235 ipsorum
904 1159 1124 1236 negligentias

329 1255 479 1317 ecclesiis
492 1255 729 1332 relinquamus.
747 1258 833 1316 Sane
846 1257 1047 1333 pervenitad
1063 1273 1125 1319 au-

328 1351 488 1414 dientiam
526 1354 674 1415 nostram
709 1353 795 1430 quod
833 1354 1124 1417 archidiaconatus
1178 1346 1304 1414 Nuntiat,
1326 1359 1357 1403 se
1376 1347 1504 1404 Bononm
1515 1346 1618 1405 clerico
1629 1357 1778 1408 vacantem
1791 1351 1978 1424 ptaebenddm

329 1452 435 1513 sancti
463 1451 555 1512 pepp-j
578 1450 744 1512 Lodoveffi
771 1452 863 1513 tango
887 1453 1034 1530 tempore
1053 1455 1125 1530 jam
1213 1434 1368 1493 contulisse
1393 1449 1480 1507 quem
1502 1434 1530 1493 b.
1551 1451 1590 1494 m.
1609 1438 1643 1495 R.
1663 1437 1699 1495 de
1724 1439 1876 1498 Recentlxa
1899 1442 1976 1500 obti-

328 1548 471 1621 vacavit,
489 1548 574 1625 quod
590 1551 663 1625 ejus
678 1548 811 1610 collatio
831 1549 1011 1612 secundum
1027 1551 1126 1612 Late,
1214 1524 1423 1624 fluentemque
1436 1524 1601 1596 mandet,ut
1616 1525 1696 1584 illum
1707 1527 1736 1584 in
1747 1530 1916 1588 canonicum
1927 1546 1976 1589 re·

328 1662 444 1708 renen.
460 1646 581 1708 statuta
596 1646 730 1707 concilii
743 1646 784 1707 ad
796 1647 913 1708 sedem
925 1648 1126 1725 estnposto-
1215 1619 1304 1685 ΡΜ·

327 1744 426 1805 licam
442 1744 607 1806 devoluta.
633 1744 726 1806 Unde
747 1760 807 1806 nos
831 1761 897 1806 non
918 1745 1026 1807 minus
1047 1763 1126 1823 per·
1219 1739 1397 1811 Honorius,
1412 1740 1487 1813 ete,
1503 1733 1975 1824 Venerabilistatriepiscopm

330 1857 420 1903 sonae
442 1841 553 1904 dilecti
576 1841 637 1902 tilii
658 1842 809 1918 magistri
824 1843 1002 1906 Raimundi
1018 1844 1125 1922 scrip-
1178 1835 1212 1898 et
1226 1835 1355 1898 dilectis
1371 1836 1449 1898 filiis
1464 1837 1609 1915 capitulo
1621 1840 1782 1916 Agathou.

329 1939 411 1999 toris
433 1940 465 2000 et
480 1938 655 1999 familiaris
670 1939 786 2012 nostri,
812 1943 907 2019 cujus
932 1941 1124 2003 fidelitatem
1219 1934 1344 1996 Dilecto
1368 1934 1438 1995 filio
1461 1937 1608 1998 Bonomo
1629 1937 1751 1999 elerico
1766 1955 1873 2018 nuper
1886 1941 1978 2018 apud

1540 1003 1729 1077 capitutum
1749 1007 1975 1083 Agetltcrtscs.

1485 1115 1502 1172 9
1511 1115 1571 1188 jun.
1591 1116 1671 1176 litt.

1214 1221 1335 1286 (degeat,
1348 1221 1393 1272 lib.
1407 1221 1427 1281 l,
1441 1221 1515 1286 epist.
1528 1221 1582 1272 lei.
1597 1223 1656 1274 lies.
1665 1224 1702 1274 La
1715 1225 1790 1276 Porto
1801 1226 1937 1294 dn'l'beil.)

331 2034 531 2097 laudabilem
553 2035 586 2098 et
609 2036 760 2098 devotam
781 2037 905 2098 diutius
926 2053 1039 2099 sumus
1061 2054 1124 2100 ex·
1180 2031 1814 2114 Sedemdpostolicamconstitutonos
1835 2052 1979 2115 perses
2089 2037 2090 2046 ’

330 2132 427 2211 perti,
452 2149 550 2210 quam
573 2133 721 2194 ecelesiae
734 2135 853 2196 vestrae
875 2135 1043 2212 provideri
1064 2151 1126 2198 vo.
1179 2128 1236 2206 qui
1249 2132 1321 2208 ejus
1334 2130 1563 2193 litteraturam
1575 2132 1609 2195 et
1622 2131 1828 2196 honestatem
1842 2134 1978 2212 plenius

329 2230 448 2302 lentes,
475 2231 668 2294 discretioni
699 2234 818 2294 vestrae
849 2247 909 2310 per
935 2233 1124 2310 apostolica
1180 2227 1342 2310 noverant
1364 2227 1405 2290 do
1427 2229 1534 2306 ipsius
1556 2228 1736 2292 idoneitate
1756 2231 1878 2295 redditi
1899 2249 1979 2296 cer-

331 2327 454 2405 scripta
484 2327 632 2391 districte
663 2330 886 2407 praecipiendo
916 2330 1122 2405 mandamus,
1179 2323 1291 2397 tiores,
1304 2324 1516 2402 praebendam
1530 2325 1594 2388 sibi
1605 2328 1805 2390 contulimus
1818 2329 1978 2395 inrestra

330 2425 492 2503 quatenus
507 2425 536 2486 si
551 2428 601 2489 est
610 2427 667 2496 ite,
682 2427 806 2488 dietum
819 2427 1124 2490 archidiaconatum
1179 2421 1321 2484 eeclesia
1333 2425 1412 2484 tunc
1426 2425 1612 2497 vacantem,
1625 2441 1722 2502 quam
1737 2425 1833 2488 bonae
1847 2443 1979 2492 memo-

329 2522 436 2583 eidem
448 2522 634 2584 liberaliter
645 2524 844 2600 concedatis,
852 2528 931 2603 jura
944 2525 1005 2587 sibi
1018 2527 1125 2587 archi·
1177 2520 1239 2581 riae
1254 2523 1293 2582 n.
1310 2519 1350 2581 de
1366 2521 1544 2583 Roccafixa
1557 2522 1700 2586 obtinuit
1709 2525 1744 2585 in
1758 2524 1887 2598 eadem.
1899 2542 1979 2588 cre-

330 2618 525 2682 diaeonatus
546 2619 652 2698 ipsius
678 2620 714 2682 in
728 2621 881 2683 omnibus
896 2622 1026 2699 integra
1044 2639 1125 2686 con·
1179 2615 1293 2679 dentes
1306 2617 1339 2679 et
1353 2619 1387 2678 in
1401 2619 1542 2681 ecclesia
1557 2619 1628 2698 ipsa
1644 2619 1719 2693 sibi,
1733 2621 1818 2684 etde
1833 2622 1891 2684 illo
1909 2625 1978 2701 ipsi
2089 2657 2090 2668 .

329 2718 511 2779 servantes.
538 2717 694 2795 Alioquin
715 2718 835 2782 dilecto
864 2719 932 2782 tilio
965 2722 1124 2798 magistro
1179 2714 1328 2776 ecclesiae
1341 2715 1526 2792 providere.
1547 2717 1690 2795 ideoque
1710 2733 1771 2795 per
1792 2720 1979 2796 apostoliea
2089 2749 2090 2804 χ

331 2815 514 2876 Bertrando
523 2815 611 2876 tituli
627 2816 816 2878 sanctorum
830 2819 848 2879 J
850 2818 967 2879 oannis
981 2819 1014 2880 et
1028 2819 1125 2880 Pauli
1178 2811 1271 2874 vobis
1285 2813 1408 2890 scripta
1421 2815 1644 2892 praecipiendo
1658 2817 1866 2890 mandamus,
1890 2833 1980 2896 (1118-
2089 2863 2090 2890 ÷

331 2911 523 2990 presbytero
550 2913 723 2986 cardinali,
737 2915 935 2991 Apostolicae
958 2915 1053 2977 Sedis
1074 2917 1125 2978 le-
1178 2911 1274 2971 tenus
1297 2910 1495 2988 recipientes
1511 2913 1662 2973 eumdem
1678 2913 1713 2974 in
1729 2915 1927 2976 canonicum
1945 2917 1979 2978 et
2089 2931 2090 3010 J

332 3010 421 3087 gato,
432 3009 555 3072 nostrie
569 3010 685 3072 damus
704 3011 824 3073 litteris
846 3013 879 3072 in
898 3014 1075 3086 mancatis,
1090 3015 1126 3074 ut
1178 3007 1214 3068 in
1228 3006 1375 3080 tratrem.
1391 3009 1487 3085 eique
1501 3010 1680 3072 stallumin
1692 3011 1806 3084 choro.
1820 3013 1978 3074 stlocum
2089 3035 2090 3044 ¹

329 3108 424 3169 robis
439 3108 646 3171 cessantibus
660 3108 696 3170 in
707 3107 812 3172 nostri
827 3110 1022 3173 executione
1034 3128 1125 3173 man·
1178 3105 1214 3166 in
1244 3106 1389 3182 capitulo
1424 3108 1655 3184 assignantes,
1690 3109 1800 3186 ipsum
1825 3109 1978 3173 fraterna

332 3205 412 3278 dati,
422 3206 493 3284 ipse
503 3206 694 3268 mandatum
705 3207 865 3280 nostrum,
875 3208 1004 3270 sublato
1017 3211 1125 3286 cujus·
1178 3202 1326 3265 tractetis
1344 3203 1379 3265 in
1394 3204 1534 3268 Domino
1549 3205 1699 3278 caritate,
1717 3207 1870 3281 scientae,
1885 3208 1976 3285 quod
2089 3197 2090 3226 .

328 3303 410 3366 libet
423 3303 693 3367 contradictionis
710 3305 742 3367 et
765 3305 997 3383 appellationis
1013 3305 1125 3368 obsta-
1178 3300 1298 3363 dilecto
1311 3301 1380 3363 filio
1396 3304 1509 3365 nostro
1523 3303 1708 3366 Berirando
1725 3305 1815 3367 tituli
1839 3305 1977 3368 sancto-

328 3402 414 3475 culo,
442 3401 584 3464 fideliter
617 3405 829 3481 exsequatur.
859 3404 1124 3466 contradictores
1178 3415 1252 3461 tum
1266 3399 1405 3462 ,loannis
1427 3402 1460 3462 et
1476 3401 1574 3462 Pauli
1593 3402 1786 3480 Plflsbt'tffl'O
1808 3402 1975 3464 Oardissali
2089 3407 2090 3476 t

222 3535 225 3542 -
328 3516 388 3578 per
413 3515 588 3564 censuram
603 3501 873 3575 ecclesiasticam,
901 3501 1124 3580 appellatione
1177 3497 1375 3574 Apostolicae
1399 3499 1493 3560 sedis
1516 3499 1626 3578 legato
1640 3501 1791 3563 dedimus
1814 3502 1850 3565 in
1872 3518 1975 3566 man-

329 3597 522 3678 postposita,
552 3599 802 3682 compescendo.
815 3600 934 3664 Datum
954 3599 1121 3674 Laterani,
1178 3594 1274 3668 datis,
1294 3597 1328 3657 ut
1342 3595 1371 3656 Si
1387 3597 1460 3674 quis
1473 3613 1574 3676 super
1587 3595 1641 3660 his
1653 3598 1791 3675 praefato
1804 3601 1840 3662 B·
1859 3617 1897 3662 se
1909 3615 1976 3678 op·
2089 3615 2090 3624 ’

329 3695 472 3759 Vllidus
485 3697 646 3775 januarii,
663 3698 753 3775 pont.
774 3697 880 3761 nostri
900 3713 988 3761 anno
1002 3697 1121 3777 primo.
1178 3708 1303 3770 ponere
1319 3695 1569 3773 praesumpserit
1588 3695 1655 3758 im0
1674 3695 1781 3770 nobis,
1797 3697 1870 3776 ipse
1884 3714 1977 3778 ΡΜ·
2089 3755 2090 3780 ,

1179 3791 1524 3869 sumptionemeorum
1539 3808 1785 3870 percensuram
1795 3795 1977 3858 ecclesiae·
2089 3795 2090 3798 ’

640 3865 816 3952 CXXVII
1177 3888 1277 3950 ticam
1293 3889 1514 3968 appellatione
1535 3891 1663 3953 remota
1682 3907 1906 3969 compescens,
1924 3893 1973 3954 il-
2089 3937 2090 3950 .

468 3971 730 4092 aepiscopum
742 4018 982 4094 Affathensem·
1059 4037 1064 4046 .
1178 3985 1246 4047 lum
1265 3984 1367 4049 iaciat
1388 3987 1528 4066 pacifica
1547 3989 1656 4068 ipsius
1683 3989 1871 4066 praebenda
1893 4005 1976 4068 pos-
2089 3993 2090 4060 t

624 4131 717 4205 bjan.
740 4131 819 4190 terr.

359 4247 479 4313 [aegest.
492 4247 537 4298 lib.
550 4248 569 4306 l,
583 4247 658 4313 epist.
669 4245 723 4298 lit.
739 4247 796 4298 iles.
808 4248 845 4299 La
858 4248 933 4338 Porte
947 4247 982 4298 dn
996 4247 1091 4314 Tbeill.

329 4365 475 4434 Concedit,
490 4371 521 4422 ut
529 4379 618 4422 unum
629 4363 675 4421 vel
690 4363 761 4422 duos
771 4364 806 4422 de
822 4364 933 4422 clericis
945 4363 1123 4422 beneficiatis
1497 4370 1654 4457 CXXIX

434 4455 464 4510 in
478 4469 529 4512 sue
541 4453 657 4512 dioecesi
670 4469 769 4512 secum
782 4455 905 4512 retinere
915 4453 1014 4527 possit.

368 4571 546 4642 Honorius,
563 4571 638 4642 etc,
654 4570 840 4631 venerabili
856 4569 952 4632 fratri
968 4571 1122 4648 episcopo

326 4666 489 4744 Agathen.

367 4767 418 4826 Ex
429 4765 523 4843 parte
542 4765 598 4826 tua
618 4763 680 4826 suit
699 4762 794 4825 nobis
809 4763 981 4826 humiliter
996 4765 1124 4843 suppli-

1173 4182 1334 4259 Januarii,
1348 4182 1558 4260 pontificatus
1572 4183 1677 4246 nostri
1692 4197 1780 4246 anno
1792 4185 1911 4262 primo.

1232 4532 1283 4591 Ad
1296 4531 1450 4593 ceratem
1466 4532 1591 4594 Tittettt
1604 4535 1734 4605 Aquen.
1751 4533 1919 4594 dioecesis.

1470 4634 1505 4691 lo
1516 4633 1577 4708 jen.
1596 4634 1675 4692 lili.

1215 4739 1325 4804 [liegest.
1338 4739 1383 4792 lib.
1395 4741 1415 4800 1,
1428 4739 1503 4806 epist.
1517 4740 1570 4790 itt.
1587 4740 1644 4792 llss.
1655 4741 1693 4791 Le
1705 4739 1780 4790 Porte
1794 4739 1830 4791 du
1839 4740 1934 4806 Theil.]

326 4866 448 4937 catum,
466 4864 502 4925 ut
516 4861 576 4925 tibi
593 4861 634 4924 de
647 4861 852 4937 benignitate
867 4861 960 4923 Sedis
979 4863 1122 4941 Aposto·
1177 4871 1292 4931 llendet
1306 4879 1337 4930 ut
1349 4873 1518 4931 electionem
1532 4872 1683 4931 abbatisse
1696 4873 1864 4931 monialium
1878 4875 1906 4932 S.
1918 4875 1974 4932 ila·

326 4963 399 5025 licae
416 4961 598 5024 concedere
612 4961 837 5037 dignaremur,
855 4960 940 5038 quod
952 4977 1054 5023 unum
1068 4962 1122 5024 rel
1211 4963 1261 5019 rie
1275 4961 1479 5020 delaecione
1491 4962 1608 5021 cisterc.
1622 4962 1684 5020 ord.
1693 4961 1882 5021 devolunmte
1891 4961 1973 5020 ebbe·

1178 4083 1327 4146 sessione
1346 4085 1502 4161 gaudere.
1524 4087 1644 4148 Datum
1661 4087 1829 4160 Laterani,
1845 4089 1875 4150 V
1896 4087 1973 4152 idus
2089 4127 2090 4132 =

325 5062 408 5124 duos
423 5061 464 5123 de
479 5059 610 5123 clericis
626 5058 832 5122 beneficiatis
852 5057 886 5118 in
901 5059 957 5121 tua
972 5059 1119 5133 dioecesi,
1210 5049 1291 5108 dede
1301 5049 1599 5110 G⁰lumb³li⁸itflt⁰ti³
1610 5067 1709 5110 etrum
1725 5057 1882 5125 peractam,
1894 5053 1918 5110 εἰ
1933 5050 1973 5108 (¹⁰
2089 5045 2090 5094 t

325 5157 1116 5226 cumnecessehabueris,tecumvaleasretinere.
1211 5154 1334 5212 P⁰f⁸⁰¹¹³
1348 5139 1451 5198 id⁰¹¹0³
1466 5140 1604 5199 ⁰³¹¹⁰¹¹¹⁰⁰
1623 5139 1765 5200 0⁰¹⁶bf³i⁸
1780 5138 1876 5211 suem»
1902 5155 1971 5200 0⁰¹¹·

325 5260 394 5320 Nos
407 5259 517 5320 autem
527 5257 593 5318 tuis
604 5255 756 5334 precibus
769 5255 966 5327 annuentes,
978 5255 1121 5332 benigne
1210 5227 1313 5286 firmet·

326 5355 387 5417 tibi
399 5355 611 5418 concedimus
629 5353 807 5431 postulata,
825 5352 902 5414 dum
921 5353 1033 5414 tamen
1056 5353 1121 5430 ipsi
1215 5355 1394 5430 Honorius,
1412 5356 1488 5428 ete,
1504 5355 1625 5419 dilecto
1639 5355 1707 5418 tilio
1722 5354 1836 5418 abbati
1847 5355 1971 5418 Tilietti

326 5451 439 5514 clerici
455 5469 514 5531 per
529 5451 732 5514 sufficientes
751 5451 895 5512 vicarios
913 5451 946 5512 et
964 5450 1120 5513 honestos
1175 5455 1301 5531 Aquen.
1319 5453 1484 5516 dioecesis.

326 5549 476 5612 ecclesiis
492 5550 560 5611 suis
576 5549 738 5613 deserviri
763 5548 887 5610 iaciant
905 5547 1061 5626 quamdiu
1085 5549 1119 5610 in
1216 5553 1264 5611 Ex
1278 5553 1372 5627 parte
1387 5550 1557 5628 priorissae
1575 5567 1613 5612 ae
1636 5551 1830 5613 monialium
1850 5547 1971 5612 sanctae
