4200 6394
124 313 183 376 53
536 273 1022 372 v.-1uissuuprrone
1047 307 1200 370 naara
1229 307 1392 370 ulain.
1759 307 1798 370 ni

128 469 270 550 spiritu
285 470 319 532 et
332 467 471 532 veritate
483 469 555 532 reri
565 469 663 547 atque
676 467 805 531 veracis
816 467 947 530 Domini
1001 466 1143 539 Domini,
1164 466 1198 529 et
1211 465 1285 544 ipsa
1298 465 1415 528 domus
1430 464 1561 527 Domini
1575 464 1626 527 est
1638 464 1797 542 ternplum

130 585 225 634 sese
253 567 447 646 profiteatur
468 567 634 637 ancillam,
653 566 854 638 desiderans,
872 581 949 642 spe-
1001 565 1170 637 sanctum,
1195 563 1365 636 videlicet,
1393 562 1434 624 ab
1463 562 1672 624 immunditia
1699 563 1796 639 pani-

130 683 229 728 rans
246 666 279 728 et
292 666 464 744 postulans
487 665 560 727 fieri
584 665 648 726 sibi
669 665 849 727 secundum
865 679 945 725 rer·
1000 664 1053 724 tus
1066 663 1223 723 alienum.
1235 661 1388 722 Mirabile
1401 661 1436 722 in
1447 661 1796 739 aequitateAEcquitas

130 763 225 826 burn
237 763 467 841 promissionis
483 765 565 839 aJ'us.
1001 761 1052 822 est
1070 775 1114 822 ex
1135 775 1229 837 aequo
1252 775 1312 821 sua
1327 759 1445 836 cuique
1464 758 1619 831 tribuere,
1642 760 1675 821 at
1695 760 1797 820 Beata

182 861 282 924 Unda
300 861 441 937 legimus
455 860 540 938 quod
561 859 626 922 tria
649 858 815 920 mirabilia
837 859 945 920 mira·
1000 859 1107 919 Maria
1123 858 1244 919 dicitur
1254 857 1411 934 templum
1424 857 1577 918 mirabile
1590 859 1627 918 in
1642 858 1796 935 aequitate

130 959 263 1020 biliam
277 961 371 1021 actor
391 959 547 1036 operatus
570 958 676 1020 estin
697 959 799 1019 Beata
823 957 943 1018 Maria.
1000 957 1097 1033 quod,
1115 959 1181 1018 Deo
1205 955 1412 1017 inhabitante
1433 956 1466 1018 et
1486 957 1644 1033 operante
1660 956 1694 1016 in
1709 956 1794 1032 ipsa,

133 1057 373 1134 integritatem
406 1054 578 1117 munditiae
608 1054 806 1117 mirabiliter
838 1055 946 1115 susci·
1000 1070 1060 1114 sua
1075 1054 1192 1116 tribuit
1210 1057 1289 1126 Deo,
1309 1053 1435 1129 pariter
1453 1054 1582 1130 angelis
1603 1055 1637 1114 θῖ
1650 1053 1797 1115 homini-

16 1195 19 1200 ·
131 1155 239 1228 tavit,
268 1154 304 1216 ut
326 1169 405 1216 arca
433 1155 636 1216 Testamenti
660 1170 743 1216 auro
764 1154 944 1230 purissimo
999 1152 1072 1213 bus.
1099 1155 1165 1213 Deo
1187 1150 1304 1213 tribuit
1322 1151 1467 1212 animam
1489 1152 1523 1214 et
1541 1167 1659 1228 corpus
1681 1167 1794 1227 suum;

136 1254 333 1328 tegeretur3
360 1252 538 1328 puritatem
566 1252 753 1328 virgineam
779 1251 946 1328 potentia-
999 1248 1128 1326 angelis
1140 1250 1357 1326 repletionem
1368 1249 1551 1310 coelestium
1569 1250 1708 1318 sedium,
1721 1265 1795 1326 quae

133 1351 222 1412 liter
235 1349 449 1422 ioeoundavit,
466 1350 503 1412 ut
516 1349 620 1410 rubus
635 1349 756 1412 ardens
771 1365 838 1410 non
854 1365 945 1410 corn-
998 1347 1231 1410 remanserant
1257 1361 1372 1408 vacuae
1404 1345 1617 1422 peccantibus
1645 1345 1792 1422 angelis3

133 1447 338 1524 bureretur;
354 1447 422 1509 ima
438 1447 591 1524 supernis
605 1446 823 1509 ineffabiliter
836 1461 943 1524 oopu-
999 1444 1189 1506 bominibus
1202 1443 1347 1506 reddidit
1358 1443 1560 1520 paradisum.

134 1546 241 1619 lavit,
279 1546 315 1608 ut
349 1545 441 1608 scala
473 1545 575 1608 Jacob
609 1545 776 1608 mediante
810 1546 944 1606 terrena
1038 1542 1203 1604 Mirabilis
1223 1543 1274 1604 est
1292 1556 1371 1617 ergo
1386 1541 1487 1602 Beata
1502 1541 1610 1602 Maria
1629 1539 1665 1601 in
1684 1540 1792 1617 aequi-

135 1643 334 1706 coelesiibus
359 1643 545 1704 unirentur.
577 1642 656 1705 Tria
681 1643 776 1704 nobis
805 1642 945 1704 contulit
998 1640 1077 1713 tate,
1095 1639 1181 1717 quod
1200 1639 1381 1717 peripsam
1395 1639 1429 1700 et
1446 1639 1597 1702 coelestes
1617 1637 1712 1700 sedes
1733 1653 1793 1698 re-

137 1741 341 1804 ioecunditas
376 1743 486 1803 Beatae
521 1741 648 1804 Mariae.
671 1741 801 1804 Avertit
827 1744 944 1818 jngum
999 1738 1140 1816 plentur,
1162 1738 1195 1800 et
1214 1736 1365 1798 homines
1386 1736 1541 1814 paradiso
1560 1735 1743 1798 redduntur
1762 1735 1796 1796 et

138 1839 347 1916 captivitatis
362 1839 672 1916 antiquae3remisit
683 1840 768 1900 iram
782 1838 942 1914 indigna·
998 1836 1164 1897 daemones
1189 1835 1414 1896 conteruntur.
1440 1837 1511 1896 Hoc
1534 1833 1614 1896 satis
1641 1831 1795 1894 mirabile

136 1937 244 1999 tionis
257 1936 398 2012 divinae3
414 1936 536 1998 delevit
551 1936 663 1998 notam
677 1936 863 2014 iniquitatis
878 1937 943 1996 bu·
998 1934 1049 1994 est
1063 1933 1135 1994 fieri
1151 1948 1210 2010 per
1225 1948 1325 1994 unam
1340 1932 1495 2010 puellam,
1512 1931 1618 1992 sedin
1632 1931 1676 1992 iis
1691 1931 1796 1992 atten-

137 2049 261 2094 manaa.
998 2031 1105 2092 dimus
1120 2031 1312 2108 operantem
1331 2030 1390 2091 Dei
1404 2029 1596 2107 potentiam.
1614 2027 1707 2090 Unde
1725 2030 1796 2089 An-

180 2130 362 2207 Sequitur:
378 2131 482 2192 Beata
505 2131 612 2192 Maria
635 2129 699 2192 init
721 2130 823 2192 turris
845 2129 943 2192 lorti-
997 2129 1091 2205 gelus
1109 2143 1313 2204 cognoscens
1328 2128 1421 2200 talia,
1438 2142 1512 2188 eam
1525 2125 1795 2190 reuerentissimo

136 2227 277 2300 tudinis,
291 2228 379 2304 quod
391 2228 477 2288 nibil
490 2228 595 2306 potuit
607 2229 763 2290 inimicus
778 2228 942 2304 prolicere
998 2226 1156 2288 salutauit
1167 2227 1280 2288 dicens
1293 2248 1301 2286 ε
1315 2229 1388 2288 Ave
1401 2225 1519 2302 aratu
1527 2229 1682 2298 ptem...

137 2327 174 2388 iu
196 2342 248 2387 aa.
275 2326 368 2387 Unde
392 2326 452 2388 tali
477 2326 574 2388 modo
595 2327 703 2404 potest
716 2326 855 2388 formari
870 2327 942 2388 baec

138 2423 320 2486 salutatio:
337 2425 406 2486 Are
422 2424 531 2499 gratia
551 2425 659 2502 plena,
675 2440 737 2486 ave
752 2425 855 2485 turris
872 2423 943 2484 ior·

137 2521 302 2584 titudinis.
315 2522 361 2582 ne
382 2522 547 2599 quatum
565 2522 723 2584 salomon
743 2521 940 2583 incautius
1377 2473 1413 2561 V

139 2619 351 2682 amasium
377 2640 384 2680 ²
411 2620 507 2681 SM
539 2619 651 2682 ‘W
675 2623 788 2682 Μυῖα
820 2623 941 2680 ⁶⁰²²“m
996 2661 1128 2721 1.-1u
1148 2659 1448 2721 assunrrroua
1468 2660 1619 2720 enirm
1640 2631 1794 2719 unnim

138 2717 253 2789 tuum,
275 2731 352 2791 quoe
372 2717 543 2789 oedtitcdtd
563 2717 616 2778 cst
636 2733 716 2779 oum
737 2731 941 2794 propupdu·
1289 2767 1480 2827 VIRGINIS

137 2817 221 2878 cutis
246 2817 321 2876 mis
334 2831 346 2887 ,·
373 2817 464 2876 mute
495 2818 604 2890 stupet
629 2816 780 2890 pendent
808 2829 854 2876 em
882 2829 937 2878 cu,
1482 2809 1491 2824 ’

138 2915 248 2976 omnis
280 2913 466 2974 amusium
491 2913 638 2986 fortium
675 2910 782 2991 (dant.
813 2927 861 2985 rv,
891 2913 938 2994 4).
1035 2917 1301 2978 intrauithsus
1315 2919 1353 2977 iu
1371 2918 1541 2990 quoddam
1559 2915 1744 2986 custodum,
1759 2916 1794 2976 et

137 3011 207 3071 Hoc
231 3009 352 3070 dicitur
375 3009 416 3069 ad
441 3023 607 3086 sponsam,
631 3009 718 3072 idest
741 3009 937 3085 Ecclesiam,
992 3017 1119 3076 multer
1139 3017 1296 3087 quiedam
1323 3014 1465 3074 Martha
1490 3015 1628 3074 uomtue
1656 3013 1794 3088 coacepit

137 3110 231 3184 cnjus
255 3107 353 3183 caput
375 3108 425 3167 est
449 3106 609 3178 Christus,
636 3108 784 3170 membra
809 3109 936 3182 iideles,
993 3115 1088 3174 idum
1102 3115 1139 3173 tu
1153 3115 1408 3174 domumculam
1424 3111 1517 3190 (Luc.
1533 3127 1567 3182 x,
1584 3107 1649 3189 38).

138 3205 259 3267 collnm
273 3205 375 3267 Beata
389 3203 508 3272 Maria,
523 3204 620 3282 quod,
639 3205 725 3267 sicut
737 3222 797 3282 per
816 3207 938 3269 collum
1034 3210 1124 3271 Solet
1138 3210 1243 3287 quaeri
1258 3208 1484 3286 aquibusdam
1495 3223 1598 3286 quare
1615 3208 1678 3268 boo
1690 3223 1790 3268 eran·

138 3304 236 3381 caput
259 3301 413 3381 jungitur
440 3301 612 3375 membris,
639 3303 696 3364 ita·
714 3319 774 3380 per
800 3306 936 3368 Beatam
992 3307 1651 3384 galiumlegiturinAssumptioneBeatae
1660 3305 1788 3376 Mariae,

138 3402 278 3464 Mariam
307 3399 498 3462 bominibus
520 3400 674 3477 jungitur
707 3403 806 3463 Deus.
835 3405 937 3466 Beata
993 3421 1066 3466 cum
1079 3421 1147 3466 non
1160 3406 1314 3468 videatur
1328 3405 1370 3467 ad
1382 3404 1475 3466 illam
1490 3404 1668 3480 pertinere.
1686 3403 1749 3464 Sed
1762 3401 1791 3462 si

137 3500 243 3562 Maria
267 3499 330 3561 init
362 3498 448 3560 sicut
473 3498 575 3560 turris
601 3498 696 3560 sortis
724 3499 880 3564 videlicet
905 3502 939 3564 et
992 3502 1170 3578 diligenter
1183 3504 1403 3575 attendamus,
1423 3503 1537 3580 aperta
1552 3500 1691 3561 veritate
1706 3514 1789 3574 cog-

137 3597 432 3676 inexpugnabnlis,
458 3597 620 3658 aedificata
646 3613 721 3658 cum
747 3614 936 3677 propugna-
992 3601 1169 3674 noscimus,
1201 3602 1302 3678 quod,
1329 3599 1486 3676 quidquid
1515 3597 1637 3659 dicitur
1662 3597 1698 3656 in
1725 3597 1790 3656 boc

139 3697 221 3758 culis
241 3697 322 3767 suis,
337 3695 433 3766 idest,
448 3695 642 3772 angelorum
655 3696 831 3772 praesidiis.
844 3698 937 3759 Mille
991 3699 1175 3774 evangelio,
1200 3700 1306 3759 totum
1330 3712 1389 3774 per
1410 3696 1604 3775 mysterium
1631 3693 1788 3756 conuenit

139 3793 244 3870 clypei
259 3792 402 3870 pendent
421 3808 464 3852 ex
481 3808 531 3864 ea,
546 3792 641 3865 idest,
658 3793 763 3854 multa
787 3795 935 3871 prophe·
990 3796 1100 3856 Beatae
1114 3796 1256 3872 Virgini.

138 3892 243 3952 tarum
267 3889 455 3952 testimonia
475 3889 509 3950 in
530 3889 602 3966 ipsa
619 3891 651 3950 et
665 3890 843 3966 peripsam
858 3891 935 3953 sunt
1029 3894 1182 3956 riitraou
1206 3899 1308 3956 dcsus
1332 3897 1370 3955 tu
1398 3896 1566 3968 nicoddum
1600 3892 1787 3953 castellum.

138 3987 495 4050 consummataonnis
504 3987 674 4048 armatura
682 3986 933 4062 sortiumidest,
989 3991 1091 4052 Beata
1113 3992 1221 4054 Maria
1243 3993 1293 4054 est
1310 3991 1494 4064 castellum,
1516 3991 1631 4067 inquo
1651 3987 1789 4050 intrauit

139 4085 241 4147 omnis
252 4085 357 4146 virtus
371 4085 571 4156 sanctorum,
587 4085 672 4162 quod
686 4087 719 4147 et
732 4101 846 4147 ornnes
862 4103 936 4164 pro·
988 4088 1006 4148 J
1009 4102 1097 4162 esus,
1111 4091 1241 4168 quando
1256 4088 1432 4151 inclinavit
1445 4088 1546 4150 coelos
1561 4088 1595 4149 et
1605 4085 1787 4158 descendit,

138 4182 933 4262 phetaeillitestimoniumreddiderunt,etomnes
989 4191 1083 4263 idest,
1112 4189 1243 4266 quando
1268 4187 1413 4250 Verbum
1437 4201 1515 4247 caro
1536 4184 1659 4245 iactum
1681 4183 1732 4244 est
1755 4183 1789 4245 et

136 4282 273 4343 uirtutes
300 4281 335 4341 in
358 4279 418 4340 illa
443 4281 538 4358 quasi
560 4295 653 4342 arma
677 4280 821 4344 suerunt.
839 4283 933 4344 Unde
988 4287 1151 4349 habitavit
1171 4287 1207 4348 in
1231 4284 1338 4356 nobis,
1355 4281 1600 4357 sicutAngelus
1622 4280 1672 4340 illi
1694 4295 1786 4356 prae-

137 4379 256 4440 missus
280 4378 321 4440 ad
345 4393 419 4439 eam
442 4378 670 4454 archangelus
691 4379 933 4443 officiosissime
988 4385 1137 4447 dixerat:
1163 4384 1316 4457 spiritus
1338 4379 1486 4442 Saucius
1506 4378 1729 4453 superpendat
1749 4381 1788 4438 tu

137 4479 230 4554 atque
258 4475 469 4538 devotissime
496 4476 730 4538 salutationem
758 4479 931 4554 praemisit.
988 4476 1787 4554 caetvirtusAtttsstmiobumbrobi'ttibt.Quod

138 4575 270 4658 Plenam
285 4573 401 4649 gratia
416 4573 600 4635 nominavit
614 4573 727 4636 dicens
745 4595 752 4636 ι
768 4579 933 4654 Αυθθνα-
987 4581 1150 4642 crueretur
1175 4591 1221 4639 ccc
1240 4579 1272 4638 tc
1300 4577 1470 4646 salictum,
1495 4574 1677 4635 accubitor
1694 4575 1787 4645 filiius

138 4674 183 4735 lia
201 4677 313 4746 Plena,
336 4675 504 4733 Dorulaus
526 4672 649 4734 tectum.
987 4682 1049 4740 Dei
1065 4675 1159 4756 (Luc.
1175 4691 1198 4748 1,
1215 4674 1280 4754 35),
1299 4675 1335 4736 ut
1349 4674 1435 4735 sicut
1449 4689 1509 4749 per
1523 4671 1680 4732 laminam
1696 4685 1786 4731 mors

174 4771 252 4831 Item
274 4772 376 4831 Beata
392 4769 499 4830 Maria
520 4769 571 4831 est
592 4769 708 4831 domus
731 4771 929 4845 sanctitatis,
986 4775 1169 4836 intravitin
1186 4773 1310 4840 orbem,
1324 4772 1372 4833 ita
1386 4787 1446 4848 per
1460 4770 1632 4832 mulierem
1647 4769 1788 4830 vitare-

138 4868 218 4929 sicnt
237 4867 318 4929 dicit
336 4867 458 4930 David:
475 4871 693 4942 chtcbtmur
708 4872 744 4929 tu
760 4873 855 4931 bouis
866 4875 929 4932 do·
985 4873 1072 4934 diret
1086 4873 1120 4933 in
1136 4871 1261 4932 orbem.
1275 4872 1315 4931 Et
1327 4870 1401 4930 ideo
1417 4869 1503 4945 quod
1519 4867 1688 4928 damnavit
1703 4867 1782 4937 Eva,

136 4982 209 5028 mrus
219 4967 304 5037 tum·
317 4966 475 5026 salictum
488 4967 540 5026 cst
554 4967 718 5040 temptum
733 4968 842 5041 tuum,
858 4973 928 5031 mi·
985 4971 1128 5032 salvarit
1142 4970 1260 5041 Maria,
1272 4967 1307 5030 ut
1315 4967 1498 5027 undemors
1512 4964 1692 5035 oriebatur,
1707 4963 1785 5024 inde

136 5068 236 5126 ratde
259 5067 297 5125 tu
315 5063 477 5136 equitate
493 5060 598 5141 (Psal.
621 5079 712 5136 mv,
732 5063 777 5144 5).
798 5066 929 5129 Fideles
983 5069 1052 5131 rita
1072 5067 1274 5143 resurgeret.
1293 5067 1367 5142 ipsa
1386 5079 1526 5142 namque
1541 5064 1592 5124 est
1610 5060 1784 5123 castellum

136 5162 301 5240 replentur
327 5160 424 5222 bonis
450 5160 568 5238 domus
602 5163 749 5232 Domini,
776 5165 861 5241 quod
889 5167 929 5228 de
985 5165 1112 5228 Summi
1128 5164 1240 5240 Regis,
1258 5163 1344 5241 quod
1363 5162 1426 5223 fuit
1440 5160 1673 5238 praemunitum
1685 5173 1785 5234 ange·

137 5260 337 5338 plenitudine
347 5259 465 5336 gratiae
478 5274 551 5336 quae
562 5258 670 5321 initin
683 5263 800 5333 Maria,
815 5279 928 5325 omnes
983 5263 1090 5325 lorum
1108 5261 1279 5324 custodiis.
1304 5263 1340 5321 ln
1358 5259 1421 5338 hoc
1439 5258 1507 5320 tam
1527 5256 1631 5317 nobili
1646 5256 1782 5317 castello

137 5359 331 5436 accepimus.
347 5359 432 5418 Nam
448 5357 477 5418 si
493 5357 599 5419 omnis
615 5357 785 5434 plenitudo
800 5361 927 5422 divini·
982 5361 1053 5434 Dei,
1070 5360 1150 5423 licet
1164 5360 1268 5421 multa
1282 5359 1458 5420 videantur
1473 5353 1695 5426 admirabilia,
1706 5369 1785 5431 qua·

136 5457 207 5519 tatis
217 5457 250 5518 et
262 5455 379 5532 gratiae
393 5456 427 5516 in
442 5455 583 5528 Christo,
601 5457 634 5517 et
644 5455 795 5518 Christus
810 5458 845 5518 in
860 5461 928 5520 Ma·
981 5460 1058 5522 tuor
1076 5461 1188 5521 tamen
1202 5459 1323 5519 uestrae
1343 5453 1546 5516 fraternitati
1567 5453 1784 5530 proponimus

137 5555 193 5626 ria,
206 5553 314 5616 omnis
330 5553 501 5631 plenitudo
517 5553 701 5616 divinitatis
717 5554 749 5615 et
760 5557 876 5631 gratiae
892 5558 926 5618 in
982 5558 1191 5629 attendenda,
1206 5554 1362 5619 uidelicet
1372 5569 1503 5614 murum
1516 5553 1548 5615 et
1559 5552 1779 5622 antemurale,

138 5652 247 5714 illaria.
271 5651 414 5714 Proinde
428 5651 631 5729 replebimur
645 5653 680 5714 in
698 5651 795 5714 bonis
810 5655 926 5716 domus
980 5658 1104 5720 turrem
1120 5657 1152 5718 et
1164 5653 1424 5732 propugnacula.
