4162 6424
115 255 174 316 ros
741 253 1069 317 anteuolans.
1093 251 1134 314 n.
1703 256 1763 316 noe
1817 213 1820 222 ’

296 362 305 392 t

114 415 215 492 guine
249 415 360 494 adepti
387 416 479 488 sunt,
505 416 583 478 eta
617 415 819 494 quotidianis
850 429 910 493 pa·
964 410 1203 490 araplentibus
1224 410 1405 484 tuerentur,
1422 408 1603 490 fierentque
1618 429 1679 490 per
1699 415 1763 476 hoc

13 489 16 530 ζ
114 529 276 590 generum
291 513 470 575 detendunt
482 513 680 586 incursibus,
698 529 733 574 se
758 511 910 575 omnibus
964 513 1030 573 Deo
1047 510 1079 572 et
1095 507 1283 572 hominibus
1291 509 1466 586 gratiores,
1481 525 1546 572 nou
1554 509 1600 573 ita
1611 510 1646 574 in
1653 511 1763 576 eccle-

13 599 16 630 ⁴
115 611 272 687 periculis
287 609 512 688 subiicientes,
526 611 568 672 ab
582 611 747 686 universis
762 610 909 688 ejusdem
963 607 1031 668 sias
1060 607 1092 668 et
1117 622 1277 684 personas
1304 606 1548 668 ecclesiasticas
1574 607 1759 682 desaeviret,

114 709 212 770 terrae
222 709 340 770 incolis
351 709 571 786 praesentibus
586 708 759 780 etsuturiS,
772 708 909 770 liberam
963 719 1025 765 nec
1048 719 1123 765 cum
1147 703 1260 780 impio,
1277 719 1377 780 super
1392 704 1508 766 cedros
1521 704 1639 766 Libani
1662 706 1761 766 exal-

13 825 17 852 0
115 806 319 883 percipiendi
352 806 498 868 decimas
522 807 646 868 eisdem
681 805 838 869 fratribus
869 807 909 868 de
962 802 1062 874 tatus,
1079 801 1259 863 comminui
1284 803 1478 862 mereretur.
1497 802 1690 867 Sicutenim
1705 819 1765 866 ve-

13 964 17 972 ,
114 919 279 964 consensu
293 903 433 980 capituli
447 905 555 966 nostri
570 905 794 966 concessimus
809 903 911 965 facul·
963 899 1124 960 nerabilis
1140 898 1244 962 frater
1265 900 1378 960 noster
1399 899 1572 977 episcopus
1588 897 1634 980 (c)
1655 902 1688 962 et
1711 903 1764 963 di-

13 1021 16 1060 t
112 1001 229 1075 tatem3
246 1016 286 1062 eo
300 1002 412 1062 tamen
428 1003 566 1079 excepto
581 1002 666 1081 quod
684 1000 714 1062 si
733 1005 909 1078 Hungaros
964 996 1040 1058 lecti
1054 996 1115 1058 filii
1130 997 1311 1075 capitulum
1325 997 1537 1060 Nannetense
1556 999 1651 1073 gravi
1666 999 1762 1062 nobis

13 1133 17 1146 ·
112 1097 165 1158 rel
182 1098 312 1159 siculos
331 1098 372 1159 ad
393 1098 514 1160 dictam
529 1099 652 1161 terram
664 1099 809 1161 transire
825 1113 909 1160 con·
965 1094 1444 1172 conquestionemonstraruut,
1455 1095 1762 1173 praedictuscomes,

13 1231 17 1276 3
112 1194 239 1270 tigerit,
264 1195 360 1256 nobis
389 1196 539 1258 ecclesiae
565 1198 688 1260 nostrae
710 1198 746 1258 in
773 1196 909 1258 decimis
963 1194 1054 1270 ipsos
1078 1192 1110 1256 et
1134 1192 1258 1254 terram
1285 1209 1358 1270 quae
1382 1192 1423 1253 ad
1446 1207 1560 1254 eorum
1588 1194 1763 1256 ecclesiam

13 1333 16 1360 ,
113 1293 292 1353 teneantur
316 1293 527 1370 respondere.
559 1294 787 1358 Institutiones
808 1295 909 1356 etiam
965 1289 1108 1366 pertinet
1134 1289 1361 1366 multipliciter
1391 1306 1591 1368 persequens
1620 1291 1653 1353 et
1677 1291 1765 1353 affli-

114 1388 322 1452 sacerdotum
345 1389 382 1451 in
421 1392 573 1453 ecclesiis
606 1393 641 1452 in
673 1392 788 1454 eadem
821 1393 909 1454 terra
963 1403 1062 1463 gens,
1092 1386 1203 1448 banna
1232 1387 1264 1449 et
1290 1387 1427 1448 assisias
1449 1403 1508 1464 per
1537 1389 1763 1465 usurpationis

113 1487 328 1559 aedificandis,
357 1489 615 1564 praesentatione
649 1490 760 1551 tamen
795 1504 909 1550 eorum
965 1484 1145 1561 potentiam
1160 1483 1195 1545 in
1221 1484 1427 1546 Nannetensi
1442 1484 1546 1546 edidit
1566 1486 1711 1558 civitate,
1728 1487 1764 1547 in

116 1582 340 1645 Uitrasilvano
361 1584 515 1661 episcopo
530 1583 909 1658 taciendalibereccn-
964 1597 1100 1657 gravem
1124 1581 1274 1644 ecclesiae
1303 1598 1344 1644 ac
1371 1581 1543 1644 hominum
1557 1600 1695 1645 suorum
1710 1584 1765 1646 in-

13 1729 14 1732 ,
115 1678 268 1741 cedentes
297 1701 304 1738 ι
334 1681 381 1743 ita
416 1681 529 1743 tamen
564 1682 650 1759 quod
675 1681 910 1760 prenominati
959 1679 1086 1756 ,iuriam
1109 1679 1143 1742 et
1164 1679 1342 1757 jacturam,
1370 1681 1403 1741 et
1428 1680 1470 1742 ad
1491 1680 1628 1759 majoris
1645 1681 1764 1758 flagitii

13 1829 14 1834 ,
113 1774 234 1838 tratres
249 1777 344 1840 nobis
359 1780 392 1841 et
403 1779 652 1841 successoribus
672 1781 808 1848 nostris,
825 1779 853 1840 si
869 1780 909 1841 ad
965 1777 1144 1849 cumulum,
1174 1763 1324 1838 homines
1353 1777 1509 1839 innoxios
1535 1779 1690 1856 capiens,
1723 1779 1765 1841 ad

13 1863 15 1870 ’
113 1875 225 1948 partes
241 1874 317 1936 illas
333 1892 393 1936 nos
413 1877 621 1953 contingeret
636 1877 817 1949 declinare,
834 1893 909 1939 cum
965 1873 1223 1953 redemptionem
1245 1874 1403 1952 injustam
1423 1876 1614 1952 compellit;
1641 1891 1703 1938 nec
1721 1877 1764 1938 iis

13 2027 14 2030 ,
106 1970 200 2045 justo
228 1972 262 2031 et
284 1974 445 2034 canonico
482 1975 745 2050 equitaturorum
771 1989 910 2035 numero
965 1971 1139 2032 contentus
1154 1973 1278 2032 terram
1307 1986 1422 2033 eorum
1447 1973 1589 2034 etvillas
1604 1990 1663 2050 per
1685 1973 1766 2034 sub-

13 2137 14 2140 ,
110 2064 254 2130 debitam
270 2069 451 2130 exhibeant
460 2069 715 2147 depositionem.
727 2073 909 2131 Causarum
966 2066 1051 2128 ditos
1084 2083 1162 2128 suos
1191 2067 1314 2145 praedis
1343 2069 1376 2130 et
1404 2069 1568 2131 incendiis
1599 2069 1766 2133 hostiliter

13 2159 14 2166 ’
111 2164 212 2243 eliam
229 2165 464 2240 criminalium,
480 2167 624 2228 maxime
638 2183 764 2240 earum,
781 2167 909 2244 quaead
965 2164 1128 2233 lacerans,
1154 2165 1293 2227 clericos
1322 2166 1397 2242 capi
1418 2167 1452 2229 et
1472 2167 1643 2230 verberari
1666 2169 1767 2229 mali-

112 2261 322 2326 sacerdotum
350 2263 517 2340 pertinent
538 2265 789 2342 depositionem,
814 2265 909 2326 nobis
964 2261 1049 2323 tiose
1063 2262 1223 2339 permittit
1236 2279 1276 2324 ac
1297 2263 1384 2325 tradi
1411 2265 1569 2326 custodiae
1589 2267 1763 2338 carcerali,

107 2359 361 2434 iuridictionem
387 2359 519 2437 penitus
541 2361 776 2438 relinquentes
793 2362 910 2424 Actum
965 2359 1050 2420 alias
1064 2359 1189 2421 eisdem
1200 2360 1400 2436 multiplices
1415 2361 1556 2438 injurias
1577 2361 1762 2436 inferendo,

114 2454 246 2530 publice
277 2472 366 2518 anno
394 2455 495 2518 Verbi
528 2459 696 2520 incarnati
727 2461 908 2520 MCCXIII.
965 2472 1026 2520 nec
1040 2455 1162 2518 exinde
1177 2456 1272 2518 curat
1284 2457 1488 2531 satisfacere,
1514 2458 1767 2539 pluriesrequi·

112 2553 337 2615 Praesentibus
361 2554 494 2616 domino
526 2554 704 2618 Bertholdo
739 2554 910 2617 colocensi
966 2553 1059 2615 situs.
1077 2554 1160 2627 Quia
1185 2553 1289 2629 igitur
1306 2554 1416 2615 aliena
1432 2555 1509 2616 sunt
1534 2558 1765 2633 compescendi

111 2647 373 2727 archiepiscope,
391 2652 554 2714 Rollando
564 2652 742 2729 praeposito
753 2652 909 2724 Budensi,
964 2650 1098 2719 virtute,
1127 2650 1184 2730 qui
1207 2667 1268 2712 suo
1289 2651 1366 2714 suut
1387 2651 1467 2713 vitio
1480 2652 1620 2730 inquieti
1633 2654 1764 2716 discre-

111 2747 252 2808 Nicolao
269 2747 388 2810 comite
404 2747 472 2810 lilio
492 2751 608 2827 Borcy,
626 2749 761 2812 orbatio
778 2750 909 2819 comite,
965 2748 1048 2810 tioni
1060 2749 1179 2810 restrae
1194 2764 1254 2825 per
1269 2749 1457 2826 Apostolioa
1480 2750 1603 2827 scripta
1624 2752 1765 2815 manda-

112 2845 147 2904 et
162 2844 239 2904 aliis
258 2861 356 2922 quam
378 2845 548 2922 pluribus3
572 2847 790 2924 praesentibus
810 2847 910 2910 etiam
965 2862 1038 2907 mus
1054 2847 1226 2925 quatenus,
1254 2846 1283 2907 si
1305 2849 1355 2908 est
1372 2847 1428 2917 ita,
1448 2847 1642 2928 praedictum
1655 2850 1763 2912 comi-

113 2941 285 3003 canonicis
321 2941 535 3016 AlbensibuS,
575 2944 720 3007 iloberto
756 2947 907 3018 cantore,
964 2941 1764 3024 tem,ut,abimpietatibusltujusmodiconquies-

111 3037 230 3114 Egidio
244 3039 490 3112 archidiacono
517 3043 677 3118 magistro
701 3045 832 3118 Rogero
847 3058 908 3102 ar·
964 3057 1055 3114 cens,
1072 3041 1111 3102 de
1127 3040 1257 3108 damnis
1281 3043 1314 3104 et
1337 3041 1470 3119 injuriis
1490 3043 1597 3104 eidem
1612 3045 1764 3108 ecclesiae

110 3135 321 3209 chidiacono,
362 3139 503 3214 Hugone
531 3138 779 3212 archidiacono,
821 3141 908 3200 Esau
964 3139 1088 3218 acsssuis
1101 3139 1290 3201 bominibus
1302 3139 1457 3215 irrogatis
1473 3141 1658 3204 satisfaciat
1672 3159 1764 3206 ccm-

107 3229 235 3293 domiui
260 3233 471 3295 Transilvani
499 3235 646 3312 episcopi
676 3252 848 3298 oeconomo
876 3237 909 3298 et
963 3237 1124 3313 petenter,
1150 3235 1245 3300 eleb
1269 3252 1385 3298 eorum
1413 3237 1454 3297 de
1480 3240 1601 3300 caetero
1613 3239 1760 3303 indebita

65 3361 70 3368 ·
106 3329 249 3391 caeteris
266 3330 359 3391 Nulli
380 3347 471 3408 ergo,
486 3332 562 3401 etc„
579 3335 704 3394 nostrae
726 3334 907 3395 confirma·
963 3334 1194 3396 molestatione
1216 3333 1364 3406 desistat,
1380 3335 1561 3397 monitione
1576 3338 1761 3413 praemissa,

105 3427 207 3488 tionis
241 3427 425 3504 intringere
455 3427 509 3489 vel
540 3429 573 3490 ei
611 3445 696 3490 ausu
729 3430 909 3491 temerario
964 3447 1023 3508 per
1049 3447 1226 3492 censuram
1248 3430 1520 3504 ecclesiasticam,
1538 3433 1624 3494 sicut
1633 3436 1761 3511 justum

106 3524 288 3586 contraire.
315 3524 349 3584 Si
374 3525 448 3602 quis
470 3525 592 3597 autem,
615 3526 678 3587 etc.
704 3526 824 3588 Datum
844 3529 910 3588 La·
965 3529 1075 3602 tuerit,
1093 3528 1315 3606 appellatione
1332 3529 1526 3605 postposita,
1543 3531 1761 3607 compellatis.

104 3621 217 3682 terani
241 3623 319 3682 xlll
344 3621 411 3683 kal.
442 3622 539 3696 maii,
564 3622 777 3699 pontificatus
803 3625 909 3686 nostri
963 3627 1079 3688 Testes
1102 3627 1213 3687 autem
1241 3625 1298 3703 qui
1327 3623 1461 3687 luerunt
1484 3627 1659 3702 nominati,
1677 3629 1707 3690 si
1727 3647 1763 3693 se

105 3733 198 3780 anno
212 3718 382 3782 secundos
963 3724 1083 3800 gratia,
1108 3722 1184 3785 odio
1207 3722 1260 3784 vel
1281 3723 1400 3785 timore
1429 3723 1673 3798 subtraxerint,
1701 3744 1761 3805 per

470 3844 550 3932 CCI
964 3836 1140 3883 censuram
1163 3819 1325 3893 eamdem,
1345 3819 1568 3898 appellatione
1594 3826 1758 3919 cessante,

964 3919 1090 3996 cogatis
1131 3917 1264 3980 veritati
1304 3919 1530 3981 testimonium
1571 3922 1758 3997 perhibere.

130 3985 180 4044 ’Μ
196 3985 419 4047 Hamelmum
432 3988 661 4050 ommam
678 3989 885 4064 ‘mmmm
964 4015 1055 4089 Quod
1071 4017 1099 4076 si
1112 4031 1179 4078 nou
1190 4032 1304 4078 omnes
1315 4015 1363 4078 eis
1377 4017 1598 4094 exsequendis
1607 4022 1761 4094 potueri-

394 4099 430 4156 ²⁰
446 4099 527 4172 titffl·
543 4101 623 4158 ¹²¹⁸·
963 4115 1005 4176 tis
1016 4114 1188 4182 interesse,
1198 4116 1246 4185 tu,
1259 4113 1361 4176 trater
1375 4115 1541 4191 episcope,
1556 4131 1759 4180 cumeorum

202 4201 339 4268 incoquet,
353 4204 453 4255 necnon
464 4205 508 4258 des
520 4206 591 4265 nisi,
600 4212 619 4257 t·
632 4207 699 4264 XIX·
712 4206 815 4273 u·⁶⁵⁷·]
963 4213 1068 4275 altero
1083 4229 1123 4274 ea
1134 4211 1350 4273 nihilominus
1366 4213 1573 4288 exsequaris.

105 4299 226 4382 Mandat
248 4301 378 4360 Pontifex
405 4311 435 4360 nt
459 4305 572 4362 Petrum
590 4306 744 4365 Britanniae
761 4308 907 4385 comitem,
1003 4311 1121 4373 Datum
1131 4309 1287 4372 Laterani
1299 4311 1360 4372 XII
1370 4309 1435 4370 kal.
1446 4309 1537 4385 maii,
1547 4310 1760 4390 pontificatus

138 4391 318 4448 Nannetcnsi
331 4393 460 4450 ecclesiae
472 4393 607 4451 intentum
623 4402 651 4453 ct
663 4394 809 4468 injurium,
823 4395 847 4454 si
862 4411 908 4454 ree
963 4408 1069 4470 nostpj
1084 4422 1171 4469 anno
1183 4405 1339 4470 secundo,

138 4480 178 4536 ila
191 4493 224 4536 se
238 4478 334 4548 habet,
350 4482 542 4540 ecclesiastica
555 4485 858 4557 censuracompellant
871 4485 909 4544 ad

137 4567 272 4624 ecclesie
285 4577 482 4642 competenter
495 4571 741 4630 sattelacleudum.
1308 4577 1409 4666 (1ssss

142 4676 311 4737 Honorius
324 4678 538 4756 episcopus...
552 4679 738 4742 venerabili
752 4679 906 4761 iratri(c)
1090 4723 1142 4782 Ad
1155 4721 1365 4782 *gavamm
1378 4723 1419 4781 de
1434 4723 1631 4786 Mammone-

100 4773 262 4850 episcopo
280 4775 314 4835 et
334 4773 465 4836 dilectis
487 4775 565 4837 liliis
581 4778 710 4840 cantori
732 4779 765 4840 et
779 4779 907 4856 magis-

99 4872 154 4932 tro
168 4870 304 4933 lunello
325 4872 496 4933 canonicis
516 4874 832 4948 cenomanensibus,
849 4892 907 4938 sa-
1246 4843 1281 4900 ²⁰
1295 4841 1377 4914 ⁸9¹³·
1395 4842 1474 4902 ¹²¹⁸·

99 4965 221 5028 lutem,
1071 4957 1212 5022 liturnum,
1230 4955 1317 5022 Antiq.
1331 4955 1388 5006 ltal.
1404 4956 1467 5007 bled.
1479 4957 1537 5016 eri,
1550 4973 1576 5023 p.
1585 4957 1655 5024 dib]

142 5064 178 5126 ss
195 5061 319 5126 nobilis
347 5064 400 5126 vir
414 5080 525 5127 comes
546 5067 729 5130 Britannia,
754 5065 802 5148 (p)
826 5085 908 5148 pm.
988 5057 1029 5113 lte
1043 5069 1131 5113 censu
1145 5056 1231 5114 unius
1242 5067 1347 5113 marce
1363 5053 1424 5110 nuri
1436 5053 1557 5114 debltoa
1574 5056 1660 5114 nobili
1675 5058 1736 5115 vire

98 5163 221 5226 denter
234 5163 420 5227 attenderet
431 5164 518 5243 quod
532 5165 573 5228 ad
584 5165 648 5228 hoc
658 5170 747 5229 Deus
757 5168 907 5245 potantes
1081 5143 1216 5202 ΨΜ
1231 5141 1267 5201 ‘¹⁰
1282 5143 1453 5213 ³⁸¹⁰¹⁰⁰⁰ffl
1470 5157 1547 5202 ⁸⁰⁰⁰
1565 5143 1646 5202 ¹²¹⁸·

97 5261 135 5322 in
160 5259 306 5323 ecclesia
328 5262 451 5339 posuit,
470 5261 516 5334 ut,
538 5263 708 5342 tamquam
732 5263 822 5326 cedri
845 5265 906 5327 Li·
1001 5261 1169 5324 Honorius
1180 5260 1357 5340 episcopus
1372 5255 1488 5323 servus
1499 5276 1671 5326 serverum
1686 5264 1758 5337 bei,

98 5357 191 5431 bani,
206 5373 361 5435 passeres
369 5359 579 5422 nidificantes
591 5361 628 5422 in
637 5361 729 5439 ipsis,
741 5377 906 5440 pauperes
961 5357 1080 5423 dilecto
1105 5357 1175 5423 illio
1194 5357 1299 5420 nobili
1326 5358 1399 5420 viro
1416 5361 1574 5422 savarico
1598 5359 1638 5422 de
1654 5361 1761 5424 Malo-

102 5454 433 5546 videlioetbonorum
448 5473 586 5535 operum
598 5457 709 5521 truclu
722 5458 904 5533 foecundos,
960 5457 1056 5519 leone
1069 5456 1312 5533 crucesignato
1329 5457 1391 5518 etc.

134 5593 176 5667 (cl
194 5595 355 5654 llnmellno.
395 5595 435 5670 (t)
451 5597 551 5657 Petrus
566 5599 729 5671 Drocensis,
744 5597 837 5658 dictus
852 5598 943 5659 Malus
957 5599 1086 5658 clericus.
1127 5597 1166 5674 (c)
1180 5596 1353 5672 stephanus.

233 5731 348 5778 carnot.
367 5735 439 5777 rolin
454 5722 490 5778 11.
