4200 6404
312 283 373 348 lis
774 281 952 346 BONORII
975 277 1029 368 111,
1042 283 1192 345 OPERA.
1208 311 1249 328 ·-
1271 281 1505 346 SERMONES.
1912 277 1973 340 lio

306 443 407 516 trum,
425 443 459 505 et
471 458 532 504 nos
544 439 691 504 membra
701 441 818 520 ipsius,
831 441 918 504 sicut
932 441 1031 520 caput
1043 441 1107 504 erit
1161 408 1313 505 adoravit
1320 443 1354 504 et
1363 440 1468 520 petiit.
1479 437 1626 502 Accessit
1633 435 1667 501 et
1674 453 1736 500 nos
1750 437 1971 500 accedamus.

308 541 523 614 luminosum,
538 541 584 603 ita
598 540 631 603 et
642 537 801 602 membra.
819 537 913 603 Unde
928 539 962 601 in
977 541 1108 617 Apoca-
1162 539 1369 618 Quicumque
1380 539 1450 602 vult
1463 538 1504 600 ad
1517 540 1631 602 lesum
1641 536 1974 615 accedere,quatuor

306 638 394 718 lppsi
409 638 449 702 de
465 639 594 700 Sanctis
606 641 699 702 :Noa
714 639 1107 715 egebutcttumlnetucer·
1162 639 1267 701 modis
1280 637 1428 711 accedat,
1444 635 1612 709 videlicet,
1629 651 1690 714 per
1702 634 1865 696 mundam
1882 633 1976 710 cogi·

305 753 372 810 aaa,
388 739 740 812 nepctclomtncsotts,
757 739 920 811 proiciam
938 738 1106 798 Dominus
1161 735 1332 808 tationem,
1362 750 1422 813 per
1450 734 1616 796 sinceram
1651 732 1879 804 dilectionem,
1913 746 1975 808 per

305 836 399 897 Deus
413 835 616 896 illuminabit
630 848 688 896 eos
702 831 817 910 (Apoc.
832 830 976 912 xxr1.5).
1162 833 1314 896 devotam
1340 834 1536 904 orationem,
1559 847 1618 911 per
1639 833 1764 896 rectam
1790 828 1973 909 operatio-

346 933 485 1008 oquam
501 947 656 1008 magnum
670 929 791 992 donum
810 929 861 992 est
881 929 969 991 istud
991 929 1105 991 homi·
1162 947 1249 994 nem.

306 1043 382 1090 nem
397 1028 610 1105 resplendere
625 1027 665 1089 ad
679 1025 931 1089 similitudinem
942 1026 1012 1098 Dei,
1027 1042 1105 1087 ser·
1202 1033 1267 1092 Per
1287 1028 1443 1090 mundam
1463 1027 1708 1105 cogitationem,
1734 1026 1812 1104 quia
1833 1025 1975 1103 quoties

306 1142 385 1189 vum
399 1125 610 1204 resplendere
632 1125 672 1186 ad
690 1124 943 1187 similitudinem
962 1123 1105 1197 Domini,
1162 1128 1346 1205 cogitamus
1362 1142 1486 1204 eaquae
1501 1126 1562 1187 Dei
1575 1127 1663 1198 sunt,
1680 1125 1740 1186 lux
1753 1123 1882 1186 divinae
1899 1139 1976 1200 gra·

307 1226 495 1286 creaturam
511 1222 552 1284 ad
568 1222 819 1285 similitudinem
835 1222 1011 1294 creatoris,
1029 1221 1107 1299 quia
1162 1225 1217 1290 tiae
1242 1224 1396 1288 cordibus
1415 1223 1539 1286 nostris
1554 1222 1750 1295 infunditur,
1771 1223 1806 1284 et
1820 1221 1871 1284 ita
1884 1223 1974 1300 jun-

308 1336 422 1384 omnes
432 1321 514 1400 justi
529 1321 562 1384 et
575 1320 672 1383 electi
687 1320 788 1382 talem
801 1319 987 1382 claritatem
1002 1318 1108 1380 habe·
1162 1323 1272 1400 gimur
1282 1325 1349 1386 Deo
1364 1338 1423 1402 per
1438 1320 1857 1397 mundamcogitationem.
1874 1319 1974 1382 Unde

307 1417 389 1481 bunt
404 1419 438 1480 in
453 1419 709 1490 resurrectione,
726 1417 858 1495 qualem
878 1417 1029 1480 Christus
1044 1416 1110 1478 ha·
1163 1421 1267 1483 David
1290 1421 1469 1484 :Acccdtte
1488 1421 1533 1481 ad
1561 1432 1641 1481 eum
1659 1419 1694 1480 ct
1720 1417 1976 1480 lutcmtnamtni

306 1516 379 1579 buit
405 1517 441 1577 in
465 1515 771 1591 transfiguratione.
796 1514 940 1577 Jacobus
969 1513 1109 1590 ergoet
1164 1517 1238 1598 (Ps.
1271 1521 1326 1591 33,
1354 1515 1405 1592 6),
1437 1516 1544 1591 idest,
1575 1515 1717 1592 cogitate
1743 1515 1783 1577 de
1814 1517 1910 1587 Deo,
1942 1514 1975 1576 et

307 1616 466 1686 ioannes,
480 1613 577 1686 idest,
591 1611 715 1674 bonurn
737 1629 819 1691 opus
839 1613 875 1675 et
889 1627 1016 1674 merces
1030 1609 1108 1672 boni
1164 1615 1235 1694 ipse
1262 1613 1467 1676 illuminabit
1486 1629 1557 1677 ros.
1583 1616 1648 1676 Per
1670 1613 1838 1674 sinceram
1864 1610 1976 1672 dilec-

308 1713 419 1790 operis
435 1711 552 1774 merito
572 1711 728 1774 dicuntur
749 1709 811 1773 lilii
834 1711 979 1782 Salome,
1010 1709 1106 1782 idest,
1163 1712 1287 1775 tionem
1303 1712 1501 1774 accedamus
1511 1711 1552 1773 ad
1565 1711 1686 1788 ipsum,
1697 1710 1775 1788 quia
1788 1711 1874 1786 quot
1884 1707 1974 1770 bona

308 1809 483 1872 charitatis
500 1809 577 1887 quia
592 1808 680 1870 bona
696 1824 808 1887 opera,
825 1808 858 1871 et
872 1807 1109 1886 operumretri·
1164 1809 1331 1873 desideria
1364 1809 1544 1872 secundum
1578 1810 1682 1870 Deum
1713 1807 1892 1880 habemus,
1926 1806 1974 1868 tot

308 1907 401 1970 butio
417 1923 461 1969 ex
475 1905 649 1980 charitate,
667 1906 763 1979 idest,
781 1923 824 1969 ex
846 1906 1022 1968 dilectione
1048 1903 1108 1966 Dei
1164 1907 1317 1986 passibus
1342 1907 1383 1970 ad
1412 1910 1517 1969 Deum
1551 1907 1824 1988 propinquamus.
1862 1903 1972 1967 Tanto

311 2005 470 2084 procedit.
488 2004 564 2065 Ideo
580 2021 723 2082 namque
746 2003 909 2067 servimus
930 2006 1009 2076 Deo,
1031 2003 1109 2080 quia
1164 2007 1253 2068 enim
1280 2005 1332 2067 illi
1347 2021 1461 2067 sumus
1476 2003 1740 2084 propinquiores,
1757 2003 1886 2081 quanto
1910 2018 1972 2064 su·

310 2106 414 2165 Deum
434 2101 614 2179 diligimus,
638 2101 808 2165 etidcirco
828 2118 848 2164 a
867 2105 935 2164 Deo
949 2115 1109 2163 remune-
1164 2121 1238 2166 mus
1253 2104 1409 2166 memore
1422 2102 1651 2165 ferventiores.
1665 2102 1759 2165 Unde
1769 2101 1853 2164 dicit
1861 2103 1974 2178 Apos-

309 2216 435 2273 ramur,
450 2201 562 2278 quiae
584 2203 652 2262 Deo
667 2200 849 2278 diligimur.
869 2199 963 2262 Unde
978 2201 1010 2261 et
1022 2198 1110 2261 idem
1163 2202 1252 2266 tolus
1269 2224 1276 2262 ε
1293 2205 1502 2264 Accedamus
1525 2203 1570 2262 ool
1591 2215 1671 2262 eum
1692 2213 1776 2262 acro
1799 2201 1908 2261 cordo
1935 2201 1971 2259 tn

309 2301 455 2363 loannes
484 2299 519 2360 in
543 2298 690 2376 Epistola
714 2298 795 2360 dicit
812 2320 819 2359 :
835 2301 907 2361 Nos
935 2299 1110 2374 diligimus
1161 2301 1466 2377 plectitodtneltdcl
1479 2297 1594 2380 (Hebr.
1609 2314 1644 2371 x,
1660 2296 1727 2378 22).
1743 2299 1831 2360 Vero
1852 2296 1969 2368 corde,

309 2401 433 2471 Decem,
449 2399 530 2471 guia
543 2399 617 2476 ipse
626 2399 731 2471 prior
742 2397 862 2459 ducali
882 2411 945 2458 nos
969 2393 998 2474 (l
1012 2397 1108 2457 ioan.
1164 2397 1262 2472 idest,
1278 2397 1603 2460 sinceradilectione.
1615 2393 1967 2474 Inplenitudinetidei,

310 2509 358 2567 iv,
372 2492 436 2574 19).
452 2496 492 2556 ut
506 2494 542 2554 in
556 2493 775 2572 Apocalypsi:
793 2495 856 2560 Qut
870 2494 992 2556 ddeoctt
1006 2507 1068 2554 nos
1077 2492 1111 2554 ct
1164 2496 1261 2570 idest,
1283 2495 1319 2557 in
1342 2511 1462 2572 magna
1481 2494 1712 2557 credibilitate.
1733 2496 1798 2556 Per
1812 2493 1970 2555 devotam

310 2593 395 2655 lacit
409 2607 471 2653 nos
480 2607 504 2652 a
515 2594 663 2666 pcccatis
677 2593 808 2652 nostris
820 2595 856 2653 tn
868 2593 1037 2667 sangcltnc
1048 2605 1110 2652 suo
1165 2593 1350 2658 orationem
1366 2593 1554 2656 accedimus
1564 2593 1605 2654 ad
1616 2595 1731 2665 Deum,
1744 2590 1823 2669 quia
1834 2590 1968 2668 quoties

312 2687 427 2768 (Apoc.
439 2705 462 2761 1,
479 2687 525 2768 5).
547 2690 586 2750 nt
600 2689 636 2750 in
650 2688 798 2767 Epistola
818 2689 980 2750 canonica
993 2704 1000 2749 ε
1015 2691 1109 2750 San·
1166 2707 1299 2754 oramus
1314 2691 1471 2754 debemus
1487 2691 1786 2752 mentemnostram
1801 2689 1842 2751 ad
1856 2689 1968 2767 ipsum

310 2791 389 2865 puis
414 2790 497 2848 lesu
521 2790 602 2848 bitti
619 2791 684 2849 Dci
708 2788 854 2849 mundat
872 2801 934 2848 nos
953 2789 994 2848 ob
1017 2787 1112 2848 coint
1166 2789 1307 2867 erigere,
1322 2789 1356 2852 et
1366 2789 1443 2852 ante
1455 2789 1667 2867 conspectum
1678 2787 1794 2865 gloriae
1809 2790 1886 2865 ejus
1896 2802 1969 2848 nos·

309 2875 449 2962 peccato
475 2883 503 2964 (l
528 2887 625 2948 ioan.
648 2900 672 2956 r,
696 2883 742 2964 7).
763 2886 803 2946 Et
829 2885 864 2946 in
892 2883 1109 2962 Apocalypsi:
1166 2887 1323 2964 metipsos
1349 2887 1526 2960 inclinare,
1558 2889 1591 2948 et
1616 2884 1761 2964 abjicere
1788 2885 1830 2946 de
1856 2885 1968 2946 mente

311 2983 500 3044 lteolemisti
515 2998 587 3056 nos,
608 2985 754 3045 omnine
770 2986 875 3056 Deus,
895 2984 1112 3058 insanguine
1166 2985 1280 3048 nostra
1295 3001 1409 3047 ornnes
1423 3001 1528 3047 ranas
1540 2985 1573 3046 et
1582 2985 1718 3046 nocivas
1733 2982 1966 3059 cogitationes,

313 3080 372 3142 tuo
387 3077 502 3160 (Apoc.
523 3096 554 3154 v,
571 3078 615 3159 9).
637 3083 710 3159 lpse
734 3082 821 3141 Deus
846 3079 975 3142 tantum
995 3077 1113 3140 dilexit
1167 3083 1253 3144 sicut
1267 3083 1317 3144 est
1330 3081 1412 3144 illud
1427 3082 1524 3144 Bedae
1536 3097 1571 3142 :‹
1582 3085 1696 3144 (tenua
1712 3079 1768 3142 tua
1783 3078 1967 3141 incurvasti

313 3193 386 3252 nos,
416 3177 502 3255 quod
526 3193 593 3239 non
613 3177 760 3255 pepercit
786 3177 921 3256 proprio
942 3176 1011 3239 tilio
1038 3191 1110 3246 suo,
1166 3179 1349 3250 interram,
1365 3182 1398 3242 et
1412 3195 1505 3242 mens
1519 3179 1669 3242 tuaioris
1682 3177 1968 3258 perdiversadis-

313 3275 400 3338 sicut
414 3275 494 3338 dicit
505 3275 682 3354 Apostolus
700 3278 872 3351 :Proprto
884 3275 953 3349 fillo
967 3290 1029 3337 suo
1043 3287 1113 3336 oon
1168 3279 1314 3341 currit».
1340 3279 1462 3355 Magna
1480 3279 1535 3340 ria
1551 3277 1584 3340 et
1604 3277 1705 3355 longa
1720 3276 1912 3339 accedimus
1927 3271 1967 3335 ad

312 3375 466 3449 pepercit
479 3377 584 3447 Deus,
597 3377 657 3435 scol
666 3389 734 3448 pro
749 3375 844 3436 nobis
862 3375 1019 3436 ominbus
1032 3373 1111 3433 trc—
1167 3376 1334 3438 Christum
1347 3377 1383 3438 in
1393 3375 1554 3449 oratione,
1569 3375 1700 3452 quando
1713 3389 1733 3436 a
1754 3377 1844 3436 terra
1861 3387 1966 3451 usque

313 3472 399 3536 didit
413 3475 507 3534 tbotm
520 3469 629 3552 (Rom.
646 3487 718 3544 rur,
733 3470 800 3551 32).
1168 3475 1209 3537 ad
1226 3476 1345 3537 coelum
1359 3474 1459 3536 corda
1474 3475 1588 3536 nostra
1603 3472 1772 3535 elevamus
1787 3471 1829 3534 ad
1844 3471 1965 3550 ipsum.

354 3570 454 3633 Petiit
475 3571 593 3637 Mater,
619 3571 656 3631 ut
675 3585 761 3630 unus
776 3569 921 3631 filiorum
936 3568 1068 3629 sederet
1093 3581 1112 3626 a
1168 3573 1263 3636 Unde
1291 3571 1464 3650 presbyter
1492 3571 1528 3634 in
1561 3571 1664 3632 missa
1694 3569 1803 3633 dicit:
1828 3573 1965 3631 Sursum

314 3668 440 3731 ‹lextrts
463 3670 497 3729 et
517 3667 604 3728 alius
626 3684 646 3729 a
667 3668 824 3729 sinistris.
849 3670 915 3730 Per
939 3665 1113 3728 dexteram
1169 3670 1279 3732 corda.
1296 3672 1336 3733 nt
1348 3669 1526 3748 Apostolus
1541 3690 1549 3729 ε
1566 3671 1774 3731 Accedamus
1788 3683 1868 3730 culn
1881 3669 1967 3742 fidic-

314 3765 424 3826 tutura
441 3765 510 3832 rita
534 3764 746 3841 designatur:
763 3781 822 3843 per
836 3765 1007 3827 sinistram
1022 3779 1112 3842 prae-
1168 3773 1223 3832 cio
1242 3771 1288 3830 od
1307 3769 1470 3831 tironum
1489 3771 1620 3845 gloriae,
1636 3768 1675 3830 ut
1691 3770 1966 3831 misericordiam

314 3876 392 3922 sens
408 3859 626 3936 significatur.
642 3860 736 3922 Unde
753 3875 813 3937 per
827 3860 1038 3922 Salomonem
1057 3859 1113 3920 di·
1169 3851 1963 3946 comaquamuretprattaminventamresfflebr.

316 3958 424 4024 citur:
440 3958 1115 4032 Laevaepesuocapitaneaetoectera
1169 3981 1214 4039 rr,
1239 3963 1303 4044 16),
1324 3965 1420 4039 idest,
1447 3963 1585 4038 orando,
1609 3962 1696 4026 sicut
1719 3963 1878 4025 diximus.
1904 3965 1965 4024 Per

318 4050 407 4117 illices
427 4055 685 4132 ampwoeabittlr
702 4069 759 4118 me
772 4053 879 4139 (011111
895 4069 932 4126 11,
948 4052 994 4133 6)·
1011 4053 1116 4132 Calui
1169 4064 1294 4125 reotam
1302 4063 1528 4141 operationem
1536 4061 1725 4124 accedimus
1733 4061 1775 4124 ad
1786 4061 1963 4130 Christum,

317 4154 467 4216 nostrum
482 4152 532 4215 est
547 4152 706 4215 Christus.
728 4151 794 4213 Sub
810 4150 873 4213 hoc
887 4151 996 4230 capite
1017 4152 1113 4226 laeva,
1170 4162 1247 4238 quia
1269 4160 1380 4221 nullus
1403 4161 1511 4239 potest
1531 4159 1656 4221 salvari
1678 4160 1750 4221 sine
1771 4157 1867 4222 honis
1884 4173 1963 4236 ope-

315 4251 412 4326 nest,
429 4267 576 4330 presens
591 4251 660 4318 vita
673 4248 771 4312 senet
784 4265 870 4322 esse,
881 4250 959 4328 quia
975 4249 1114 4312 minoris
1169 4259 1274 4320 ribus.
1292 4258 1385 4321 once
1405 4257 1548 4320 Jaconus
1565 4274 1573 4318 :
1591 4257 1872 4334 appropinquate
1899 4261 1976 4318 neo·

315 4351 413 4428 pretii
428 4349 525 4412 debet
541 4365 614 4411 esse
630 4349 725 4411 nobis
740 4347 1014 4427 quemchristus,
1032 4364 1116 4426 quo-
1169 4358 1203 4419 ει
1218 4355 1506 4433 appropinquabit
1520 4359 1613 4418 oobt's
1637 4355 1722 4436 (lac.
1738 4372 1782 4429 rr,
1807 4354 1853 4434 8),
1884 4351 1964 4417 idest

314 4448 404 4509 niam
424 4448 559 4526 propter
582 4464 657 4509 eum
690 4447 763 4509 haec
784 4447 865 4517 vita,
888 4447 917 4508 si
944 4462 1026 4524 opus
1051 4447 1112 4520 est.
1169 4453 1268 4516 tacite
1283 4453 1370 4517 bona
1385 4468 1498 4531 opera,
1516 4455 1549 4515 et
1562 4452 1882 4517 Deusreddetvobis
1903 4452 1963 4514 bo-

315 4544 508 4608 dimittenda
519 4545 570 4606 est
586 4561 593 4606 :
608 4545 653 4606 nt
665 4547 813 4620 doctore
829 4548 918 4606 ultus
932 4549 1115 4619 amplexo·
1169 4567 1246 4613 nam
1261 4552 1458 4625 mercedem,
1475 4551 1648 4629 dequibus
1661 4550 1741 4612 alibi
1759 4553 1963 4613 :Ftbcssiuo

316 4643 409 4704 111111·
435 4657 491 4702 me
520 4639 629 4722 (Cant-
654 4657 691 4714 11.
716 4639 762 4720 6)·
792 4641 884 4713 Quod
906 4641 1115 4718 amplexatur
1168 4647 1696 4729 opercommortuaest(iac.11,
1712 4645 1961 4730 aspicerem,

316 4739 462 4816 undique
477 4737 712 4810 circumdatur,
729 4739 762 4800 61
777 4737 897 4799 futur&
912 4737 989 4800 11111
1003 4737 1113 4801 11θᾶῒὶ-
1169 4749 1202 4810 et
1212 4747 1467 4810 nosadoremus.
1481 4747 1842 4810 Adorandusestlesus
1855 4743 1960 4813 corde,

315 4837 395 4900 tudo
418 4851 461 4898 ex
484 4836 575 4899 omni
590 4839 684 4916 parte
700 4835 868 4897 hominem
883 4835 1111 4900 circumdabit.
1169 4861 1227 4910 ore
1250 4845 1284 4908 et
1302 4861 1413 4925 opere,
1430 4845 1546 4917 Corde,
1563 4861 1623 4923 pei·
1636 4845 1844 4908 devotionem
1859 4844 1962 4922 ipsum

316 4934 479 5010 Quoniam
494 4934 549 5012 qui
566 4933 601 4995 in
614 4933 727 4996 tuturo
743 4934 811 4996 vita
827 4933 1037 4998 coronandus
1051 4936 1111 5008 est,
1168 4959 1269 5022 super
1284 4944 1396 5006 omnia
1406 4943 1585 5021 diligendo.
1603 4943 1697 5007 Unde
1707 4943 1811 5006 David
1829 4960 1837 5005 ;
1852 4943 1961 5005 Meot-

315 5033 406 5096 nullo
422 5032 602 5110 indigebit3
628 5033 685 5094 sed
701 5032 847 5114 undique
866 5033 993 5098 coelesti
1007 5033 1115 5096 beati·
1169 5043 1253 5104 talio
1272 5045 1385 5105 corate
1405 5043 1475 5104 mei
1498 5044 1535 5103 tn
1553 5041 1734 5118 conspectu
1751 5043 1809 5103 cuo
1830 5049 1963 5113 semper

315 5133 429 5194 tudine
443 5131 635 5210 replebitur.
659 5130 752 5193 Unde
766 5132 799 5193 et
812 5131 935 5192 Paulus
948 5132 995 5196 ait
1010 5153 1017 5192 :
1033 5133 1113 5193 lirtt
1169 5137 1239 5220 (Ps.
1257 5141 1305 5213 18,
1324 5139 1387 5219 15).
1409 5141 1484 5213 Ore,
1506 5155 1565 5217 per
1590 5139 1833 5201 contessionem
1858 5139 1961 5217 ipsum

315 5237 407 5294 licus
432 5235 550 5293 omitto
575 5235 612 5292 ln
638 5233 796 5292 omnibus
824 5228 853 5310 (l
872 5232 946 5291 Gor.
963 5245 1021 5304 xv,
1045 5227 1111 5309 28).
1169 5251 1268 5314 super
1282 5235 1393 5299 omnia
1406 5235 1638 5308 collaudando,
1658 5234 1744 5296 unde
1759 5234 1795 5296 in
1815 5229 1960 5313 p'salmo:

316 5328 399 5408 Quia
414 5344 493 5405 ergo
515 5343 598 5407 opus
619 5329 670 5390 est
690 5328 727 5389 in
746 5328 912 5404 11111311ῑὶ,
932 5331 965 5388 et
987 5342 1113 5390 merces
1167 5335 1384 5406 Sacrificium
1396 5333 1819 5407 mactisltocorlficabitmc
1832 5331 1899 5412 (Ps.
1913 5327 1959 5396 49.

316 5425 426 5504 operis
440 5425 572 5488 dabitur
586 5427 621 5487 in
636 5425 759 5498 tutare,
773 5425 892 5485 merito
908 5424 1045 5486 unusad
1061 5425 1112 5485 si·
1167 5429 1234 5510 23).
1267 5430 1383 5509 Opere,
1415 5447 1475 5509 per
1504 5429 1752 5494 venerationem
1778 5429 1843 5507 ipsi
1868 5436 1961 5503 super

316 5523 466 5595 sistram,
481 5522 567 5584 alius
581 5523 621 5584 ad
637 5524 806 5586 dexteram
818 5523 907 5584 stare
919 5508 1051 5584 dicitur.
1168 5528 1280 5593 omnia
1298 5528 1500 5603 famulando,
1521 5545 1588 5592 non
1613 5528 1804 5606 ecquinam
1828 5523 1958 5592 iaciunt,

356 5619 1110 5696 Moterillorumlecittria.Accessitadlesum,
1168 5626 1961 5712 quihusnominusimproperatdiccns:Populus
