4104 6392
414 230 476 289 ,731
1040 219 1215 282 HONORII
1238 219 1283 280 ΙΙΙ
1305 219 1453 280 OPERA.

420 385 624 462 agnitionem
648 381 798 445 veritatis
825 380 975 458 pervenit
993 380 1029 440 in
1044 380 1218 458 contemp·
1273 377 1466 439 infirmitate
1481 374 1680 446 contractus,
1698 376 1793 454 ipsun
1805 379 1915 448 abnuere
1922 410 1956 467 pp

421 484 492 544 tum
504 481 715 559 persequitur
726 477 956 555 Redemptcris
971 478 1004 538 et
1017 477 1058 538 de
1074 475 1220 538 tenebris
1274 476 1431 554 positurae
1459 473 1545 551 quod
1574 473 1701 534 utiliter
1724 473 1801 537 terre
1825 495 1874 540 non
1895 495 1955 560 pesp

422 581 550 642 erutam
574 577 691 639 nititur
704 575 745 638 ad
760 573 916 638 tenebras
933 572 1220 651 persecutionibus
1273 573 1447 634 absolvere
1475 571 1700 647 dignaremur,
1725 571 1859 636 iacientes
1876 581 1956 650 citent:

421 691 591 746 revocare,
618 674 675 736 sed
701 689 874 752 speramns
897 673 933 734 in
956 671 1108 742 Domino,
1132 669 1219 748 quod
1273 669 1613 749 ipsiuspraepositurae
1626 669 1822 746 proventibus
1830 679 1957 749 provisions

423 775 529 851 ipsam
554 772 640 834 ultra
663 770 695 830 id
723 770 809 848 quod
833 770 951 846 potest,
967 784 1033 830 non
1056 768 1221 846 permittet
1274 784 1454 844 congruam
1480 766 1659 843 assignari.
1688 768 1830 838 Quocirca
1855 771 1956 841 dientes·

421 869 555 939 tentari,
576 868 633 929 sed
660 867 761 928 iactet
774 883 849 928 cum
873 867 1056 930 tentatione
1078 879 1222 942 proven·
1273 869 1392 928 vestras
1419 881 1478 944 per
1502 864 1693 942 apostolica
1715 865 1823 942 scripta
1842 871 1954 936 nandans

422 967 505 1038 turn,
522 965 559 1027 ut
575 965 686 1026 valeat
699 964 878 1036 sustinere,
889 963 947 1042 qui
963 962 1220 1024 christianorum
1273 967 1449 1040 quatenus,
1474 963 1504 1024 si
1520 965 1664 1038 Brugen.
1680 963 1815 1024 ecclesia
1831 965 1958 1032 sideriten-

422 1063 542 1140 qnaerit
556 1061 740 1124 subsidium
755 1061 790 1122 in
805 1077 919 1124 eorum
940 1059 1102 1121 auxilium
1117 1060 1151 1120 et
1165 1072 1222 1119 sa·
1274 1061 1404 1137 pedire,
1431 1061 1506 1122 vice
1540 1061 1658 1122 nostra
1691 1059 1851 1122 cessionem
1873 1067 1957 1141 recipit

421 1159 540 1233 lutom3
553 1161 587 1222 et
605 1159 756 1236 quamvis
774 1157 936 1219 bonorum
951 1158 1139 1218 nostrorum
1154 1171 1221 1216 non
1275 1158 1391 1234 ipsius,
1415 1157 1513 1234 eique
1538 1157 1760 1234 provisionem
1783 1159 1911 1234 assignare
1920 1181 1957 1224 tue

422 1258 529 1333 egeat,
541 1271 584 1318 ea
598 1256 710 1318 tameo
726 1271 746 1316 a
760 1255 855 1318 nobis
867 1253 1027 1331 exposcit,
1044 1254 1081 1315 ut
1094 1253 1142 1315 sic
1157 1268 1221 1314 no-
1274 1256 1318 1316 tis
1342 1255 1382 1316 de
1398 1257 1468 1332 jam
1491 1254 1588 1315 dictae
1615 1254 1827 1330 praepositurs
1842 1263 1957 1332 proverbe

422 1353 474 1415 bis
496 1353 583 1414 filios
603 1353 663 1416 Dei
682 1353 757 1414 lieri
779 1368 849 1414 suae
868 1351 1026 1414 bonitatis
1046 1351 1221 1414 clementia
1276 1353 1527 1429 competentem,
1539 1351 1749 1428 injungentes
1759 1351 1876 1427 capitulo
1885 1357 1957 1416 uulsa

422 1451 548 1512 tribuet
570 1451 777 1528 potestatem,
798 1452 831 1512 et
848 1449 903 1510 bic
921 1449 978 1526 qui
997 1449 1029 1510 ei
1044 1449 1172 1510 servire
1187 1448 1222 1508 in
1276 1453 1488 1522 memorata,
1517 1451 1553 1511 ut
1579 1447 1669 1510 infra
1697 1449 1852 1510 terminum
1871 1467 1885 1509 a
1901 1469 1957 1512 ruo

423 1547 607 1610 subsidium
622 1548 733 1610 'lernae
748 1547 879 1608 Sanctae
894 1562 961 1607 non
976 1548 1125 1623 possunt,
1149 1544 1221 1605 sal-
1277 1549 1436 1609 statutum
1460 1527 1535 1607 cum
1557 1545 1699 1606 consilio
1722 1549 1820 1607 vestro
1843 1547 1872 1606 ds
1892 1564 1957 1624 prin

423 1647 491 1706 tem
511 1645 547 1706 in
562 1657 756 1706 succursum
783 1643 972 1705 Prntenicae
993 1643 1103 1719 gentis
1117 1641 1149 1703 ei
1164 1641 1223 1704 de-
1276 1643 1396 1706 idnnea
1411 1643 1474 1704 sibi
1489 1658 1549 1720 per
1563 1642 1957 1720 electionemcanonicanpnr-

424 1743 536 1804 votum
560 1738 741 1802 exhibeant
763 1739 970 1802 famulatum.
987 1739 1143 1812 Quamvis
1157 1738 1224 1814 igi-
1276 1741 1377 1804 deant
1404 1740 1439 1801 in
1459 1741 1640 1818 pastorem.
1667 1739 1811 1816 alioquin
1823 1755 1868 1800 vos
1886 1757 1911 1801 er
1927 1745 1956 1800 ln·

422 1841 478 1900 tur
512 1853 572 1900 vos
596 1837 668 1900 nelo
701 1837 779 1899 fidei
804 1852 845 1898 ac
873 1836 1058 1899 devotionis
1089 1836 1223 1898 accensi
1277 1843 1380 1901 Deum
1395 1837 1555 1900 habentes
1571 1853 1641 1914 prae
1658 1837 1769 1910 oculis,
1784 1837 1827 1898 eis
1843 1839 1952 1913 proritat

423 1935 526 1997 altino
540 1934 662 1996 vestris
676 1933 825 1996 humeris
840 1935 935 2011 signo
952 1934 1061 1996 crucis
1083 1933 1118 1995 in
1132 1935 1223 1995 terra
1277 1936 1500 2014 appellatione
1511 1935 1652 2006 remota,
1661 1935 1701 1995 de
1713 1933 1956 2011 personaquslsjz-

423 2030 483 2091 illa
498 2032 534 2091 in
543 2046 609 2108 qua
623 2031 776 2093 Salvator
786 2031 927 2094 salutem
940 2031 1078 2092 humani
1089 2031 1223 2107 generis
1278 2033 1366 2098 modi
1381 2011 1534 2112 dignitati
1549 2032 1756 2109 congruatis
1770 2033 1904 2108 pastorem.

424 2126 581 2202 dignatus
609 2130 661 2189 est
694 2129 841 2204 operari,
877 2128 993 2206 praelia
1025 2127 1223 2189 desideratis
1318 2131 1437 2194 Datum
1466 2133 1580 2193 Romae
1609 2128 1696 2206 apud
1714 2129 1745 2190 s.
1767 2129 1875 2190 Petrum
1892 2125 1949 2186 saul

423 2225 557 2285 bomini
585 2223 744 2301 praeliari,
772 2223 850 2301 quia
882 2225 971 2286 vires
995 2225 1029 2287 et
1049 2223 1223 2288 facultates
1279 2243 1384 2290 nonas
1398 2229 1490 2292 maii.
1505 2241 1596 2290 anno
1610 2226 1764 2288 secundo.

424 2320 519 2382 vobis
533 2337 601 2382 non
615 2321 804 2398 suppetunt,
819 2321 938 2398 quibus
951 2322 1014 2384 boc
1023 2322 1159 2400 possitis
1172 2321 1226 2384 de·

426 2417 585 2478 siderium
622 2416 820 2494 adimplere,
862 2417 1034 2481 vobiscum
1069 2419 1224 2480 duximus
1585 2386 1771 2474 CCXXVI

425 2513 695 2592 dispensandum,
717 2517 796 2576 vota
809 2516 1088 2593 peregrinationis
1102 2517 1222 2578 vestrae
1429 2533 1480 2591 Aa
1500 2533 1680 2591 ,maroam
1699 2529 1888 2589 pumicem.

425 2613 461 2675 in
485 2627 678 2674 succursum
694 2611 842 2692 fidelium
864 2611 905 2674 de
930 2614 1065 2675 Prussia
1088 2613 1225 2675 miseri·
1580 2641 1680 2700 omasi
1699 2641 1772 2698 ηις,

428 2709 572 2772 corditer
599 2709 841 2771 commutando.
870 2710 1032 2781 Quocirca
1056 2711 1224 2772 universi-

424 2807 526 2870 tatem
546 2806 691 2868 vestram
712 2821 868 2882 rogamus
891 2808 925 2868 et
954 2807 1166 2868 obsecramus
1188 2807 1224 2868 in

425 2903 565 2966 Domino
585 2919 645 2980 per
658 2903 848 2980 Apostolica
866 2904 961 2966 vobis
987 2904 1110 2982 scripta
1134 2920 1225 2968 man·

1457 2751 1498 2807 lle
1513 2750 1654 2822 apostatis
1664 2755 1692 2805 et
1700 2743 1872 2804 schismaticis.

1318 2866 1412 2936 Vide,
1428 2869 1451 2928 t.
1471 2868 1498 2939 I,
1513 2867 1641 2933 Quinta
1657 2859 1955 2937 compensasse

427 3001 543 3063 dantes
558 3002 592 3062 et
615 3001 652 3062 in
674 3001 904 3062 remissionem
919 3002 1146 3078 peccaminum
1166 3003 1223 3064 in·
1280 2965 1309 3036 1’
1322 2965 1353 3037 2’
1367 2965 1397 3036 3,
1412 2963 1474 3026 ⁰⁰¹·
1491 2965 1561 3035 35⁰³
1577 2960 1668 3042 35¹·)

422 3098 612 3176 iungentes,
623 3100 786 3174 quatenus
799 3097 840 3158 ad
856 3097 1095 3160 defendendum
1111 3099 1225 3162 tideles
1595 3112 1760 3200 CCXXV

425 3193 602 3272 praedictos
617 3197 733 3256 contra
751 3193 912 3256 barbaras
928 3196 1079 3258 nationes
1094 3212 1153 3258 vos
1173 3212 1226 3257 ac·

425 3291 567 3368 cingetis
583 3290 726 3353 fideliter
738 3293 772 3354 et
781 3291 899 3354 devote
911 3293 992 3354 illuc
1004 3284 1226 3370 personaliter
1499 3345 1513 3405 t
1560 3346 1566 3358 ,
1711 3359 1717 3372 ι
1759 3353 1850 3400 amos

424 3387 603 3465 profecturi
633 3390 667 3452 et
693 3390 800 3450 acturi
833 3389 1015 3452 secundum
1049 3391 1225 3453 consilium
1478 3359 1496 3405 θ
1533 3359 1610 3416 ‘²¹²ae
1627 3343 1708 3420 ΜΨ
1717 3357 1759 3418 ‘²9
1852 3379 1857 3395 '

425 3485 572 3564 episcopi
596 3486 797 3548 eorumdem.
824 3489 893 3549 Nos
911 3488 1001 3549 enim
1024 3487 1227 3565 quibuslibet
1579 3456 1681 3514 mii
1701 3455 1775 3512 ¹²¹⁸·
1822 3554 1859 3568 ..
1894 3549 1898 3560 Ι
1950 3549 1959 3565 ..

424 3583 505 3646 illuc
530 3583 565 3646 in
587 3584 739 3660 personis
760 3585 813 3647 vel
835 3584 932 3646 bonis
955 3585 1226 3647 succurrentibus
1279 3563 1437 3623 “ludiim
1450 3564 1479 3620 5¹¹
1495 3561 1669 3621 ‘limbi'
1683 3561 1743 3618 ⁸⁰1⁸
1759 3543 1960 3616 ‘limium‘

424 3681 572 3741 eamdem
608 3680 819 3744 concedimus
853 3681 1115 3758 indulgentiam,
1151 3699 1225 3760 quaa
1315 3631 1961 3726 ”⁰⁰¹³Pffflbfflfflme‘dssfiwfflmwiffl

424 3777 695 3839 subvenientibus
713 3780 826 3840 Terras
846 3781 976 3842 Sanctae
991 3795 1150 3841 concessa
1174 3781 1227 3842 est
1300 3741 1534 3845 ,duffieffpmm
1547 3740 1713 3798 ⁸⁰⁰⁰ed³¹²‘·
1912 3839 1916 3850 ¹

425 3876 460 3936 in
474 3873 621 3935 Concilio
633 3875 793 3950 generali.
1030 3925 1035 3931 .
1320 3859 1462 3938 (Decret.
1480 3858 1563 3919 Vide
1579 3831 1956 3926 Quintcccmpiutiodll

465 3972 583 4033 Datum
612 3974 726 4034 Romae
751 3971 839 4049 apud
864 3975 897 4034 s.
924 3974 1057 4034 Petrum
1080 3974 1225 4036 secundo
1279 3953 1712 4034 tit.14,cap.1,col.294.)

425 4085 544 4229 3311HK
558 4084 649 4142 man,
673 4069 886 4148 pontrtlcatus
917 4073 1022 4132 nostrr
1051 4087 1138 4132 anno
1171 4087 1207 4133 se
1572 4102 1776 4192 CCXXVH

1279 3250 1330 3308 Ad
1350 3250 1525 3309 Audacem
1543 3249 1826 3320 archiepiscopum
1844 3239 1949 3302 lundein·

1318 4245 1370 4303 Ad
1382 4243 1647 4302 Tarracinenses
1655 4241 1802 4299 omassum
1810 4229 1839 4292 et
1845 4225 1947 4303 populu

1579 4362 1595 4418 7
1610 4360 1678 4418 maii
1696 4357 1771 4416 lats.

731 4282 920 4371 ccxxiv

424 4427 476 4485 Aa
496 4425 650 4486 abbatem
671 4429 713 4488 de
736 4429 852 4488 Laude
876 4427 1016 4488 omero·
1037 4429 1170 4488 ordinis
1191 4427 1225 4487 et
1279 4468 1409 4535 [Tlreiner,
1419 4467 1504 4519 Codex
1516 4464 1699 4532 diplomaticus
1710 4460 1819 4515 dominii.
1831 4463 1848 4506 t.
1860 4455 1875 4510 l,
1886 4431 1959 4514 iffi

564 4524 711 4582 decanos
727 4525 1092 4592 Tornucen.,1nsulcn.
1484 4549 1581 4611 sepse.
1595 4546 1640 4598 ns,
1652 4547 1682 4603 11,
1694 4544 1765 4607 epist.
1780 4537 1850 4601 tols]

726 4642 744 4698 6
758 4643 826 4701 [ΜΠ
841 4643 919 4700 ¹²¹⁸·
1278 4654 1395 4714 llandet
1409 4670 1445 4712 ne
1456 4654 1654 4728 Frangipsnos
1668 4653 1697 4708 ln
1707 4649 1809 4724 iuribus
1818 4639 1897 4715 quein
1909 4631 1964 4701 ipsura

457 4746 565 4812 [aegest
578 4745 624 4797 lib.
635 4746 666 4808 11,
681 4746 756 4811 epist.
769 4747 839 4798 loti.
853 4747 911 4798 llss.
927 4749 1045 4800 barone
1056 4747 1089 4799 du
1099 4749 1192 4815 Theti]
1465 4743 1580 4800 civitate
1593 4741 1707 4808 habeut,
1724 4737 1866 4796 molestent.

451 4855 594 4916 monent
615 4854 816 4928 prepositura,
837 4856 999 4928 provisione
1017 4865 1197 4930 competente
1317 4861 1484 4924 Honorius
1513 4860 1709 4937 episcopus,
1739 4854 1808 4923 etc,
1828 4837 1921 4908 diceb
1937 4839 1965 4884 l

477 4943 635 5016 assignata,
647 4957 747 5002 senem
761 4943 971 5002 infirmitatibus
983 4944 1168 5006 mniractum.
1277 4958 1469 5023 consulibus
1488 4959 1520 5020 et
1531 4957 1652 5034 populo
1666 4937 1924 5016 Terracinensihus,
1933 4937 1966 4982 sc:

464 5059 642 5130 Honorius,
660 5059 735 5132 etc,
756 5059 886 5121 dilectis
906 5059 1021 5122 tiliis...
1049 5059 1160 5122 abbati
1183 5059 1223 5122 de
1276 5060 1355 5130 tem,
1370 5058 1433 5118 etc.
1959 5121 1966 5136 μ

424 5156 546 5228 Laude,
578 5157 770 5219 cistercien.
798 5158 941 5230 ordinis,
969 5160 1003 5220 et
1039 5161 1221 5220 Tornacen.
1319 5154 1442 5218 Invicta
1468 5153 1550 5216 tides
1571 5153 1604 5214 et
1624 5148 1751 5212 devotio
1771 5135 1914 5204 indcium.
1927 5129 1966 5194 pn

424 5255 493 5316 ot...
507 5255 654 5316 insulen.
667 5258 852 5317 tornacen.
866 5256 1022 5317 dioecesis
1032 5256 1179 5318 decanis.
1278 5252 1446 5330 magnifici
1460 5249 1526 5312 viri
1540 5247 1668 5326 antiqui
1688 5235 1850 5320 irajapani
1862 5245 1877 5290 a
1888 5221 1966 5362 afflig

463 5351 914 5430 Dilectustllinspraepositns
927 5356 1118 5430 Brugen.ac
1128 5355 1225 5416 sian·
1277 5353 1312 5413 in
1326 5349 1501 5429 progenies
1519 5363 1599 5424 erga
1615 5349 1788 5408 Romanam
1808 5328 1939 5395 minian

424 5448 506 5509 driae
543 5448 764 5511 cancellarius
798 5450 916 5514 humili
943 5451 1039 5513 nobis
1063 5451 1223 5514 instantia
1277 5444 1538 5520 buerunt‚nobis
1553 5414 1966 5515 elucacitcrpersuadetlllll

426 5545 634 5620 supplicavit,
657 5550 692 5610 ut
718 5563 792 5610 curn
819 5549 862 5611 sit
888 5548 1056 5612 contectus
1076 5549 1170 5610 senio
1192 5551 1224 5611 et
1277 5563 1391 5610 eorum
1420 5544 1614 5622 superstites
1650 5540 1779 5617 paterno
1808 5501 1966 5596 complectenti
