<?xml version="1.0" encoding="UTF-8"?>
<!DOCTYPE html PUBLIC "-//W3C//DTD XHTML 1.0 Transitional//EN"
    "http://www.w3.org/TR/xhtml1/DTD/xhtml1-transitional.dtd">
<html xmlns="http://www.w3.org/1999/xhtml" xml:lang="en" lang="en">
 <head>
  <title>
</title>
<meta http-equiv="Content-Type" content="text/html;charset=utf-8" />
  <meta name='ocr-system' content='tesseract 3.04.00' />
  <meta name='ocr-capabilities' content='ocr_page ocr_carea ocr_par ocr_line ocrx_word'/>
</head>
<body>
  <div class='ocr_page' id='page_1' title='image "./mediiaevibiblio02unkngoog/mediiaevibiblio02unkngoog_0659.png"; bbox 0 0 4104 6392; ppageno 0'>
   <div class='ocr_carea' id='block_1_1' title="bbox 330 303 392 362">
    <p class='ocr_par' dir='ltr' id='par_1_1' title="bbox 330 303 392 362">
     <span class='ocr_line' id='line_1_1' title="bbox 330 303 392 362; baseline 0.032 -2"><span class='ocrx_word' id='word_1_1' title='bbox 330 303 392 362; x_wconf 81' lang='lat'>835</span> 
     </span>
    </p>
   </div>
   <div class='ocr_carea' id='block_1_2' title="bbox 332 457 1129 832">
    <p class='ocr_par' dir='ltr' id='par_1_2' title="bbox 332 457 1129 832">
     <span class='ocr_line' id='line_1_2' title="bbox 332 457 1126 540; baseline -0.01 -14"><span class='ocrx_word' id='word_1_2' title='bbox 332 477 433 540; x_wconf 85' lang='lat' dir='ltr'>super</span> <span class='ocrx_word' id='word_1_3' title='bbox 468 461 520 523; x_wconf 89' lang='lat' dir='ltr'>his</span> <span class='ocrx_word' id='word_1_4' title='bbox 553 463 676 522; x_wconf 86' lang='lat' dir='ltr'>temere</span> <span class='ocrx_word' id='word_1_5' title='bbox 703 458 883 520; x_wconf 80' lang='lat' dir='ltr'><strong>molestare</strong></span> <span class='ocrx_word' id='word_1_6' title='bbox 911 457 1126 536; x_wconf 87' lang='lat' dir='ltr'>praesumat...</span> 
     </span>
     <span class='ocr_line' id='line_1_3' title="bbox 332 557 1128 634; baseline -0.006 -11"><span class='ocrx_word' id='word_1_7' title='bbox 332 561 538 630; x_wconf 85' lang='lat' dir='ltr'><strong>mandamus,</strong></span> <span class='ocrx_word' id='word_1_8' title='bbox 552 557 715 634; x_wconf 85' lang='lat' dir='ltr'>quatenus</span> <span class='ocrx_word' id='word_1_9' title='bbox 730 557 759 617; x_wconf 89' lang='lat' dir='ltr'>si</span> <span class='ocrx_word' id='word_1_10' title='bbox 774 557 831 633; x_wconf 90' lang='lat' dir='ltr'>qui</span> <span class='ocrx_word' id='word_1_11' title='bbox 845 571 903 618; x_wconf 91' lang='lat' dir='ltr'>eas</span> <span class='ocrx_word' id='word_1_12' title='bbox 918 557 1033 618; x_wconf 90' lang='lat' dir='ltr'>contra</span> <span class='ocrx_word' id='word_1_13' title='bbox 1048 573 1128 633; x_wconf 87' lang='lat' dir='ltr'>pro-</span> 
     </span>
     <span class='ocr_line' id='line_1_4' title="bbox 332 651 1129 732; baseline -0.008 -11"><span class='ocrx_word' id='word_1_14' title='bbox 332 658 526 721; x_wconf 87' lang='lat' dir='ltr'>hibitionem</span> <span class='ocrx_word' id='word_1_15' title='bbox 537 655 684 718; x_wconf 92' lang='lat' dir='ltr'>nostram</span> <span class='ocrx_word' id='word_1_16' title='bbox 697 651 842 716; x_wconf 88' lang='lat' dir='ltr'>indebite</span> <span class='ocrx_word' id='word_1_17' title='bbox 857 653 1033 717; x_wconf 85' lang='lat' dir='ltr'>molestare</span> <span class='ocrx_word' id='word_1_18' title='bbox 1047 671 1129 732; x_wconf 89' lang='lat' dir='ltr'>prae·</span> 
     </span>
     <span class='ocr_line' id='line_1_5' title="bbox 334 753 1126 832; baseline -0.006 -14"><span class='ocrx_word' id='word_1_19' title='bbox 334 755 550 832; x_wconf 82' lang='lat' dir='ltr'>sumpserint,</span> <span class='ocrx_word' id='word_1_20' title='bbox 574 768 635 816; x_wconf 83' lang='lat' dir='ltr'>vos</span> <span class='ocrx_word' id='word_1_21' title='bbox 660 753 950 832; x_wconf 77' lang='lat' dir='ltr'>praesumptionem</span> <span class='ocrx_word' id='word_1_22' title='bbox 975 767 1126 816; x_wconf 88' lang='lat' dir='ltr'>eorum...</span> 
     </span>
    </p>
   </div>
   <div class='ocr_carea' id='block_1_3' title="bbox 949 265 1361 356">
    <p class='ocr_par' dir='ltr' id='par_1_3' title="bbox 949 265 1361 356">
     <span class='ocr_line' id='line_1_6' title="bbox 949 265 1361 356; baseline -0.005 0"><span class='ocrx_word' id='word_1_23' title='bbox 949 295 1125 356; x_wconf 77' lang='lat' dir='ltr'>sonorus</span> <span class='ocrx_word' id='word_1_24' title='bbox 1147 265 1193 356; x_wconf 74' lang='lat'>111</span> <span class='ocrx_word' id='word_1_25' title='bbox 1214 295 1361 356; x_wconf 78' lang='lat' dir='ltr'>orsas.</span> 
     </span>
    </p>
   </div>
   <div class='ocr_carea' id='block_1_4' title="bbox 1933 291 1989 349">
    <p class='ocr_par' dir='ltr' id='par_1_4' title="bbox 1933 291 1989 349">
     <span class='ocr_line' id='line_1_7' title="bbox 1933 291 1989 349; baseline 0 -1"><span class='ocrx_word' id='word_1_26' title='bbox 1933 291 1989 349; x_wconf 64' lang='lat'>831]</span> 
     </span>
    </p>
   </div>
   <div class='ocr_carea' id='block_1_5' title="bbox 1183 449 1993 826">
    <p class='ocr_par' dir='ltr' id='par_1_5' title="bbox 1183 449 1993 826">
     <span class='ocr_line' id='line_1_8' title="bbox 1183 449 1990 534; baseline -0.005 -16"><span class='ocrx_word' id='word_1_27' title='bbox 1183 457 1270 534; x_wconf 81' lang='lat' dir='ltr'>cepti</span> <span class='ocrx_word' id='word_1_28' title='bbox 1293 455 1469 533; x_wconf 80' lang='lat' dir='ltr'>privilegio</span> <span class='ocrx_word' id='word_1_29' title='bbox 1489 453 1664 516; x_wconf 88' lang='lat' dir='ltr'>commisso</span> <span class='ocrx_word' id='word_1_30' title='bbox 1694 449 1990 533; x_wconf 53' lang='lat' dir='ltr'>[communimus]</span> 
     </span>
     <span class='ocr_line' id='line_1_9' title="bbox 1184 551 1992 630; baseline -0.007 -16"><span class='ocrx_word' id='word_1_31' title='bbox 1184 555 1366 614; x_wconf 85' lang='lat' dir='ltr'>statuentes</span> <span class='ocrx_word' id='word_1_32' title='bbox 1386 567 1610 630; x_wconf 82' lang='lat' dir='ltr'>quascumque</span> <span class='ocrx_word' id='word_1_33' title='bbox 1627 551 1883 628; x_wconf 87' lang='lat' dir='ltr'>possessiones,</span> <span class='ocrx_word' id='word_1_34' title='bbox 1902 565 1992 624; x_wconf 78' lang='lat' dir='ltr'>quaa-</span> 
     </span>
     <span class='ocr_line' id='line_1_10' title="bbox 1183 646 1993 730; baseline -0.011 -17"><span class='ocrx_word' id='word_1_35' title='bbox 1183 667 1324 730; x_wconf 86' lang='lat' dir='ltr'>cumque</span> <span class='ocrx_word' id='word_1_36' title='bbox 1337 651 1424 712; x_wconf 91' lang='lat' dir='ltr'>bona</span> <span class='ocrx_word' id='word_1_37' title='bbox 1440 649 1556 712; x_wconf 90' lang='lat' dir='ltr'>eadem</span> <span class='ocrx_word' id='word_1_38' title='bbox 1574 650 1716 711; x_wconf 89' lang='lat' dir='ltr'>ecclesia</span> <span class='ocrx_word' id='word_1_39' title='bbox 1731 648 1768 708; x_wconf 93' lang='lat' dir='ltr'>in</span> <span class='ocrx_word' id='word_1_40' title='bbox 1786 646 1993 724; x_wconf 85' lang='lat' dir='ltr'>praesentia-</span> 
     </span>
     <span class='ocr_line' id='line_1_11' title="bbox 1183 743 1993 826; baseline -0.01 -16"><span class='ocrx_word' id='word_1_41' title='bbox 1183 766 1256 811; x_wconf 86' lang='lat' dir='ltr'>rum</span> <span class='ocrx_word' id='word_1_42' title='bbox 1274 750 1364 826; x_wconf 87' lang='lat' dir='ltr'>juste</span> <span class='ocrx_word' id='word_1_43' title='bbox 1384 749 1417 810; x_wconf 87' lang='lat' dir='ltr'>et</span> <span class='ocrx_word' id='word_1_44' title='bbox 1435 747 1594 810; x_wconf 91' lang='lat' dir='ltr'>canonice</span> <span class='ocrx_word' id='word_1_45' title='bbox 1615 746 1776 825; x_wconf 86' lang='lat' dir='ltr'>possidet,</span> <span class='ocrx_word' id='word_1_46' title='bbox 1794 747 1863 806; x_wconf 90' lang='lat' dir='ltr'>aut</span> <span class='ocrx_word' id='word_1_47' title='bbox 1887 743 1925 803; x_wconf 94' lang='lat' dir='ltr'>in</span> <span class='ocrx_word' id='word_1_48' title='bbox 1945 744 1993 804; x_wconf 87' lang='lat' dir='ltr'>in-</span> 
     </span>
    </p>
   </div>
   <div class='ocr_carea' id='block_1_6' title="bbox 325 843 1995 1686">
    <p class='ocr_par' dir='ltr' id='par_1_6' title="bbox 325 843 1995 1609">
     <span class='ocr_line' id='line_1_12' title="bbox 333 843 1993 930; baseline -0.007 -14"><span class='ocrx_word' id='word_1_49' title='bbox 333 855 420 916; x_wconf 87' lang='lat' dir='ltr'>sicut</span> <span class='ocrx_word' id='word_1_50' title='bbox 436 853 563 930; x_wconf 74' lang='lat' dir='ltr'>Justum</span> <span class='ocrx_word' id='word_1_51' title='bbox 587 850 698 923; x_wconf 84' lang='lat' dir='ltr'>luerit,</span> <span class='ocrx_word' id='word_1_52' title='bbox 722 851 951 928; x_wconf 89' lang='lat' dir='ltr'>compescatis.</span> <span class='ocrx_word' id='word_1_53' title='bbox 981 851 1073 923; x_wconf 89' lang='lat' dir='ltr'>Quod</span> <span class='ocrx_word' id='word_1_54' title='bbox 1099 849 1127 911; x_wconf 90' lang='lat' dir='ltr'>si</span> <span class='ocrx_word' id='word_1_55' title='bbox 1182 850 1294 911; x_wconf 90' lang='lat' dir='ltr'>turum</span> <span class='ocrx_word' id='word_1_56' title='bbox 1317 847 1534 909; x_wconf 90' lang='lat' dir='ltr'>concessione</span> <span class='ocrx_word' id='word_1_57' title='bbox 1559 845 1773 916; x_wconf 84' lang='lat' dir='ltr'>Pontificum,</span> <span class='ocrx_word' id='word_1_58' title='bbox 1805 843 1993 918; x_wconf 83' lang='lat' dir='ltr'>largitione</span> 
     </span>
     <span class='ocr_line' id='line_1_13' title="bbox 332 940 1993 1022; baseline -0.008 -11"><span class='ocrx_word' id='word_1_59' title='bbox 332 965 399 1011; x_wconf 95' lang='lat' dir='ltr'>non</span> <span class='ocrx_word' id='word_1_60' title='bbox 414 965 539 1020; x_wconf 90' lang='lat' dir='ltr'>omnes,</span> <span class='ocrx_word' id='word_1_61' title='bbox 561 949 636 1020; x_wconf 82' lang='lat' dir='ltr'>etc,</span> <span class='ocrx_word' id='word_1_62' title='bbox 662 948 726 1010; x_wconf 91' lang='lat' dir='ltr'>duo</span> <span class='ocrx_word' id='word_1_63' title='bbox 741 949 899 1020; x_wconf 83' lang='lat' dir='ltr'>vestrum,</span> <span class='ocrx_word' id='word_1_64' title='bbox 922 947 984 1010; x_wconf 89' lang='lat' dir='ltr'>eto.</span> <span class='ocrx_word' id='word_1_65' title='bbox 1010 948 1129 1009; x_wconf 89' lang='lat' dir='ltr'>Datum</span> <span class='ocrx_word' id='word_1_66' title='bbox 1183 961 1310 1022; x_wconf 82' lang='lat' dir='ltr'>regum,</span> <span class='ocrx_word' id='word_1_67' title='bbox 1335 945 1388 1008; x_wconf 80' lang='lat' dir='ltr'>vel</span> <span class='ocrx_word' id='word_1_68' title='bbox 1412 945 1600 1022; x_wconf 88' lang='lat' dir='ltr'>principum</span> <span class='ocrx_word' id='word_1_69' title='bbox 1626 943 1802 1006; x_wconf 87' lang='lat' dir='ltr'>oblatione</span> <span class='ocrx_word' id='word_1_70' title='bbox 1830 955 1901 1002; x_wconf 82' lang='lat' dir='ltr'>sen</span> <span class='ocrx_word' id='word_1_71' title='bbox 1922 940 1993 1000; x_wconf 89' lang='lat' dir='ltr'>aliis</span> 
     </span>
     <span class='ocr_line' id='line_1_14' title="bbox 332 1039 1993 1124; baseline -0.006 -15"><span class='ocrx_word' id='word_1_72' title='bbox 332 1047 501 1119; x_wconf 85' lang='lat' dir='ltr'>Laterani,</span> <span class='ocrx_word' id='word_1_73' title='bbox 523 1047 569 1108; x_wconf 88' lang='grc' dir='ltr'>ΙΙΙ</span> <span class='ocrx_word' id='word_1_74' title='bbox 588 1062 666 1108; x_wconf 92' lang='lat' dir='ltr'>non.</span> <span class='ocrx_word' id='word_1_75' title='bbox 683 1045 772 1124; x_wconf 86' lang='lat' dir='ltr'>julii,</span> <span class='ocrx_word' id='word_1_76' title='bbox 794 1045 1004 1123; x_wconf 78' lang='lat' dir='ltr'>pontificatus</span> <span class='ocrx_word' id='word_1_77' title='bbox 1023 1043 1128 1107; x_wconf 85' lang='lat' dir='ltr'>nostri</span> <span class='ocrx_word' id='word_1_78' title='bbox 1179 1044 1280 1121; x_wconf 89' lang='lat' dir='ltr'>justis</span> <span class='ocrx_word' id='word_1_79' title='bbox 1293 1042 1482 1104; x_wconf 87' lang='lat' dir='ltr'>nominibus</span> <span class='ocrx_word' id='word_1_80' title='bbox 1496 1039 1629 1122; x_wconf 81' lang='lat' dir='ltr'>[modis]</span> <span class='ocrx_word' id='word_1_81' title='bbox 1647 1041 1837 1118; x_wconf 80' lang='lat' dir='ltr'>praestante</span> <span class='ocrx_word' id='word_1_82' title='bbox 1853 1039 1993 1099; x_wconf 90' lang='lat' dir='ltr'>Domino</span> 
     </span>
     <span class='ocr_line' id='line_1_15' title="bbox 325 1135 1995 1220; baseline -0.007 -13"><span class='ocrx_word' id='word_1_83' title='bbox 325 1159 420 1208; x_wconf 89' lang='lat' dir='ltr'>anno</span> <span class='ocrx_word' id='word_1_84' title='bbox 435 1143 590 1207; x_wconf 90' lang='lat' dir='ltr'>secundo.</span> <span class='ocrx_word' id='word_1_85' title='bbox 891 1136 897 1145; x_wconf 90' lang='grc'><strong><em>’</em></strong></span> <span class='ocrx_word' id='word_1_86' title='bbox 1183 1140 1290 1218; x_wconf 89' lang='lat' dir='ltr'>potuit</span> <span class='ocrx_word' id='word_1_87' title='bbox 1318 1139 1487 1220; x_wconf 81' lang='lat' dir='ltr'>[potuerit]</span> <span class='ocrx_word' id='word_1_88' title='bbox 1512 1139 1662 1216; x_wconf 87' lang='lat' dir='ltr'>adipisci,</span> <span class='ocrx_word' id='word_1_89' title='bbox 1688 1137 1841 1199; x_wconf 85' lang='lat' dir='ltr'>tirmiter</span> <span class='ocrx_word' id='word_1_90' title='bbox 1866 1135 1946 1206; x_wconf 89' lang='lat' dir='ltr'>tibi,</span> <span class='ocrx_word' id='word_1_91' title='bbox 1967 1141 1995 1197; x_wconf 90' lang='lat' dir='ltr'>et</span> 
     </span>
     <span class='ocr_line' id='line_1_16' title="bbox 639 1235 1993 1397; baseline -0.005 -93"><span class='ocrx_word' id='word_1_92' title='bbox 639 1265 822 1355; x_wconf 66' lang='lat' dir='ltr'>CCCXXI</span> <span class='ocrx_word' id='word_1_93' title='bbox 1182 1235 1993 1397; x_wconf 36' lang='lat' dir='ltr'>tSuissuccessoriibgrs,etilliblatatpermaneant....</span> 
     </span>
     <span class='ocr_line' id='line_1_17' title="bbox 976 1347 1994 1418; baseline -0.01 -17"><span class='ocrx_word' id='word_1_94' title='bbox 976 1406 982 1418; x_wconf 59' lang='lat'>‚</span> <span class='ocrx_word' id='word_1_95' title='bbox 1209 1352 1371 1406; x_wconf 84' lang='lat' dir='ltr'>aucrmus,</span> <span class='ocrx_word' id='word_1_96' title='bbox 1398 1351 1419 1394; x_wconf 94' lang='lat' dir='ltr'>u</span> <span class='ocrx_word' id='word_1_97' title='bbox 1482 1350 1615 1396; x_wconf 83' lang='lat' dir='ltr'>roecesrs</span> <span class='ocrx_word' id='word_1_98' title='bbox 1665 1349 1694 1394; x_wconf 88' lang='lat' dir='ltr'>rs</span> <span class='ocrx_word' id='word_1_99' title='bbox 1710 1348 1824 1394; x_wconf 89' lang='lat' dir='ltr'>orren.</span> <span class='ocrx_word' id='word_1_100' title='bbox 1857 1347 1994 1407; x_wconf 79' lang='lat' dir='ltr'>episco-</span> 
     </span>
     <span class='ocr_line' id='line_1_18' title="bbox 352 1403 1993 1512; baseline -0.007 -12"><span class='ocrx_word' id='word_1_101' title='bbox 352 1409 405 1467; x_wconf 61' lang='grc' dir='ltr'>’Μ</span> <span class='ocrx_word' id='word_1_102' title='bbox 422 1405 617 1480; x_wconf 53' lang='lat' dir='ltr'><em>smmum</em></span> <span class='ocrx_word' id='word_1_103' title='bbox 634 1405 830 1478; x_wconf 55' lang='lat' dir='ltr'>mmmm</span> <span class='ocrx_word' id='word_1_104' title='bbox 848 1403 1109 1465; x_wconf 56' lang='lat' dir='ltr'><strong><em>mmmm·</em></strong></span> <span class='ocrx_word' id='word_1_105' title='bbox 1183 1437 1280 1512; x_wconf 88' lang='lat' dir='ltr'>patus</span> <span class='ocrx_word' id='word_1_106' title='bbox 1302 1431 1478 1510; x_wconf 86' lang='lat' dir='ltr'>praedictus</span> <span class='ocrx_word' id='word_1_107' title='bbox 1501 1431 1624 1492; x_wconf 89' lang='lat' dir='ltr'>eisdem</span> <span class='ocrx_word' id='word_1_108' title='bbox 1644 1429 1802 1492; x_wconf 89' lang='lat' dir='ltr'>terminis</span> <span class='ocrx_word' id='word_1_109' title='bbox 1823 1429 1993 1490; x_wconf 88' lang='lat' dir='ltr'>dictorum</span> 
     </span>
     <span class='ocr_line' id='line_1_19' title="bbox 648 1515 1994 1609; baseline -0.002 -21"><span class='ocrx_word' id='word_1_110' title='bbox 648 1515 727 1588; x_wconf 67' lang='lat'><strong>⁷1⁰¹·</strong></span> <span class='ocrx_word' id='word_1_111' title='bbox 750 1515 827 1574; x_wconf 76' lang='lat'>¹²¹⁸·</span> <span class='ocrx_word' id='word_1_112' title='bbox 1182 1531 1466 1609; x_wconf 84' lang='lat' dir='ltr'>praedecessorum</span> <span class='ocrx_word' id='word_1_113' title='bbox 1490 1529 1678 1590; x_wconf 89' lang='lat' dir='ltr'>nostrornm</span> <span class='ocrx_word' id='word_1_114' title='bbox 1702 1525 1909 1604; x_wconf 82' lang='lat' dir='ltr'>privilegiis</span> <span class='ocrx_word' id='word_1_115' title='bbox 1931 1527 1994 1586; x_wconf 83' lang='lat' dir='ltr'>dis·</span> 
     </span>
    </p>

    <p class='ocr_par' dir='ltr' id='par_1_7' title="bbox 478 1621 980 1686">
     <span class='ocr_line' id='line_1_20' title="bbox 478 1621 980 1686; baseline 0 -14"><span class='ocrx_word' id='word_1_116' title='bbox 478 1623 595 1686; x_wconf 75' lang='lat' dir='ltr'>[ligbelli.</span> <span class='ocrx_word' id='word_1_117' title='bbox 609 1621 684 1673; x_wconf 82' lang='lat' dir='ltr'>ltalia</span> <span class='ocrx_word' id='word_1_118' title='bbox 695 1635 774 1679; x_wconf 86' lang='lat' dir='ltr'>sacra,</span> <span class='ocrx_word' id='word_1_119' title='bbox 784 1626 804 1671; x_wconf 91' lang='lat' dir='ltr'>t.</span> <span class='ocrx_word' id='word_1_120' title='bbox 817 1621 860 1680; x_wconf 86' lang='lat'>111,</span> <span class='ocrx_word' id='word_1_121' title='bbox 871 1635 897 1686; x_wconf 91' lang='lat' dir='ltr'>p.</span> <span class='ocrx_word' id='word_1_122' title='bbox 912 1621 980 1686; x_wconf 75' lang='lat' dir='ltr'>oct]</span> 
     </span>
    </p>
   </div>
   <div class='ocr_carea' id='block_1_7' title="bbox 332 1622 1994 1883">
    <p class='ocr_par' dir='ltr' id='par_1_8' title="bbox 332 1622 1994 1883">
     <span class='ocr_line' id='line_1_21' title="bbox 1182 1622 1994 1702; baseline -0.007 -12"><span class='ocrx_word' id='word_1_123' title='bbox 1182 1629 1306 1691; x_wconf 88' lang='lat' dir='ltr'>tinctus</span> <span class='ocrx_word' id='word_1_124' title='bbox 1322 1629 1375 1699; x_wconf 91' lang='lat' dir='ltr'>sit,</span> <span class='ocrx_word' id='word_1_125' title='bbox 1388 1643 1431 1689; x_wconf 90' lang='lat' dir='ltr'>ne</span> <span class='ocrx_word' id='word_1_126' title='bbox 1444 1627 1480 1688; x_wconf 94' lang='lat' dir='ltr'>in</span> <span class='ocrx_word' id='word_1_127' title='bbox 1496 1627 1641 1687; x_wconf 80' lang='lat' dir='ltr'>futurum</span> <span class='ocrx_word' id='word_1_128' title='bbox 1656 1625 1875 1687; x_wconf 77' lang='lat' dir='ltr'>extradictos</span> <span class='ocrx_word' id='word_1_129' title='bbox 1893 1622 1994 1702; x_wconf 64' lang='lat' dir='ltr'>*stoa-te</span> 
     </span>
     <span class='ocr_line' id='line_1_22' title="bbox 332 1719 1993 1804; baseline -0.007 -22"><span class='ocrx_word' id='word_1_130' title='bbox 332 1723 491 1782; x_wconf 80' lang='lat' dir='ltr'>Ecclesiam</span> <span class='ocrx_word' id='word_1_131' title='bbox 503 1721 705 1779; x_wconf 86' lang='lat' dir='ltr'>Pistoriensem</span> <span class='ocrx_word' id='word_1_132' title='bbox 717 1719 770 1778; x_wconf 86' lang='lat' dir='ltr'>sub</span> <span class='ocrx_word' id='word_1_133' title='bbox 784 1719 860 1778; x_wconf 86' lang='lat' dir='ltr'>beati</span> <span class='ocrx_word' id='word_1_134' title='bbox 876 1719 950 1778; x_wconf 85' lang='lat' dir='ltr'>Petri</span> <span class='ocrx_word' id='word_1_135' title='bbox 966 1726 993 1777; x_wconf 89' lang='lat' dir='ltr'>et</span> <span class='ocrx_word' id='word_1_136' title='bbox 1004 1733 1057 1778; x_wconf 86' lang='lat' dir='ltr'>sua</span> <span class='ocrx_word' id='word_1_137' title='bbox 1068 1733 1129 1792; x_wconf 84' lang='lat' dir='ltr'>pro</span> <span class='ocrx_word' id='word_1_138' title='bbox 1184 1723 1408 1804; x_wconf 72' lang='lat' dir='ltr'>supradictos]</span> <span class='ocrx_word' id='word_1_139' title='bbox 1437 1724 1659 1786; x_wconf 71' lang='lat' dir='ltr'>pistorienses</span> <span class='ocrx_word' id='word_1_140' title='bbox 1695 1723 1889 1798; x_wconf 67' lang='lat' dir='ltr'>episcopos</span> <span class='ocrx_word' id='word_1_141' title='bbox 1928 1723 1993 1782; x_wconf 70' lang='lat' dir='ltr'>sine</span> 
     </span>
     <span class='ocr_line' id='line_1_23' title="bbox 366 1808 1127 1883; baseline -0.005 -13"><span class='ocrx_word' id='word_1_142' title='bbox 366 1813 490 1870; x_wconf 89' lang='lat' dir='ltr'>tectione</span> <span class='ocrx_word' id='word_1_143' title='bbox 513 1810 641 1883; x_wconf 86' lang='lat' dir='ltr'>suscipit,</span> <span class='ocrx_word' id='word_1_144' title='bbox 660 1823 817 1882; x_wconf 83' lang='lat' dir='ltr'>omnesque</span> <span class='ocrx_word' id='word_1_145' title='bbox 838 1809 900 1882; x_wconf 87' lang='lat' dir='ltr'>ejus</span> <span class='ocrx_word' id='word_1_146' title='bbox 920 1808 1127 1881; x_wconf 86' lang='lat' dir='ltr'>possessiones,</span> 
     </span>
    </p>
   </div>
   <div class='ocr_carea' id='block_1_8' title="bbox 366 1819 1993 1999">
    <p class='ocr_par' dir='ltr' id='par_1_9' title="bbox 366 1819 1993 1999">
     <span class='ocr_line' id='line_1_24' title="bbox 1183 1819 1992 1898; baseline -0.005 -14"><span class='ocrx_word' id='word_1_147' title='bbox 1183 1823 1321 1884; x_wconf 89' lang='lat' dir='ltr'>alterius</span> <span class='ocrx_word' id='word_1_148' title='bbox 1353 1823 1521 1894; x_wconf 85' lang='lat' dir='ltr'>molestia,</span> <span class='ocrx_word' id='word_1_149' title='bbox 1550 1821 1602 1883; x_wconf 89' lang='lat' dir='ltr'>vel</span> <span class='ocrx_word' id='word_1_150' title='bbox 1630 1819 1882 1898; x_wconf 88' lang='lat' dir='ltr'>inquietudine</span> <span class='ocrx_word' id='word_1_151' title='bbox 1914 1836 1992 1896; x_wconf 88' lang='lat' dir='ltr'>per-</span> 
     </span>
     <span class='ocr_line' id='line_1_25' title="bbox 366 1897 1993 1999; baseline -0.006 -13"><span class='ocrx_word' id='word_1_152' title='bbox 366 1900 528 1973; x_wconf 61' lang='lat' dir='ltr'>b⁰¹¹³aj¹¹¹⁸</span> <span class='ocrx_word' id='word_1_153' title='bbox 542 1914 576 1956; x_wconf 71' lang='lat'>³⁰</span> <span class='ocrx_word' id='word_1_154' title='bbox 591 1899 740 1972; x_wconf 60' lang='lat' dir='ltr'>⁹¹¹Vi¹⁰ffi³</span> <span class='ocrx_word' id='word_1_155' title='bbox 756 1898 907 1955; x_wconf 69' lang='lat' dir='ltr'>⁰⁰¹¹fl¹¹¹¹³⁸</span> <span class='ocrx_word' id='word_1_156' title='bbox 920 1897 972 1970; x_wconf 80' lang='lat'>(¹)-</span> <span class='ocrx_word' id='word_1_157' title='bbox 1184 1921 1349 1993; x_wconf 79' lang='lat' dir='ltr'>severent,</span> <span class='ocrx_word' id='word_1_158' title='bbox 1369 1936 1433 1999; x_wconf 81' lang='lat' dir='ltr'>quo</span> <span class='ocrx_word' id='word_1_159' title='bbox 1453 1935 1513 1996; x_wconf 90' lang='lat' dir='ltr'>pro</span> <span class='ocrx_word' id='word_1_160' title='bbox 1534 1919 1725 1980; x_wconf 91' lang='lat' dir='ltr'>nominatur</span> <span class='ocrx_word' id='word_1_161' title='bbox 1753 1919 1993 1980; x_wconf 87' lang='lat' dir='ltr'>tantummodo</span> 
     </span>
    </p>
   </div>
   <div class='ocr_carea' id='block_1_9' title="bbox 294 2012 2042 4918">
    <p class='ocr_par' dir='ltr' id='par_1_10' title="bbox 294 2012 2042 4918">
     <span class='ocr_line' id='line_1_26' title="bbox 371 2012 1991 2094; baseline 0.002 -15"><span class='ocrx_word' id='word_1_162' title='bbox 371 2015 1045 2093; x_wconf 75' lang='lat' dir='ltr'>Honoriusepiscopus,servassemorum</span> <span class='ocrx_word' id='word_1_163' title='bbox 1056 2012 1127 2084; x_wconf 82' lang='lat' dir='ltr'>Dei,</span> <span class='ocrx_word' id='word_1_164' title='bbox 1184 2019 1355 2094; x_wconf 85' lang='lat' dir='ltr'>suscriptae</span> <span class='ocrx_word' id='word_1_165' title='bbox 1364 2017 1512 2094; x_wconf 90' lang='lat' dir='ltr'>capellae,</span> <span class='ocrx_word' id='word_1_166' title='bbox 1524 2016 1557 2077; x_wconf 94' lang='lat' dir='ltr'>et</span> <span class='ocrx_word' id='word_1_167' title='bbox 1567 2014 1991 2092; x_wconf 79' lang='lat' dir='ltr'>ecclesiaeconstitutaeti).</span> 
     </span>
     <span class='ocr_line' id='line_1_27' title="bbox 329 2101 1991 2190; baseline -0.004 -11"><span class='ocrx_word' id='word_1_168' title='bbox 329 2101 513 2180; x_wconf 80' lang='lat' dir='ltr'>veneiabiii</span> <span class='ocrx_word' id='word_1_169' title='bbox 536 2112 696 2186; x_wconf 77' lang='lat' dir='ltr'>soffredo,</span> <span class='ocrx_word' id='word_1_170' title='bbox 724 2117 862 2190; x_wconf 88' lang='lat' dir='ltr'>ejusque</span> <span class='ocrx_word' id='word_1_171' title='bbox 881 2109 1128 2174; x_wconf 88' lang='lat' dir='ltr'>successoribus</span> <span class='ocrx_word' id='word_1_172' title='bbox 1183 2131 1223 2178; x_wconf 87' lang='lat' dir='ltr'>ac</span> <span class='ocrx_word' id='word_1_173' title='bbox 1247 2115 1460 2177; x_wconf 87' lang='lat' dir='ltr'>constituitur</span> <span class='ocrx_word' id='word_1_174' title='bbox 1488 2113 1555 2174; x_wconf 86' lang='lat' dir='ltr'>vid.</span> <span class='ocrx_word' id='word_1_175' title='bbox 1583 2112 1711 2190; x_wconf 89' lang='lat' dir='ltr'>capella</span> <span class='ocrx_word' id='word_1_176' title='bbox 1737 2113 1784 2174; x_wconf 90' lang='lat' dir='ltr'>de</span> <span class='ocrx_word' id='word_1_177' title='bbox 1813 2115 1991 2190; x_wconf 85' lang='lat' dir='ltr'>Capraria,</span> 
     </span>
     <span class='ocr_line' id='line_1_28' title="bbox 331 2209 1993 2291; baseline -0.002 -14"><span class='ocrx_word' id='word_1_178' title='bbox 331 2213 491 2277; x_wconf 86' lang='lat' dir='ltr'>canonice</span> <span class='ocrx_word' id='word_1_179' title='bbox 504 2209 739 2273; x_wconf 89' lang='lat' dir='ltr'>substituendis</span> <span class='ocrx_word' id='word_1_180' title='bbox 754 2210 789 2270; x_wconf 94' lang='lat' dir='ltr'>in</span> <span class='ocrx_word' id='word_1_181' title='bbox 800 2211 1005 2287; x_wconf 88' lang='lat' dir='ltr'>perpetuum.</span> <span class='ocrx_word' id='word_1_182' title='bbox 1183 2213 1310 2291; x_wconf 88' lang='lat' dir='ltr'>capella</span> <span class='ocrx_word' id='word_1_183' title='bbox 1342 2212 1517 2290; x_wconf 87' lang='lat' dir='ltr'>hospitatis</span> <span class='ocrx_word' id='word_1_184' title='bbox 1551 2211 1592 2271; x_wconf 89' lang='lat' dir='ltr'>de</span> <span class='ocrx_word' id='word_1_185' title='bbox 1627 2210 1783 2284; x_wconf 86' lang='lat' dir='ltr'>Rosaria,</span> <span class='ocrx_word' id='word_1_186' title='bbox 1831 2211 1934 2288; x_wconf 86' lang='lat' dir='ltr'>plebs</span> <span class='ocrx_word' id='word_1_187' title='bbox 1959 2211 1993 2273; x_wconf 85' lang='lat' dir='ltr'>de</span> 
     </span>
     <span class='ocr_line' id='line_1_29' title="bbox 324 2305 1994 2397; baseline -0.001 -26"><span class='ocrx_word' id='word_1_188' title='bbox 324 2380 328 2397; x_wconf 31' lang='lat' dir='ltr'><em>l</em></span> <span class='ocrx_word' id='word_1_189' title='bbox 372 2309 535 2384; x_wconf 86' lang='lat' dir='ltr'>Quoniam</span> <span class='ocrx_word' id='word_1_190' title='bbox 559 2309 708 2370; x_wconf 91' lang='lat' dir='ltr'>omnium</span> <span class='ocrx_word' id='word_1_191' title='bbox 730 2307 821 2369; x_wconf 89' lang='lat' dir='ltr'>solus</span> <span class='ocrx_word' id='word_1_192' title='bbox 844 2305 891 2386; x_wconf 82' lang='lat'>(2)</span> <span class='ocrx_word' id='word_1_193' title='bbox 912 2305 1128 2368; x_wconf 87' lang='lat' dir='ltr'>ecclesiarum</span> <span class='ocrx_word' id='word_1_194' title='bbox 1183 2313 1306 2382; x_wconf 88' lang='lat' dir='ltr'>Massa,</span> <span class='ocrx_word' id='word_1_195' title='bbox 1322 2309 1450 2386; x_wconf 88' lang='lat' dir='ltr'>capella</span> <span class='ocrx_word' id='word_1_196' title='bbox 1467 2309 1647 2381; x_wconf 82' lang='lat' dir='ltr'>devincto,</span> <span class='ocrx_word' id='word_1_197' title='bbox 1668 2308 1869 2386; x_wconf 82' lang='lat' dir='ltr'>capellada</span> <span class='ocrx_word' id='word_1_198' title='bbox 1890 2308 1994 2370; x_wconf 87' lang='lat' dir='ltr'>Butri-</span> 
     </span>
     <span class='ocr_line' id='line_1_30' title="bbox 331 2403 1994 2485; baseline -0.002 -14"><span class='ocrx_word' id='word_1_199' title='bbox 331 2425 457 2480; x_wconf 89' lang='lat' dir='ltr'>curam,</span> <span class='ocrx_word' id='word_1_200' title='bbox 472 2410 550 2478; x_wconf 89' lang='lat' dir='ltr'>Deo,</span> <span class='ocrx_word' id='word_1_201' title='bbox 568 2407 665 2483; x_wconf 88' lang='lat' dir='ltr'>prout</span> <span class='ocrx_word' id='word_1_202' title='bbox 681 2405 746 2482; x_wconf 90' lang='lat' dir='ltr'>ipsi</span> <span class='ocrx_word' id='word_1_203' title='bbox 763 2403 898 2483; x_wconf 83' lang='lat' dir='ltr'>placuit,</span> <span class='ocrx_word' id='word_1_204' title='bbox 919 2403 1126 2482; x_wconf 84' lang='lat' dir='ltr'>disponente,</span> <span class='ocrx_word' id='word_1_205' title='bbox 1184 2409 1300 2482; x_wconf 92' lang='lat' dir='ltr'>niano,</span> <span class='ocrx_word' id='word_1_206' title='bbox 1334 2405 1463 2485; x_wconf 91' lang='lat' dir='ltr'>capella</span> <span class='ocrx_word' id='word_1_207' title='bbox 1500 2405 1540 2467; x_wconf 90' lang='lat' dir='ltr'>de</span> <span class='ocrx_word' id='word_1_208' title='bbox 1575 2405 1834 2478; x_wconf 73' lang='lat' dir='ltr'>castelioneae,</span> <span class='ocrx_word' id='word_1_209' title='bbox 1868 2407 1994 2483; x_wconf 81' lang='lat' dir='ltr'>capelia</span> 
     </span>
     <span class='ocr_line' id='line_1_31' title="bbox 330 2502 1994 2582; baseline -0.002 -14"><span class='ocrx_word' id='word_1_210' title='bbox 330 2507 546 2582; x_wconf 89' lang='lat' dir='ltr'>suscepimus,</span> <span class='ocrx_word' id='word_1_211' title='bbox 560 2502 885 2582; x_wconf 85' lang='lat' dir='ltr'>oportetnoslratres</span> <span class='ocrx_word' id='word_1_212' title='bbox 900 2503 1030 2563; x_wconf 87' lang='lat' dir='ltr'>nostros</span> <span class='ocrx_word' id='word_1_213' title='bbox 1045 2503 1129 2579; x_wconf 89' lang='lat' dir='ltr'>epis·</span> <span class='ocrx_word' id='word_1_214' title='bbox 1185 2507 1218 2566; x_wconf 87' lang='lat' dir='ltr'>S.</span> <span class='ocrx_word' id='word_1_215' title='bbox 1244 2504 1381 2568; x_wconf 83' lang='lat' dir='ltr'>Martini</span> <span class='ocrx_word' id='word_1_216' title='bbox 1401 2503 1436 2565; x_wconf 90' lang='lat' dir='ltr'>in</span> <span class='ocrx_word' id='word_1_217' title='bbox 1464 2503 1667 2574; x_wconf 90' lang='lat' dir='ltr'>Montecnlli,</span> <span class='ocrx_word' id='word_1_218' title='bbox 1697 2502 1839 2580; x_wconf 88' lang='lat' dir='ltr'>capella</span> <span class='ocrx_word' id='word_1_219' title='bbox 1869 2505 1994 2564; x_wconf 82' lang='lat' dir='ltr'>Sancta</span> 
     </span>
     <span class='ocr_line' id='line_1_32' title="bbox 330 2599 1995 2682; baseline -0.004 -14"><span class='ocrx_word' id='word_1_220' title='bbox 330 2619 430 2682; x_wconf 90' lang='lat' dir='ltr'>copos</span> <span class='ocrx_word' id='word_1_221' title='bbox 442 2601 596 2678; x_wconf 90' lang='lat' dir='ltr'>ampliori</span> <span class='ocrx_word' id='word_1_222' title='bbox 607 2601 745 2663; x_wconf 89' lang='lat' dir='ltr'>caritate</span> <span class='ocrx_word' id='word_1_223' title='bbox 759 2599 910 2676; x_wconf 83' lang='lat' dir='ltr'>diligere,</span> <span class='ocrx_word' id='word_1_224' title='bbox 927 2600 960 2660; x_wconf 94' lang='lat' dir='ltr'>et</span> <span class='ocrx_word' id='word_1_225' title='bbox 970 2600 1129 2661; x_wconf 89' lang='lat' dir='ltr'>ecclesias</span> <span class='ocrx_word' id='word_1_226' title='bbox 1184 2603 1299 2664; x_wconf 87' lang='lat' dir='ltr'>Mariae</span> <span class='ocrx_word' id='word_1_227' title='bbox 1321 2601 1526 2678; x_wconf 76' lang='lat' dir='ltr'>Magdalenaa</span> <span class='ocrx_word' id='word_1_228' title='bbox 1546 2601 1582 2662; x_wconf 93' lang='lat' dir='ltr'>in</span> <span class='ocrx_word' id='word_1_229' title='bbox 1596 2601 1692 2672; x_wconf 88' lang='lat' dir='ltr'>cella,</span> <span class='ocrx_word' id='word_1_230' title='bbox 1709 2600 1855 2676; x_wconf 90' lang='lat' dir='ltr'>capella</span> <span class='ocrx_word' id='word_1_231' title='bbox 1877 2601 1920 2662; x_wconf 88' lang='lat' dir='ltr'>de</span> <span class='ocrx_word' id='word_1_232' title='bbox 1935 2603 1995 2662; x_wconf 81' lang='lat' dir='ltr'>i&#39;a-</span> 
     </span>
     <span class='ocr_line' id='line_1_33' title="bbox 330 2697 1995 2776; baseline -0.001 -12"><span class='ocrx_word' id='word_1_233' title='bbox 330 2715 445 2764; x_wconf 88' lang='lat' dir='ltr'>eorum</span> <span class='ocrx_word' id='word_1_234' title='bbox 457 2697 689 2775; x_wconf 86' lang='lat' dir='ltr'>gubernationi</span> <span class='ocrx_word' id='word_1_235' title='bbox 699 2697 892 2759; x_wconf 88' lang='lat' dir='ltr'>commissas</span> <span class='ocrx_word' id='word_1_236' title='bbox 908 2713 968 2774; x_wconf 91' lang='lat' dir='ltr'>pro</span> <span class='ocrx_word' id='word_1_237' title='bbox 979 2698 1128 2774; x_wconf 86' lang='lat' dir='ltr'>tempore</span> <span class='ocrx_word' id='word_1_238' title='bbox 1183 2699 1334 2771; x_wconf 90' lang='lat' dir='ltr'>lenzano,</span> <span class='ocrx_word' id='word_1_239' title='bbox 1352 2698 1530 2776; x_wconf 85' lang='lat' dir='ltr'>capellada</span> <span class='ocrx_word' id='word_1_240' title='bbox 1544 2699 1683 2770; x_wconf 82' lang='lat' dir='ltr'>Teruca,</span> <span class='ocrx_word' id='word_1_241' title='bbox 1700 2714 1809 2775; x_wconf 90' lang='lat' dir='ltr'>super</span> <span class='ocrx_word' id='word_1_242' title='bbox 1826 2715 1903 2776; x_wconf 89' lang='lat' dir='ltr'>qua</span> <span class='ocrx_word' id='word_1_243' title='bbox 1916 2713 1995 2776; x_wconf 77' lang='lat' dir='ltr'>pra·</span> 
     </span>
     <span class='ocr_line' id='line_1_34' title="bbox 331 2793 1994 2875; baseline -0.004 -13"><span class='ocrx_word' id='word_1_244' title='bbox 331 2799 426 2862; x_wconf 83' lang='lat' dir='ltr'>Sedis</span> <span class='ocrx_word' id='word_1_245' title='bbox 446 2797 648 2874; x_wconf 71' lang='lat' dir='ltr'>apostolicae</span> <span class='ocrx_word' id='word_1_246' title='bbox 662 2794 708 2874; x_wconf 90' lang='grc'>(3)</span> <span class='ocrx_word' id='word_1_247' title='bbox 726 2795 931 2872; x_wconf 89' lang='lat' dir='ltr'>consumpta,</span> <span class='ocrx_word' id='word_1_248' title='bbox 953 2793 988 2854; x_wconf 90' lang='lat' dir='ltr'>in</span> <span class='ocrx_word' id='word_1_249' title='bbox 1010 2793 1129 2872; x_wconf 86' lang='lat' dir='ltr'>quibus</span> <span class='ocrx_word' id='word_1_250' title='bbox 1184 2795 1244 2858; x_wconf 86' lang='lat' dir='ltr'>lati</span> <span class='ocrx_word' id='word_1_251' title='bbox 1271 2795 1525 2874; x_wconf 88' lang='lat' dir='ltr'>praedecessoris</span> <span class='ocrx_word' id='word_1_252' title='bbox 1553 2795 1657 2856; x_wconf 87' lang='lat' dir='ltr'>nostri</span> <span class='ocrx_word' id='word_1_253' title='bbox 1678 2795 1813 2856; x_wconf 88' lang='lat' dir='ltr'>Urbani</span> <span class='ocrx_word' id='word_1_254' title='bbox 1833 2799 1921 2875; x_wconf 84' lang='lat' dir='ltr'>post</span> <span class='ocrx_word' id='word_1_255' title='bbox 1935 2801 1994 2858; x_wconf 84' lang='lat' dir='ltr'>ter·</span> 
     </span>
     <span class='ocr_line' id='line_1_35' title="bbox 330 2891 1993 2974; baseline -0.002 -17"><span class='ocrx_word' id='word_1_256' title='bbox 330 2898 492 2974; x_wconf 81' lang='lat' dir='ltr'>quatenus</span> <span class='ocrx_word' id='word_1_257' title='bbox 503 2895 572 2956; x_wconf 90' lang='lat' dir='ltr'>tam</span> <span class='ocrx_word' id='word_1_258' title='bbox 585 2907 657 2964; x_wconf 91' lang='lat' dir='ltr'>nos,</span> <span class='ocrx_word' id='word_1_259' title='bbox 669 2909 766 2969; x_wconf 85' lang='lat' dir='ltr'>quam</span> <span class='ocrx_word' id='word_1_260' title='bbox 780 2893 943 2964; x_wconf 74' lang='lat' dir='ltr'>ecclesiis</span> <span class='ocrx_word' id='word_1_261' title='bbox 956 2907 1029 2970; x_wconf 81' lang='lat' dir='ltr'>quae</span> <span class='ocrx_word' id='word_1_262' title='bbox 1044 2891 1130 2970; x_wconf 89' lang='lat' dir='ltr'>ipso·</span> <span class='ocrx_word' id='word_1_263' title='bbox 1184 2895 1265 2956; x_wconf 90' lang='lat' dir='ltr'>tiam</span> <span class='ocrx_word' id='word_1_264' title='bbox 1277 2895 1310 2955; x_wconf 92' lang='lat' dir='ltr'>et</span> <span class='ocrx_word' id='word_1_265' title='bbox 1324 2895 1474 2971; x_wconf 90' lang='lat' dir='ltr'>quartam</span> <span class='ocrx_word' id='word_1_266' title='bbox 1496 2893 1767 2970; x_wconf 86' lang='lat' dir='ltr'>descriptionem,</span> <span class='ocrx_word' id='word_1_267' title='bbox 1791 2895 1855 2954; x_wconf 81' lang='lat' dir='ltr'>est</span> <span class='ocrx_word' id='word_1_268' title='bbox 1870 2894 1993 2970; x_wconf 87' lang='lat' dir='ltr'>prolata</span> 
     </span>
     <span class='ocr_line' id='line_1_36' title="bbox 330 2989 1993 3068; baseline -0.001 -13"><span class='ocrx_word' id='word_1_269' title='bbox 330 3011 403 3055; x_wconf 90' lang='lat' dir='ltr'>rum</span> <span class='ocrx_word' id='word_1_270' title='bbox 414 2991 569 3068; x_wconf 85' lang='lat' dir='ltr'>regimini</span> <span class='ocrx_word' id='word_1_271' title='bbox 581 2989 658 3051; x_wconf 90' lang='lat' dir='ltr'>sunt</span> <span class='ocrx_word' id='word_1_272' title='bbox 670 2989 855 3066; x_wconf 87' lang='lat' dir='ltr'>conjunctae</span> <span class='ocrx_word' id='word_1_273' title='bbox 869 2989 930 3049; x_wconf 90' lang='lat' dir='ltr'>sub</span> <span class='ocrx_word' id='word_1_274' title='bbox 940 2989 1130 3066; x_wconf 83' lang='lat' dir='ltr'>Apostolioa</span> <span class='ocrx_word' id='word_1_275' title='bbox 1185 2991 1361 3054; x_wconf 89' lang='lat' dir='ltr'>sententia.</span> <span class='ocrx_word' id='word_1_276' title='bbox 1392 2990 1526 3067; x_wconf 89' lang='lat' dir='ltr'>Capella</span> <span class='ocrx_word' id='word_1_277' title='bbox 1554 2989 1729 3066; x_wconf 87' lang='lat' dir='ltr'>hospitalis</span> <span class='ocrx_word' id='word_1_278' title='bbox 1762 2991 1807 3051; x_wconf 90' lang='lat' dir='ltr'>de</span> <span class='ocrx_word' id='word_1_279' title='bbox 1841 2993 1993 3054; x_wconf 75' lang='lat' dir='ltr'>Favano.</span> 
     </span>
     <span class='ocr_line' id='line_1_37' title="bbox 329 3085 1994 3166; baseline -0.003 -13"><span class='ocrx_word' id='word_1_280' title='bbox 329 3091 472 3154; x_wconf 81' lang='lat' dir='ltr'>untione</span> <span class='ocrx_word' id='word_1_281' title='bbox 492 3086 702 3148; x_wconf 91' lang='lat' dir='ltr'>manentibus</span> <span class='ocrx_word' id='word_1_282' title='bbox 721 3087 753 3147; x_wconf 89' lang='lat' dir='ltr'>et</span> <span class='ocrx_word' id='word_1_283' title='bbox 776 3085 1008 3163; x_wconf 79' lang='lat' dir='ltr'>Apostolorum</span> <span class='ocrx_word' id='word_1_284' title='bbox 1030 3087 1130 3148; x_wconf 88' lang='lat' dir='ltr'>Prin·</span> <span class='ocrx_word' id='word_1_285' title='bbox 1184 3090 1311 3166; x_wconf 90' lang='lat' dir='ltr'>capelia</span> <span class='ocrx_word' id='word_1_286' title='bbox 1336 3087 1511 3166; x_wconf 88' lang='lat' dir='ltr'>hospitalis</span> <span class='ocrx_word' id='word_1_287' title='bbox 1531 3086 1660 3164; x_wconf 83' lang='lat' dir='ltr'>praelati</span> <span class='ocrx_word' id='word_1_288' title='bbox 1674 3087 1852 3164; x_wconf 87' lang='lat' dir='ltr'>episcopi,</span> <span class='ocrx_word' id='word_1_289' title='bbox 1870 3089 1994 3166; x_wconf 87' lang='lat' dir='ltr'>capelia</span> 
     </span>
     <span class='ocr_line' id='line_1_38' title="bbox 332 3183 1995 3266; baseline -0.002 -16"><span class='ocrx_word' id='word_1_290' title='bbox 332 3189 415 3266; x_wconf 88' lang='lat' dir='ltr'>cipis</span> <span class='ocrx_word' id='word_1_291' title='bbox 435 3183 654 3264; x_wconf 85' lang='lat' dir='ltr'>patrocinium</span> <span class='ocrx_word' id='word_1_292' title='bbox 675 3187 790 3245; x_wconf 87' lang='lat' dir='ltr'>contra</span> <span class='ocrx_word' id='word_1_293' title='bbox 811 3199 988 3260; x_wconf 87' lang='lat' dir='ltr'>pravorum</span> <span class='ocrx_word' id='word_1_294' title='bbox 1014 3184 1130 3246; x_wconf 89' lang='lat' dir='ltr'>incur·</span> <span class='ocrx_word' id='word_1_295' title='bbox 1184 3186 1225 3248; x_wconf 95' lang='lat' dir='ltr'>de</span> <span class='ocrx_word' id='word_1_296' title='bbox 1237 3186 1345 3258; x_wconf 87' lang='lat' dir='ltr'>Rotie,</span> <span class='ocrx_word' id='word_1_297' title='bbox 1362 3186 1490 3263; x_wconf 90' lang='lat' dir='ltr'>capella</span> <span class='ocrx_word' id='word_1_298' title='bbox 1506 3185 1546 3246; x_wconf 94' lang='lat' dir='ltr'>de</span> <span class='ocrx_word' id='word_1_299' title='bbox 1561 3185 1729 3257; x_wconf 80' lang='lat' dir='ltr'>corbaria,</span> <span class='ocrx_word' id='word_1_300' title='bbox 1748 3186 1892 3262; x_wconf 89' lang='lat' dir='ltr'>capella</span> <span class='ocrx_word' id='word_1_301' title='bbox 1906 3189 1995 3248; x_wconf 88' lang='lat' dir='ltr'>bion-</span> 
     </span>
     <span class='ocr_line' id='line_1_39' title="bbox 332 3279 1992 3360; baseline -0.004 -13"><span class='ocrx_word' id='word_1_302' title='bbox 332 3286 443 3348; x_wconf 87' lang='lat' dir='ltr'>siones</span> <span class='ocrx_word' id='word_1_303' title='bbox 454 3283 593 3360; x_wconf 87' lang='lat' dir='ltr'>adeptis,</span> <span class='ocrx_word' id='word_1_304' title='bbox 612 3283 645 3343; x_wconf 93' lang='lat' dir='ltr'>et</span> <span class='ocrx_word' id='word_1_305' title='bbox 657 3281 721 3359; x_wconf 87' lang='lat' dir='ltr'>ipsi</span> <span class='ocrx_word' id='word_1_306' title='bbox 734 3279 836 3343; x_wconf 79' lang='lat' dir='ltr'>oflicii</span> <span class='ocrx_word' id='word_1_307' title='bbox 850 3297 919 3343; x_wconf 90' lang='lat' dir='ltr'>suae</span> <span class='ocrx_word' id='word_1_308' title='bbox 930 3283 1128 3359; x_wconf 87' lang='lat' dir='ltr'>protectioni</span> <span class='ocrx_word' id='word_1_309' title='bbox 1183 3283 1226 3344; x_wconf 91' lang='lat' dir='ltr'>tis</span> <span class='ocrx_word' id='word_1_310' title='bbox 1241 3283 1342 3354; x_wconf 88' lang='lat' dir='ltr'>acuti,</span> <span class='ocrx_word' id='word_1_311' title='bbox 1354 3281 1488 3358; x_wconf 83' lang='lat' dir='ltr'>capelia</span> <span class='ocrx_word' id='word_1_312' title='bbox 1503 3281 1543 3342; x_wconf 93' lang='lat' dir='ltr'>de</span> <span class='ocrx_word' id='word_1_313' title='bbox 1565 3281 1686 3354; x_wconf 90' lang='lat' dir='ltr'>Insula,</span> <span class='ocrx_word' id='word_1_314' title='bbox 1703 3282 1845 3358; x_wconf 86' lang='lat' dir='ltr'>capella</span> <span class='ocrx_word' id='word_1_315' title='bbox 1863 3284 1899 3344; x_wconf 85' lang='lat' dir='ltr'>S.</span> <span class='ocrx_word' id='word_1_316' title='bbox 1924 3283 1992 3344; x_wconf 87' lang='lat' dir='ltr'>Sai-</span> 
     </span>
     <span class='ocr_line' id='line_1_40' title="bbox 330 3378 2042 3459; baseline -0.004 -14"><span class='ocrx_word' id='word_1_317' title='bbox 330 3383 466 3445; x_wconf 75' lang='lat' dir='ltr'>valeant</span> <span class='ocrx_word' id='word_1_318' title='bbox 486 3379 683 3459; x_wconf 87' lang='lat' dir='ltr'>propensius</span> <span class='ocrx_word' id='word_1_319' title='bbox 697 3378 883 3452; x_wconf 90' lang='lat' dir='ltr'>imminere,</span> <span class='ocrx_word' id='word_1_320' title='bbox 895 3382 929 3442; x_wconf 92' lang='lat' dir='ltr'>et</span> <span class='ocrx_word' id='word_1_321' title='bbox 945 3381 1128 3442; x_wconf 87' lang='lat' dir='ltr'>commissae</span> <span class='ocrx_word' id='word_1_322' title='bbox 1183 3381 1321 3451; x_wconf 84' lang='lat' dir='ltr'>valoris,</span> <span class='ocrx_word' id='word_1_323' title='bbox 1352 3379 1418 3441; x_wconf 87' lang='lat' dir='ltr'>sita</span> <span class='ocrx_word' id='word_1_324' title='bbox 1440 3395 1543 3456; x_wconf 89' lang='lat' dir='ltr'>prope</span> <span class='ocrx_word' id='word_1_325' title='bbox 1566 3381 1702 3439; x_wconf 87' lang='lat' dir='ltr'>Pratum</span> <span class='ocrx_word' id='word_1_326' title='bbox 1724 3381 1830 3456; x_wconf 80' lang='lat' dir='ltr'>juxta</span> <span class='ocrx_word' id='word_1_327' title='bbox 1854 3379 1991 3440; x_wconf 82' lang='lat' dir='ltr'>fluvium</span> <span class='ocrx_word' id='word_1_328' title='bbox 2041 3443 2042 3450; x_wconf 31' lang='lat'>,</span> 
     </span>
     <span class='ocr_line' id='line_1_41' title="bbox 330 3465 2042 3558; baseline -0.002 -17"><span class='ocrx_word' id='word_1_329' title='bbox 330 3481 478 3558; x_wconf 87' lang='lat' dir='ltr'>ipsorum</span> <span class='ocrx_word' id='word_1_330' title='bbox 490 3465 676 3554; x_wconf 88' lang='lat' dir='ltr'>patrocinio</span> <span class='ocrx_word' id='word_1_331' title='bbox 691 3491 769 3538; x_wconf 82' lang='lat' dir='ltr'>oves</span> <span class='ocrx_word' id='word_1_332' title='bbox 781 3475 962 3537; x_wconf 86' lang='lat' dir='ltr'>Dominicae</span> <span class='ocrx_word' id='word_1_333' title='bbox 977 3477 1054 3538; x_wconf 80' lang='lat' dir='ltr'>vitae</span> <span class='ocrx_word' id='word_1_334' title='bbox 1069 3491 1129 3552; x_wconf 90' lang='lat' dir='ltr'>pa·</span> <span class='ocrx_word' id='word_1_335' title='bbox 1183 3478 1377 3550; x_wconf 86' lang='lat' dir='ltr'>Bisertium,</span> <span class='ocrx_word' id='word_1_336' title='bbox 1421 3476 1550 3554; x_wconf 89' lang='lat' dir='ltr'>capella</span> <span class='ocrx_word' id='word_1_337' title='bbox 1582 3478 1614 3537; x_wconf 85' lang='lat' dir='ltr'>S.</span> <span class='ocrx_word' id='word_1_338' title='bbox 1654 3476 1794 3538; x_wconf 89' lang='lat' dir='ltr'>Martini</span> <span class='ocrx_word' id='word_1_339' title='bbox 1830 3478 1991 3546; x_wconf 87' lang='lat' dir='ltr'>Voclano,</span> <span class='ocrx_word' id='word_1_340' title='bbox 2041 3477 2042 3488; x_wconf 54' lang='lat'>³</span> 
     </span>
     <span class='ocr_line' id='line_1_42' title="bbox 332 3570 2042 3652; baseline -0.004 -16"><span class='ocrx_word' id='word_1_341' title='bbox 332 3576 444 3636; x_wconf 91' lang='lat' dir='ltr'>bulum</span> <span class='ocrx_word' id='word_1_342' title='bbox 462 3572 660 3634; x_wconf 88' lang='lat' dir='ltr'>Christianis</span> <span class='ocrx_word' id='word_1_343' title='bbox 679 3570 932 3633; x_wconf 88' lang='lat' dir='ltr'>necessitatibus</span> <span class='ocrx_word' id='word_1_344' title='bbox 950 3587 1128 3649; x_wconf 83' lang='lat' dir='ltr'>pravorum</span> <span class='ocrx_word' id='word_1_345' title='bbox 1183 3591 1257 3652; x_wconf 88' lang='lat' dir='ltr'>qnae</span> <span class='ocrx_word' id='word_1_346' title='bbox 1265 3576 1404 3636; x_wconf 88' lang='lat' dir='ltr'>vocatur</span> <span class='ocrx_word' id='word_1_347' title='bbox 1416 3577 1563 3636; x_wconf 90' lang='lat' dir='ltr'>Pamana</span> <span class='ocrx_word' id='word_1_348' title='bbox 1574 3573 1609 3634; x_wconf 93' lang='lat' dir='ltr'>in</span> <span class='ocrx_word' id='word_1_349' title='bbox 1622 3572 1805 3634; x_wconf 87' lang='lat' dir='ltr'>Pistorien.</span> <span class='ocrx_word' id='word_1_350' title='bbox 1819 3576 1990 3640; x_wconf 86' lang='lat' dir='ltr'>comitatu,</span> <span class='ocrx_word' id='word_1_351' title='bbox 2041 3601 2042 3630; x_wconf 53' lang='lat' dir='ltr'>t</span> 
     </span>
     <span class='ocr_line' id='line_1_43' title="bbox 331 3668 1990 3748; baseline -0.003 -14"><span class='ocrx_word' id='word_1_352' title='bbox 331 3673 493 3734; x_wconf 89' lang='lat' dir='ltr'>molestiis</span> <span class='ocrx_word' id='word_1_353' title='bbox 507 3669 654 3741; x_wconf 90' lang='lat' dir='ltr'>uberius,</span> <span class='ocrx_word' id='word_1_354' title='bbox 674 3668 708 3730; x_wconf 91' lang='lat' dir='ltr'>et</span> <span class='ocrx_word' id='word_1_355' title='bbox 724 3669 867 3747; x_wconf 83' lang='lat' dir='ltr'>quietius</span> <span class='ocrx_word' id='word_1_356' title='bbox 888 3669 993 3746; x_wconf 89' lang='lat' dir='ltr'>possit</span> <span class='ocrx_word' id='word_1_357' title='bbox 1003 3668 1129 3748; x_wconf 84' lang='lat' dir='ltr'>jugiter</span> <span class='ocrx_word' id='word_1_358' title='bbox 1184 3690 1257 3733; x_wconf 90' lang='lat' dir='ltr'>cum</span> <span class='ocrx_word' id='word_1_359' title='bbox 1276 3671 1412 3734; x_wconf 91' lang='lat' dir='ltr'>castello</span> <span class='ocrx_word' id='word_1_360' title='bbox 1429 3670 1625 3732; x_wconf 85' lang='lat' dir='ltr'>Sambucbae</span> <span class='ocrx_word' id='word_1_361' title='bbox 1639 3669 1700 3730; x_wconf 92' lang='lat' dir='ltr'>sub</span> <span class='ocrx_word' id='word_1_362' title='bbox 1715 3671 1825 3732; x_wconf 88' lang='lat' dir='ltr'>certis</span> <span class='ocrx_word' id='word_1_363' title='bbox 1841 3673 1990 3734; x_wconf 85' lang='lat' dir='ltr'>terminis</span> 
     </span>
     <span class='ocr_line' id='line_1_44' title="bbox 332 3765 1990 3844; baseline -0.003 -12"><span class='ocrx_word' id='word_1_364' title='bbox 332 3770 494 3832; x_wconf 86' lang='lat' dir='ltr'>invenire.</span> <span class='ocrx_word' id='word_1_365' title='bbox 507 3769 547 3829; x_wconf 82' lang='lat' dir='ltr'>st</span> <span class='ocrx_word' id='word_1_366' title='bbox 560 3767 735 3844; x_wconf 81' lang='lat' dir='ltr'>propterea</span> <span class='ocrx_word' id='word_1_367' title='bbox 749 3766 932 3828; x_wconf 85' lang='lat' dir='ltr'>venerabili</span> <span class='ocrx_word' id='word_1_368' title='bbox 947 3765 983 3827; x_wconf 93' lang='lat' dir='ltr'>in</span> <span class='ocrx_word' id='word_1_369' title='bbox 998 3767 1128 3828; x_wconf 81' lang='lat' dir='ltr'>Christo</span> <span class='ocrx_word' id='word_1_370' title='bbox 1184 3769 1372 3830; x_wconf 89' lang='lat' dir='ltr'>constructo</span> <span class='ocrx_word' id='word_1_371' title='bbox 1383 3770 1513 3830; x_wconf 80' lang='lat' dir='ltr'>sancta</span> <span class='ocrx_word' id='word_1_372' title='bbox 1524 3765 1911 3829; x_wconf 83' lang='lat' dir='ltr'>Pistoriensiseoclesiae</span> <span class='ocrx_word' id='word_1_373' title='bbox 1921 3784 1990 3829; x_wconf 87' lang='lat' dir='ltr'>con·</span> 
     </span>
     <span class='ocr_line' id='line_1_45' title="bbox 333 3861 1987 3946; baseline -0.001 -18"><span class='ocrx_word' id='word_1_374' title='bbox 333 3867 420 3946; x_wconf 87' lang='lat' dir='ltr'>patri</span> <span class='ocrx_word' id='word_1_375' title='bbox 450 3861 569 3944; x_wconf 82' lang='lat' dir='ltr'>[fratri]</span> <span class='ocrx_word' id='word_1_376' title='bbox 596 3863 746 3926; x_wconf 82' lang='lat' dir='ltr'>soffredo</span> <span class='ocrx_word' id='word_1_377' title='bbox 768 3864 944 3926; x_wconf 89' lang='lat' dir='ltr'>Pistorien.</span> <span class='ocrx_word' id='word_1_378' title='bbox 973 3864 1128 3941; x_wconf 90' lang='lat' dir='ltr'>episcopo</span> <span class='ocrx_word' id='word_1_379' title='bbox 1184 3866 1347 3927; x_wconf 84' lang='lat' dir='ltr'>firmando</span> <span class='ocrx_word' id='word_1_380' title='bbox 1376 3865 1438 3926; x_wconf 92' lang='lat' dir='ltr'>sito</span> <span class='ocrx_word' id='word_1_381' title='bbox 1465 3881 1484 3924; x_wconf 92' lang='lat' dir='ltr'>a</span> <span class='ocrx_word' id='word_1_382' title='bbox 1515 3880 1589 3926; x_wconf 86' lang='lat' dir='ltr'>ven.</span> <span class='ocrx_word' id='word_1_383' title='bbox 1618 3864 1789 3926; x_wconf 74' lang='lat' dir='ltr'>memoriae</span> <span class='ocrx_word' id='word_1_384' title='bbox 1817 3866 1987 3927; x_wconf 80' lang='lat' dir='ltr'>comitissa</span> 
     </span>
     <span class='ocr_line' id='line_1_46' title="bbox 333 3959 1988 4038; baseline -0.003 -11"><span class='ocrx_word' id='word_1_385' title='bbox 333 3967 399 4028; x_wconf 87' lang='lat' dir='ltr'>tuae</span> <span class='ocrx_word' id='word_1_386' title='bbox 415 3961 598 4024; x_wconf 87' lang='lat' dir='ltr'>honestatis</span> <span class='ocrx_word' id='word_1_387' title='bbox 620 3962 653 4023; x_wconf 93' lang='lat' dir='ltr'>et</span> <span class='ocrx_word' id='word_1_388' title='bbox 674 3960 818 4038; x_wconf 78' lang='lat' dir='ltr'>antiquas</span> <span class='ocrx_word' id='word_1_389' title='bbox 843 3961 1040 4033; x_wconf 87' lang='lat' dir='ltr'>devotionis,</span> <span class='ocrx_word' id='word_1_390' title='bbox 1064 3977 1128 4038; x_wconf 85' lang='lat' dir='ltr'>qua</span> <span class='ocrx_word' id='word_1_391' title='bbox 1183 3963 1343 4026; x_wconf 89' lang='lat' dir='ltr'>Mathilda</span> <span class='ocrx_word' id='word_1_392' title='bbox 1359 3963 1394 4024; x_wconf 94' lang='lat' dir='ltr'>B.</span> <span class='ocrx_word' id='word_1_393' title='bbox 1414 3963 1503 4024; x_wconf 88' lang='lat' dir='ltr'>Petri</span> <span class='ocrx_word' id='word_1_394' title='bbox 1517 3959 1584 4022; x_wconf 80' lang='lat' dir='ltr'>fllia</span> <span class='ocrx_word' id='word_1_395' title='bbox 1599 3963 1674 4038; x_wconf 90' lang='lat' dir='ltr'>post</span> <span class='ocrx_word' id='word_1_396' title='bbox 1688 3961 1747 4022; x_wconf 93' lang='lat' dir='ltr'>diu</span> <span class='ocrx_word' id='word_1_397' title='bbox 1761 3963 1988 4025; x_wconf 81' lang='lat' dir='ltr'>examinatos</span> 
     </span>
     <span class='ocr_line' id='line_1_47' title="bbox 334 4047 1987 4138; baseline -0.001 -15"><span class='ocrx_word' id='word_1_398' title='bbox 334 4047 512 4124; x_wconf 81' lang='lat' dir='ltr'>Pistorien.</span> <span class='ocrx_word' id='word_1_399' title='bbox 539 4058 681 4121; x_wconf 89' lang='lat' dir='ltr'>ecclesia</span> <span class='ocrx_word' id='word_1_400' title='bbox 714 4073 844 4136; x_wconf 87' lang='lat' dir='ltr'>semper</span> <span class='ocrx_word' id='word_1_401' title='bbox 867 4059 903 4120; x_wconf 92' lang='lat' dir='ltr'>in</span> <span class='ocrx_word' id='word_1_402' title='bbox 929 4057 1128 4134; x_wconf 77' lang='lat' dir='ltr'>spostolicae</span> <span class='ocrx_word' id='word_1_403' title='bbox 1184 4059 1407 4138; x_wconf 87' lang='lat' dir='ltr'>compluribus</span> <span class='ocrx_word' id='word_1_404' title='bbox 1417 4058 1597 4136; x_wconf 88' lang='lat' dir='ltr'>judicibus,</span> <span class='ocrx_word' id='word_1_405' title='bbox 1619 4073 1659 4120; x_wconf 86' lang='lat' dir='ltr'>ao</span> <span class='ocrx_word' id='word_1_406' title='bbox 1677 4059 1895 4137; x_wconf 85' lang='lat' dir='ltr'>jurisperitis</span> <span class='ocrx_word' id='word_1_407' title='bbox 1911 4075 1987 4121; x_wconf 88' lang='lat' dir='ltr'>auc-</span> 
     </span>
     <span class='ocr_line' id='line_1_48' title="bbox 336 4155 1987 4234; baseline -0.003 -13"><span class='ocrx_word' id='word_1_408' title='bbox 336 4159 431 4221; x_wconf 88' lang='lat' dir='ltr'>Sedis</span> <span class='ocrx_word' id='word_1_409' title='bbox 446 4157 633 4220; x_wconf 84' lang='lat' dir='ltr'>reverentia</span> <span class='ocrx_word' id='word_1_410' title='bbox 650 4159 683 4219; x_wconf 90' lang='lat' dir='ltr'>et</span> <span class='ocrx_word' id='word_1_411' title='bbox 701 4157 916 4219; x_wconf 87' lang='lat' dir='ltr'>veneratione</span> <span class='ocrx_word' id='word_1_412' title='bbox 934 4156 1126 4232; x_wconf 90' lang='lat' dir='ltr'>permansit,</span> <span class='ocrx_word' id='word_1_413' title='bbox 1183 4158 1317 4220; x_wconf 90' lang='lat' dir='ltr'>toritate</span> <span class='ocrx_word' id='word_1_414' title='bbox 1339 4171 1399 4234; x_wconf 89' lang='lat' dir='ltr'>per</span> <span class='ocrx_word' id='word_1_415' title='bbox 1420 4155 1582 4234; x_wconf 85' lang='lat' dir='ltr'>judicium</span> <span class='ocrx_word' id='word_1_416' title='bbox 1595 4155 1758 4218; x_wconf 87' lang='lat' dir='ltr'>Bernardi</span> <span class='ocrx_word' id='word_1_417' title='bbox 1774 4157 1811 4217; x_wconf 91' lang='lat' dir='ltr'>S.</span> <span class='ocrx_word' id='word_1_418' title='bbox 1829 4159 1987 4220; x_wconf 84' lang='lat' dir='ltr'>Romana</span> 
     </span>
     <span class='ocr_line' id='line_1_49' title="bbox 335 4251 1986 4332; baseline -0.002 -13"><span class='ocrx_word' id='word_1_419' title='bbox 335 4256 601 4319; x_wconf 89' lang='lat' dir='ltr'>consideratione</span> <span class='ocrx_word' id='word_1_420' title='bbox 624 4253 748 4316; x_wconf 90' lang='lat' dir='ltr'>inducti</span> <span class='ocrx_word' id='word_1_421' title='bbox 772 4255 813 4315; x_wconf 91' lang='lat' dir='ltr'>ad</span> <span class='ocrx_word' id='word_1_422' title='bbox 830 4254 1003 4330; x_wconf 80' lang='lat' dir='ltr'>exemplar</span> <span class='ocrx_word' id='word_1_423' title='bbox 1021 4253 1128 4316; x_wconf 88' lang='lat' dir='ltr'>leiicis</span> <span class='ocrx_word' id='word_1_424' title='bbox 1184 4254 1340 4332; x_wconf 74' lang='lat' dir='ltr'>Ecclesia</span> <span class='ocrx_word' id='word_1_425' title='bbox 1364 4251 1472 4332; x_wconf 88' lang='lat' dir='ltr'>presb.</span> <span class='ocrx_word' id='word_1_426' title='bbox 1489 4253 1579 4314; x_wconf 89' lang='lat' dir='ltr'>card.</span> <span class='ocrx_word' id='word_1_427' title='bbox 1593 4253 1707 4330; x_wconf 89' lang='lat' dir='ltr'>etjam</span> <span class='ocrx_word' id='word_1_428' title='bbox 1722 4253 1807 4315; x_wconf 91' lang='lat' dir='ltr'>dicti</span> <span class='ocrx_word' id='word_1_429' title='bbox 1826 4257 1986 4330; x_wconf 91' lang='lat' dir='ltr'>pastora-</span> 
     </span>
     <span class='ocr_line' id='line_1_50' title="bbox 335 4349 1988 4430; baseline -0.003 -15"><span class='ocrx_word' id='word_1_430' title='bbox 335 4353 576 4416; x_wconf 89' lang='lat' dir='ltr'>recordationis</span> <span class='ocrx_word' id='word_1_431' title='bbox 587 4351 713 4414; x_wconf 90' lang='lat' dir='ltr'>Urbani</span> <span class='ocrx_word' id='word_1_432' title='bbox 724 4351 901 4428; x_wconf 87' lang='lat' dir='ltr'>pastoralis</span> <span class='ocrx_word' id='word_1_433' title='bbox 915 4349 1127 4430; x_wconf 77' lang='lat' dir='ltr'>[Pasobalis],</span> <span class='ocrx_word' id='word_1_434' title='bbox 1184 4353 1261 4414; x_wconf 90' lang='lat' dir='ltr'>lis...</span> <span class='ocrx_word' id='word_1_435' title='bbox 1289 4349 1408 4414; x_wconf 80' lang='lat' dir='ltr'>vicarii</span> <span class='ocrx_word' id='word_1_436' title='bbox 1428 4351 1462 4411; x_wconf 94' lang='lat' dir='ltr'>in</span> <span class='ocrx_word' id='word_1_437' title='bbox 1489 4365 1589 4412; x_wconf 90' lang='lat' dir='ltr'>manu</span> <span class='ocrx_word' id='word_1_438' title='bbox 1608 4351 1716 4428; x_wconf 79' lang='lat' dir='ltr'>dignae</span> <span class='ocrx_word' id='word_1_439' title='bbox 1740 4351 1988 4414; x_wconf 79' lang='lat' dir='ltr'>recordationis</span> 
     </span>
     <span class='ocr_line' id='line_1_51' title="bbox 335 4447 1988 4528; baseline -0.003 -15"><span class='ocrx_word' id='word_1_440' title='bbox 335 4449 521 4513; x_wconf 88' lang='lat' dir='ltr'>innocentii</span> <span class='ocrx_word' id='word_1_441' title='bbox 545 4451 592 4520; x_wconf 90' lang='lat' dir='ltr'>Ii,</span> <span class='ocrx_word' id='word_1_442' title='bbox 617 4449 804 4520; x_wconf 73' lang='lat' dir='ltr'>anastasii,</span> <span class='ocrx_word' id='word_1_443' title='bbox 833 4449 1031 4522; x_wconf 78' lang='lat' dir='ltr'>Alexandri,</span> <span class='ocrx_word' id='word_1_444' title='bbox 1062 4448 1129 4510; x_wconf 89' lang='lat' dir='ltr'>Ur·</span> <span class='ocrx_word' id='word_1_445' title='bbox 1184 4451 1371 4528; x_wconf 86' lang='lat' dir='ltr'>ildeprandi</span> <span class='ocrx_word' id='word_1_446' title='bbox 1386 4447 1641 4526; x_wconf 83' lang='lat' dir='ltr'>praedecessoris</span> <span class='ocrx_word' id='word_1_447' title='bbox 1655 4447 1717 4521; x_wconf 89' lang='lat' dir='ltr'>tui,</span> <span class='ocrx_word' id='word_1_448' title='bbox 1731 4451 1764 4512; x_wconf 89' lang='lat' dir='ltr'>ct</span> <span class='ocrx_word' id='word_1_449' title='bbox 1778 4447 1906 4511; x_wconf 81' lang='lat' dir='ltr'>fratris</span> <span class='ocrx_word' id='word_1_450' title='bbox 1922 4453 1988 4527; x_wconf 87' lang='lat' dir='ltr'>ejus</span> 
     </span>
     <span class='ocr_line' id='line_1_52' title="bbox 294 4545 1986 4623; baseline -0.001 -15"><span class='ocrx_word' id='word_1_451' title='bbox 294 4590 297 4600; x_wconf 83' lang='lat'><strong><em>.</em></strong></span> <span class='ocrx_word' id='word_1_452' title='bbox 335 4548 415 4608; x_wconf 91' lang='lat' dir='ltr'>bani</span> <span class='ocrx_word' id='word_1_453' title='bbox 441 4549 487 4606; x_wconf 89' lang='grc' dir='ltr'>ΙΙΙ</span> <span class='ocrx_word' id='word_1_454' title='bbox 511 4561 550 4606; x_wconf 89' lang='lat' dir='ltr'>ac</span> <span class='ocrx_word' id='word_1_455' title='bbox 579 4545 750 4607; x_wconf 91' lang='lat' dir='ltr'>Innocenti</span> <span class='ocrx_word' id='word_1_456' title='bbox 774 4547 820 4604; x_wconf 90' lang='lat' dir='ltr'>Iti</span> <span class='ocrx_word' id='word_1_457' title='bbox 849 4545 1129 4621; x_wconf 88' lang='lat' dir='ltr'>praedecessorum</span> <span class='ocrx_word' id='word_1_458' title='bbox 1184 4549 1336 4610; x_wconf 88' lang='lat' dir='ltr'>restituta</span> <span class='ocrx_word' id='word_1_459' title='bbox 1360 4563 1433 4608; x_wconf 88' lang='lat' dir='ltr'>esse</span> <span class='ocrx_word' id='word_1_460' title='bbox 1456 4547 1676 4623; x_wconf 77' lang='lat' dir='ltr'>cognoscitur.</span> <span class='ocrx_word' id='word_1_461' title='bbox 1697 4549 1805 4608; x_wconf 91' lang='lat' dir='ltr'>Porro</span> <span class='ocrx_word' id='word_1_462' title='bbox 1832 4546 1986 4610; x_wconf 82' lang='lat' dir='ltr'>decima·</span> 
     </span>
     <span class='ocr_line' id='line_1_53' title="bbox 336 4641 1989 4723; baseline -0.001 -18"><span class='ocrx_word' id='word_1_463' title='bbox 336 4645 525 4706; x_wconf 90' lang='lat' dir='ltr'>nostrornm</span> <span class='ocrx_word' id='word_1_464' title='bbox 541 4643 764 4703; x_wconf 89' lang='lat' dir='ltr'>Romanorum</span> <span class='ocrx_word' id='word_1_465' title='bbox 784 4641 981 4702; x_wconf 73' lang='lat' dir='ltr'>Pontificum</span> <span class='ocrx_word' id='word_1_466' title='bbox 995 4657 1130 4703; x_wconf 88' lang='lat' dir='ltr'>aarum·</span> <span class='ocrx_word' id='word_1_467' title='bbox 1184 4648 1290 4708; x_wconf 86' lang='lat' dir='ltr'>tiones</span> <span class='ocrx_word' id='word_1_468' title='bbox 1319 4645 1359 4707; x_wconf 92' lang='lat' dir='ltr'>de</span> <span class='ocrx_word' id='word_1_469' title='bbox 1387 4645 1499 4706; x_wconf 91' lang='lat' dir='ltr'>Monte</span> <span class='ocrx_word' id='word_1_470' title='bbox 1527 4644 1646 4717; x_wconf 89' lang='lat' dir='ltr'>Murio,</span> <span class='ocrx_word' id='word_1_471' title='bbox 1675 4644 1716 4723; x_wconf 82' lang='lat' dir='ltr'>de</span> <span class='ocrx_word' id='word_1_472' title='bbox 1743 4645 1863 4716; x_wconf 88' lang='lat' dir='ltr'>Prato,</span> <span class='ocrx_word' id='word_1_473' title='bbox 1894 4647 1935 4706; x_wconf 90' lang='lat' dir='ltr'>de</span> <span class='ocrx_word' id='word_1_474' title='bbox 1958 4647 1989 4704; x_wconf 84' lang='lat' dir='ltr'>S.</span> 
     </span>
     <span class='ocr_line' id='line_1_54' title="bbox 337 4736 1991 4818; baseline -0.001 -16"><span class='ocrx_word' id='word_1_475' title='bbox 337 4743 412 4802; x_wconf 90' lang='lat' dir='ltr'>dem</span> <span class='ocrx_word' id='word_1_476' title='bbox 429 4738 646 4801; x_wconf 88' lang='lat' dir='ltr'>ecclesiarum</span> <span class='ocrx_word' id='word_1_477' title='bbox 666 4736 726 4798; x_wconf 90' lang='lat' dir='ltr'>sub</span> <span class='ocrx_word' id='word_1_478' title='bbox 747 4736 836 4799; x_wconf 87' lang='lat' dir='ltr'>beati</span> <span class='ocrx_word' id='word_1_479' title='bbox 851 4738 953 4818; x_wconf 89' lang='lat' dir='ltr'>Petri,</span> <span class='ocrx_word' id='word_1_480' title='bbox 969 4737 1003 4800; x_wconf 91' lang='lat' dir='ltr'>et</span> <span class='ocrx_word' id='word_1_481' title='bbox 1016 4739 1129 4800; x_wconf 86' lang='lat' dir='ltr'>nostra</span> <span class='ocrx_word' id='word_1_482' title='bbox 1185 4742 1365 4814; x_wconf 81' lang='lat' dir='ltr'>Paulo,.de</span> <span class='ocrx_word' id='word_1_483' title='bbox 1389 4741 1561 4813; x_wconf 79' lang='lat' dir='ltr'>colonica,</span> <span class='ocrx_word' id='word_1_484' title='bbox 1585 4741 1625 4802; x_wconf 89' lang='lat' dir='ltr'>de</span> <span class='ocrx_word' id='word_1_485' title='bbox 1648 4743 1760 4804; x_wconf 91' lang='lat' dir='ltr'>Monte</span> <span class='ocrx_word' id='word_1_486' title='bbox 1782 4743 1925 4818; x_wconf 79' lang='lat' dir='ltr'>Magno,</span> <span class='ocrx_word' id='word_1_487' title='bbox 1954 4743 1991 4802; x_wconf 86' lang='lat' dir='ltr'>ds</span> 
     </span>
     <span class='ocr_line' id='line_1_55' title="bbox 335 4834 1993 4918; baseline 0.001 -18"><span class='ocrx_word' id='word_1_488' title='bbox 335 4837 541 4918; x_wconf 87' lang='lat' dir='ltr'>protectione</span> <span class='ocrx_word' id='word_1_489' title='bbox 566 4834 783 4913; x_wconf 89' lang='lat' dir='ltr'>suscepimus,</span> <span class='ocrx_word' id='word_1_490' title='bbox 812 4839 846 4898; x_wconf 89' lang='lat' dir='ltr'>et</span> <span class='ocrx_word' id='word_1_491' title='bbox 871 4835 1027 4912; x_wconf 87' lang='lat' dir='ltr'>praesenti</span> <span class='ocrx_word' id='word_1_492' title='bbox 1050 4851 1129 4898; x_wconf 88' lang='lat' dir='ltr'>sus·</span> <span class='ocrx_word' id='word_1_493' title='bbox 1184 4841 1318 4912; x_wconf 82' lang='lat' dir='ltr'>Castile,</span> <span class='ocrx_word' id='word_1_494' title='bbox 1335 4841 1376 4900; x_wconf 91' lang='lat' dir='ltr'>de</span> <span class='ocrx_word' id='word_1_495' title='bbox 1398 4837 1646 4916; x_wconf 83' lang='lat' dir='ltr'>Lamporeocbi,</span> <span class='ocrx_word' id='word_1_496' title='bbox 1663 4838 1703 4900; x_wconf 90' lang='lat' dir='ltr'>de</span> <span class='ocrx_word' id='word_1_497' title='bbox 1724 4839 1889 4912; x_wconf 72' lang='lat' dir='ltr'>crutide</span> <span class='ocrx_word' id='word_1_498' title='bbox 1906 4843 1993 4918; x_wconf 83' lang='lat' dir='ltr'>Spa-</span> 
     </span>
    </p>
   </div>
   <div class='ocr_carea' id='block_1_10' title="bbox 338 4969 1994 5334">
    <p class='ocr_par' dir='ltr' id='par_1_11' title="bbox 338 4969 1994 5334">
     <span class='ocr_line' id='line_1_56' title="bbox 373 4969 1994 5060; baseline -0.001 -24"><span class='ocrx_word' id='word_1_499' title='bbox 373 4979 414 5054; x_wconf 83' lang='grc' dir='ltr'>(Ι)</span> <span class='ocrx_word' id='word_1_500' title='bbox 435 4979 513 5037; x_wconf 81' lang='lat' dir='ltr'>cette</span> <span class='ocrx_word' id='word_1_501' title='bbox 527 4977 613 5060; x_wconf 67' lang='lat' dir='ltr'>bnis,</span> <span class='ocrx_word' id='word_1_502' title='bbox 630 4974 764 5034; x_wconf 80' lang='lat' dir='ltr'>adressee</span> <span class='ocrx_word' id='word_1_503' title='bbox 781 4969 955 5058; x_wconf 66' lang='lat' dir='ltr'>liodrada,</span> <span class='ocrx_word' id='word_1_504' title='bbox 970 4974 1080 5049; x_wconf 79' lang='lat' dir='ltr'>evaque</span> <span class='ocrx_word' id='word_1_505' title='bbox 1094 4977 1130 5033; x_wconf 88' lang='lat' dir='ltr'>de</span> <span class='ocrx_word' id='word_1_506' title='bbox 1161 4979 1162 4982; x_wconf 76' lang='grc'>’</span> <span class='ocrx_word' id='word_1_507' title='bbox 1184 4988 1265 5037; x_wconf 85' lang='lat' dir='ltr'>entre</span> <span class='ocrx_word' id='word_1_508' title='bbox 1283 4978 1415 5036; x_wconf 73' lang='lat' dir='ltr'>orocbas</span> <span class='ocrx_word' id='word_1_509' title='bbox 1431 4981 1658 5052; x_wconf 71' lang='lat' dir='ltr'>quieturos-unes</span> <span class='ocrx_word' id='word_1_510' title='bbox 1676 4978 1729 5036; x_wconf 87' lang='lat' dir='ltr'>das</span> <span class='ocrx_word' id='word_1_511' title='bbox 1743 4983 1934 5038; x_wconf 79' lang='lat' dir='ltr'>corrections</span> <span class='ocrx_word' id='word_1_512' title='bbox 1950 4983 1994 5053; x_wconf 80' lang='lat' dir='ltr'>qut</span> 
     </span>
     <span class='ocr_line' id='line_1_57' title="bbox 338 5047 1602 5176; baseline -0.003 -66"><span class='ocrx_word' id='word_1_513' title='bbox 338 5051 453 5117; x_wconf 88' lang='lat' dir='ltr'>Pistoie,</span> <span class='ocrx_word' id='word_1_514' title='bbox 467 5047 826 5176; x_wconf 55' lang='lat' dir='ltr'>9¹.li“b¹¹⁶⁹8³f.U8h⁰¹³.¹i</span> <span class='ocrx_word' id='word_1_515' title='bbox 836 5049 925 5130; x_wconf 74' lang='lat' dir='ltr'>italio</span> <span class='ocrx_word' id='word_1_516' title='bbox 936 5062 1030 5117; x_wconf 80' lang='lat' dir='ltr'>soora,</span> <span class='ocrx_word' id='word_1_517' title='bbox 1040 5056 1060 5104; x_wconf 93' lang='lat' dir='ltr'>t.</span> <span class='ocrx_word' id='word_1_518' title='bbox 1077 5049 1128 5116; x_wconf 92' lang='lat' dir='ltr'>ill,</span> <span class='ocrx_word' id='word_1_519' title='bbox 1186 5067 1258 5108; x_wconf 91' lang='lat' dir='ltr'>nous</span> <span class='ocrx_word' id='word_1_520' title='bbox 1273 5052 1434 5124; x_wconf 79' lang='lat' dir='ltr'>paruissent</span> <span class='ocrx_word' id='word_1_521' title='bbox 1445 5051 1602 5108; x_wconf 75' lang='lat' dir='ltr'>evidentes.</span> 
     </span>
     <span class='ocr_line' id='line_1_58' title="bbox 338 5117 1992 5195; baseline 0.003 -18"><span class='ocrx_word' id='word_1_522' title='bbox 338 5138 365 5194; x_wconf 93' lang='lat' dir='ltr'>p.</span> <span class='ocrx_word' id='word_1_523' title='bbox 382 5121 445 5189; x_wconf 77' lang='lat'>301,</span> <span class='ocrx_word' id='word_1_524' title='bbox 461 5120 566 5176; x_wconf 80' lang='lat' dir='ltr'>edition</span> <span class='ocrx_word' id='word_1_525' title='bbox 584 5118 619 5175; x_wconf 90' lang='lat' dir='ltr'>de</span> <span class='ocrx_word' id='word_1_526' title='bbox 656 5117 864 5187; x_wconf 84' lang='lat' dir='ltr'>entse,etcd1t.</span> <span class='ocrx_word' id='word_1_527' title='bbox 882 5117 1029 5184; x_wconf 77' lang='lat' dir='ltr'>dolionis,</span> <span class='ocrx_word' id='word_1_528' title='bbox 1043 5126 1062 5174; x_wconf 95' lang='lat' dir='ltr'>t.</span> <span class='ocrx_word' id='word_1_529' title='bbox 1077 5119 1127 5188; x_wconf 91' lang='lat' dir='ltr'>ill,</span> <span class='ocrx_word' id='word_1_530' title='bbox 1222 5121 1263 5195; x_wconf 68' lang='grc' dir='ltr'>(Ι)</span> <span class='ocrx_word' id='word_1_531' title='bbox 1283 5123 1391 5179; x_wconf 80' lang='lat' dir='ltr'>tantais</span> <span class='ocrx_word' id='word_1_532' title='bbox 1408 5123 1551 5178; x_wconf 89' lang='lat' dir='ltr'>Honorius</span> <span class='ocrx_word' id='word_1_533' title='bbox 1571 5119 1725 5192; x_wconf 85' lang='lat' dir='ltr'>n&#39;emploic</span> <span class='ocrx_word' id='word_1_534' title='bbox 1745 5129 1861 5179; x_wconf 86' lang='lat' dir='ltr'>cemot</span> <span class='ocrx_word' id='word_1_535' title='bbox 1879 5121 1992 5189; x_wconf 70' lang='lat' dir='ltr'>(sotus.</span> 
     </span>
     <span class='ocr_line' id='line_1_59' title="bbox 338 5185 1992 5318; baseline -0.002 -68"><span class='ocrx_word' id='word_1_536' title='bbox 338 5207 366 5318; x_wconf 62' lang='lat' dir='ltr'>p.</span> <span class='ocrx_word' id='word_1_537' title='bbox 379 5191 441 5260; x_wconf 82' lang='grc'><strong>366,</strong></span> <span class='ocrx_word' id='word_1_538' title='bbox 456 5197 499 5246; x_wconf 88' lang='lat' dir='ltr'>est</span> <span class='ocrx_word' id='word_1_539' title='bbox 509 5189 653 5246; x_wconf 87' lang='lat' dir='ltr'>tellement</span> <span class='ocrx_word' id='word_1_540' title='bbox 668 5185 848 5271; x_wconf 77' lang='lat' dir='ltr'>deiectoeuse</span> <span class='ocrx_word' id='word_1_541' title='bbox 859 5188 930 5246; x_wconf 88' lang='lat' dir='ltr'>dans</span> <span class='ocrx_word' id='word_1_542' title='bbox 945 5189 970 5245; x_wconf 90' lang='lat' dir='ltr'>la</span> <span class='ocrx_word' id='word_1_543' title='bbox 982 5195 1127 5271; x_wconf 80' lang='lat' dir='ltr'>construc-</span> <span class='ocrx_word' id='word_1_544' title='bbox 1185 5195 1233 5265; x_wconf 88' lang='lat' dir='ltr'>qni</span> <span class='ocrx_word' id='word_1_545' title='bbox 1249 5207 1286 5249; x_wconf 86' lang='lat' dir='ltr'>ne</span> <span class='ocrx_word' id='word_1_546' title='bbox 1302 5192 1446 5249; x_wconf 75' lang='lat' dir='ltr'>s’acoorde</span> <span class='ocrx_word' id='word_1_547' title='bbox 1462 5207 1513 5264; x_wconf 89' lang='lat' dir='ltr'>pas</span> <span class='ocrx_word' id='word_1_548' title='bbox 1532 5205 1602 5248; x_wconf 86' lang='lat' dir='ltr'>avec</span> <span class='ocrx_word' id='word_1_549' title='bbox 1623 5191 1649 5247; x_wconf 88' lang='lat' dir='ltr'>le</span> <span class='ocrx_word' id='word_1_550' title='bbox 1663 5190 1751 5248; x_wconf 85' lang='lat' dir='ltr'>verbe</span> <span class='ocrx_word' id='word_1_551' title='bbox 1767 5195 1992 5266; x_wconf 61' lang='lat' dir='ltr'>suscepissent</span> 
     </span>
     <span class='ocr_line' id='line_1_60' title="bbox 350 5259 1600 5334; baseline -0.001 -16"><span class='ocrx_word' id='word_1_552' title='bbox 350 5265 397 5320; x_wconf 89' lang='lat' dir='ltr'>ion</span> <span class='ocrx_word' id='word_1_553' title='bbox 411 5260 637 5334; x_wconf 80' lang='lat' dir='ltr'>grammaticaio,</span> <span class='ocrx_word' id='word_1_554' title='bbox 653 5260 719 5331; x_wconf 82' lang='lat' dir='ltr'>qu’rl</span> <span class='ocrx_word' id='word_1_555' title='bbox 735 5267 778 5316; x_wconf 89' lang='lat' dir='ltr'>est</span> <span class='ocrx_word' id='word_1_556' title='bbox 789 5259 905 5317; x_wconf 85' lang='lat' dir='ltr'>evident</span> <span class='ocrx_word' id='word_1_557' title='bbox 916 5273 971 5330; x_wconf 78' lang='lat' dir='ltr'>que</span> <span class='ocrx_word' id='word_1_558' title='bbox 981 5260 1007 5316; x_wconf 91' lang='lat' dir='ltr'>ie</span> <span class='ocrx_word' id='word_1_559' title='bbox 1022 5266 1131 5332; x_wconf 78' lang='lat' dir='ltr'>coprete</span> <span class='ocrx_word' id='word_1_560' title='bbox 1185 5265 1228 5320; x_wconf 86' lang='lat' dir='ltr'>les</span> <span class='ocrx_word' id='word_1_561' title='bbox 1242 5270 1338 5321; x_wconf 84' lang='lat' dir='ltr'>autres</span> <span class='ocrx_word' id='word_1_562' title='bbox 1352 5271 1427 5320; x_wconf 87' lang='lat' dir='ltr'>mots</span> <span class='ocrx_word' id='word_1_563' title='bbox 1439 5277 1475 5320; x_wconf 88' lang='lat' dir='ltr'>nn</span> <span class='ocrx_word' id='word_1_564' title='bbox 1491 5261 1600 5334; x_wconf 90' lang='lat' dir='ltr'>pluriei.</span> 
     </span>
    </p>
   </div>
   <div class='ocr_carea' id='block_1_11' title="bbox 339 5327 1994 5462">
    <p class='ocr_par' dir='ltr' id='par_1_12' title="bbox 339 5327 1994 5462">
     <span class='ocr_line' id='line_1_61' title="bbox 339 5327 1994 5462; baseline 0.001 -73"><span class='ocrx_word' id='word_1_565' title='bbox 339 5349 353 5389; x_wconf 89' lang='lat' dir='ltr'>a</span> <span class='ocrx_word' id='word_1_566' title='bbox 377 5327 531 5404; x_wconf 74' lang='lat' dir='ltr'>interprdtc</span> <span class='ocrx_word' id='word_1_567' title='bbox 553 5331 642 5402; x_wconf 83' lang='lat' dir='ltr'>plutdt</span> <span class='ocrx_word' id='word_1_568' title='bbox 662 5329 728 5402; x_wconf 84' lang='lat' dir='ltr'>qu&#39;il</span> <span class='ocrx_word' id='word_1_569' title='bbox 751 5330 794 5386; x_wconf 88' lang='lat' dir='ltr'>n&#39;a</span> <span class='ocrx_word' id='word_1_570' title='bbox 815 5327 897 5404; x_wconf 78' lang='lat' dir='ltr'>copie</span> <span class='ocrx_word' id='word_1_571' title='bbox 920 5331 1078 5414; x_wconf 74' lang='lat' dir='ltr'>l&#39;origina13</span> <span class='ocrx_word' id='word_1_572' title='bbox 1094 5346 1131 5386; x_wconf 90' lang='lat' dir='ltr'>en</span> <span class='ocrx_word' id='word_1_573' title='bbox 1217 5333 1264 5462; x_wconf 50' lang='grc'>33)</span> <span class='ocrx_word' id='word_1_574' title='bbox 1285 5335 1324 5392; x_wconf 86' lang='lat' dir='ltr'>Le</span> <span class='ocrx_word' id='word_1_575' title='bbox 1338 5341 1414 5390; x_wconf 88' lang='lat' dir='ltr'>reste</span> <span class='ocrx_word' id='word_1_576' title='bbox 1430 5329 1466 5390; x_wconf 89' lang='lat' dir='ltr'>de</span> <span class='ocrx_word' id='word_1_577' title='bbox 1486 5330 1770 5406; x_wconf 67' lang='lat' dir='ltr'>spinosissimi</span> <span class='ocrx_word' id='word_1_578' title='bbox 1789 5335 1994 5404; x_wconf 62' lang='lat' dir='ltr'>interstruam</span> 
     </span>
    </p>
   </div>
   <div class='ocr_carea' id='block_1_12' title="bbox 340 5399 1992 5684">
    <p class='ocr_par' dir='ltr' id='par_1_13' title="bbox 340 5399 1992 5544">
     <span class='ocr_line' id='line_1_62' title="bbox 340 5399 1992 5480; baseline 0.003 -23"><span class='ocrx_word' id='word_1_579' title='bbox 340 5413 415 5459; x_wconf 83' lang='lat' dir='ltr'>sorte</span> <span class='ocrx_word' id='word_1_580' title='bbox 435 5401 501 5474; x_wconf 85' lang='lat' dir='ltr'>quit</span> <span class='ocrx_word' id='word_1_581' title='bbox 524 5409 567 5458; x_wconf 88' lang='lat' dir='ltr'>est</span> <span class='ocrx_word' id='word_1_582' title='bbox 591 5407 712 5458; x_wconf 88' lang='lat' dir='ltr'>sonvont</span> <span class='ocrx_word' id='word_1_583' title='bbox 735 5401 849 5458; x_wconf 78' lang='lat' dir='ltr'>difficile</span> <span class='ocrx_word' id='word_1_584' title='bbox 868 5399 903 5457; x_wconf 79' lang='lat' dir='ltr'>tie</span> <span class='ocrx_word' id='word_1_585' title='bbox 924 5417 1007 5460; x_wconf 80' lang='lat' dir='ltr'>sarsrr</span> <span class='ocrx_word' id='word_1_586' title='bbox 1021 5403 1047 5458; x_wconf 86' lang='lat' dir='ltr'>le</span> <span class='ocrx_word' id='word_1_587' title='bbox 1065 5415 1131 5459; x_wconf 88' lang='lat' dir='ltr'>sens</span> <span class='ocrx_word' id='word_1_588' title='bbox 1162 5465 1163 5470; x_wconf 9' lang='grc' dir='ltr'>η</span> <span class='ocrx_word' id='word_1_589' title='bbox 1186 5406 1215 5461; x_wconf 95' lang='lat' dir='ltr'>in</span> <span class='ocrx_word' id='word_1_590' title='bbox 1236 5403 1411 5475; x_wconf 76' lang='lat' dir='ltr'>ecbilirable,</span> <span class='ocrx_word' id='word_1_591' title='bbox 1427 5404 1579 5477; x_wconf 83' lang='lat' dir='ltr'>quoiqu&#39;on</span> <span class='ocrx_word' id='word_1_592' title='bbox 1591 5419 1610 5475; x_wconf 89' lang='lat' dir='ltr'>y</span> <span class='ocrx_word' id='word_1_593' title='bbox 1624 5402 1818 5476; x_wconf 77' lang='lat' dir='ltr'>apercoivcla</span> <span class='ocrx_word' id='word_1_594' title='bbox 1830 5408 1945 5480; x_wconf 70' lang='lat' dir='ltr'>pensae</span> <span class='ocrx_word' id='word_1_595' title='bbox 1960 5407 1992 5464; x_wconf 88' lang='lat' dir='ltr'>du</span> 
     </span>
     <span class='ocr_line' id='line_1_63' title="bbox 340 5471 1307 5544; baseline 0.003 -16"><span class='ocrx_word' id='word_1_596' title='bbox 340 5474 391 5529; x_wconf 84' lang='lat' dir='ltr'>des</span> <span class='ocrx_word' id='word_1_597' title='bbox 410 5473 538 5544; x_wconf 86' lang='lat' dir='ltr'>phrases.</span> <span class='ocrx_word' id='word_1_598' title='bbox 562 5473 604 5528; x_wconf 90' lang='lat' dir='ltr'>Ne</span> <span class='ocrx_word' id='word_1_599' title='bbox 620 5477 745 5544; x_wconf 89' lang='lat' dir='ltr'>pouvant</span> <span class='ocrx_word' id='word_1_600' title='bbox 767 5471 889 5528; x_wconf 86' lang='lat' dir='ltr'>rectiiier</span> <span class='ocrx_word' id='word_1_601' title='bbox 903 5471 930 5529; x_wconf 88' lang='lat' dir='ltr'>le</span> <span class='ocrx_word' id='word_1_602' title='bbox 944 5479 1021 5529; x_wconf 82' lang='lat' dir='ltr'>texte</span> <span class='ocrx_word' id='word_1_603' title='bbox 1036 5471 1132 5529; x_wconf 75' lang='lat' dir='ltr'>donne</span> <span class='ocrx_word' id='word_1_604' title='bbox 1187 5475 1284 5533; x_wconf 86' lang='lat' dir='ltr'>Pontii</span> <span class='ocrx_word' id='word_1_605' title='bbox 1299 5519 1307 5531; x_wconf 91' lang='lat'><strong>.</strong></span> 
     </span>
    </p>

    <p class='ocr_par' dir='ltr' id='par_1_14' title="bbox 341 5542 1672 5670">
     <span class='ocr_line' id='line_1_64' title="bbox 341 5542 1672 5670; baseline 0.003 -72"><span class='ocrx_word' id='word_1_606' title='bbox 341 5558 390 5670; x_wconf 55' lang='lat' dir='ltr'>[iar</span> <span class='ocrx_word' id='word_1_607' title='bbox 406 5543 529 5615; x_wconf 75' lang='lat' dir='ltr'>Ugbelli,</span> <span class='ocrx_word' id='word_1_608' title='bbox 547 5557 619 5600; x_wconf 88' lang='lat' dir='ltr'>nous</span> <span class='ocrx_word' id='word_1_609' title='bbox 635 5543 662 5599; x_wconf 92' lang='lat' dir='ltr'>le</span> <span class='ocrx_word' id='word_1_610' title='bbox 681 5542 882 5614; x_wconf 87' lang='lat' dir='ltr'>reproduisons</span> <span class='ocrx_word' id='word_1_611' title='bbox 898 5550 958 5600; x_wconf 90' lang='lat' dir='ltr'>mot</span> <span class='ocrx_word' id='word_1_612' title='bbox 974 5543 990 5600; x_wconf 77' lang='lat' dir='ltr'>a</span> <span class='ocrx_word' id='word_1_613' title='bbox 1005 5551 1075 5612; x_wconf 90' lang='lat' dir='ltr'>mot,</span> <span class='ocrx_word' id='word_1_614' title='bbox 1096 5557 1131 5598; x_wconf 91' lang='lat' dir='ltr'>en</span> <span class='ocrx_word' id='word_1_615' title='bbox 1223 5547 1262 5620; x_wconf 79' lang='lat' dir='ltr'>(i)</span> <span class='ocrx_word' id='word_1_616' title='bbox 1283 5548 1337 5614; x_wconf 83' lang='lat' dir='ltr'>Qut</span> <span class='ocrx_word' id='word_1_617' title='bbox 1346 5552 1435 5618; x_wconf 76' lang='lat' dir='ltr'>potest</span> <span class='ocrx_word' id='word_1_618' title='bbox 1448 5561 1556 5619; x_wconf 81' lang='lat' dir='ltr'>copore,</span> <span class='ocrx_word' id='word_1_619' title='bbox 1569 5545 1672 5616; x_wconf 81' lang='lat' dir='ltr'>captat.</span> 
     </span>
    </p>

    <p class='ocr_par' dir='ltr' id='par_1_15' title="bbox 353 5611 1132 5684">
     <span class='ocr_line' id='line_1_65' title="bbox 353 5611 1132 5684; baseline 0.004 -16"><span class='ocrx_word' id='word_1_620' title='bbox 353 5614 378 5668; x_wconf 88' lang='lat' dir='ltr'>oi</span> <span class='ocrx_word' id='word_1_621' title='bbox 404 5627 439 5667; x_wconf 88' lang='lat' dir='ltr'>en</span> <span class='ocrx_word' id='word_1_622' title='bbox 464 5613 581 5668; x_wconf 83' lang='lat' dir='ltr'>laissant</span> <span class='ocrx_word' id='word_1_623' title='bbox 605 5615 629 5669; x_wconf 91' lang='lat' dir='ltr'>la</span> <span class='ocrx_word' id='word_1_624' title='bbox 655 5611 881 5684; x_wconf 76' lang='lat' dir='ltr'>responsabiliti.</span> <span class='ocrx_word' id='word_1_625' title='bbox 906 5615 984 5670; x_wconf 81' lang='lat' dir='ltr'>Nous</span> <span class='ocrx_word' id='word_1_626' title='bbox 1009 5623 1132 5671; x_wconf 86' lang='lat' dir='ltr'>mettons</span> 
     </span>
    </p>
   </div>
   <div class='ocr_carea' id='block_1_13' title="bbox 0 0 2070 6388">
    <p class='ocr_par' dir='ltr' id='par_1_16' title="bbox 0 0 2070 6388">
     <span class='ocr_line' id='line_1_66' title="bbox 0 0 2070 6388; baseline 0 0"><span class='ocrx_word' id='word_1_627' title='bbox 0 0 2070 6388; x_wconf 95' lang='lat' dir='ltr'> </span> 
     </span>
    </p>
   </div>
  </div>
 </body>
</html>
