4104 6392
95 285 154 345 813
718 275 946 342 EPISTOLAE.
970 281 1048 344 LIB.
1073 283 1113 342 ΙΙ.
1679 283 1737 344 814

97 445 173 506 dum
197 441 394 520 accepimus,
419 430 593 500 ecclesiam
613 437 805 499 casaemarii
831 455 889 504 eo-
942 453 1014 502 rem
1029 437 1288 501 ecclesiasticam
1306 439 1478 518 praemissa
1493 439 1674 502 monitione
1687 457 1739 503 ca-

97 541 246 602 rumdem
274 537 435 600 vocabulo
468 535 673 612 insignitam,
710 535 888 614 antequam
944 538 1064 599 norica
1078 549 1247 599 exercere.
1262 541 1366 598 Porro
1380 538 1416 598 tu
1426 537 1461 597 in
1473 539 1585 598 nostra
1596 555 1740 614 praesen·

98 639 225 700 ordinis
240 635 343 699 vostri
355 633 521 711 reciperet
541 631 704 704 instituta,
722 647 781 710 pro
793 633 888 710 ipso·
943 635 989 697 tia
1007 651 1042 696 es
1060 637 1259 712 conquestus
1277 634 1408 695 easdem
1426 633 1650 710 indulgentias
1667 652 1739 698 esse

97 752 169 797 rurn
184 721 440 804 venerantia,'et
455 729 642 798 dilectione,
664 746 728 806 qua
743 732 888 792 vestrum
943 747 1004 809 per
1011 731 1236 808 obreptionem
1246 732 1396 794 obtentas
1405 732 1440 792 in
1449 731 1741 795 Bituriceneccle·

97 831 247 893 ordinem
279 829 532 906 amplectamur,
560 828 694 904 egregia
723 827 889 889 structura
944 829 1003 890 siae
1016 828 1246 906 praejudicium
1262 828 1533 901 manifestumeo
1549 831 1742 906 qnodocca-

96 927 234 989 lecimus
249 925 417 997 fabricari,
434 941 574 1002 eamque
586 923 747 986 advocata
761 924 891 1001 episco-
945 927 1038 988 sione
1053 926 1169 1002 primae
1181 927 1315 1003 possent
1331 927 1425 1004 quasi
1441 943 1483 987 ex
1502 926 1570 988 toto
1584 929 1742 989 evacuari

43 1043 44 1048 ¹
96 1039 213 1101 porum
229 1023 451 1094 multitudine,
466 1021 660 1084 solemniter
680 1021 891 1083 consecravi-
945 1023 1116 1085 sententiee
1130 1023 1378 1084 interdictiate
1392 1023 1443 1084 vel
1456 1024 1522 1086 tuis
1538 1025 1743 1086 successori-

96 1137 170 1181 mus
185 1121 227 1182 ad
241 1121 402 1182 bonorem
417 1120 536 1190 Dei,ac
549 1119 680 1180 Domini
691 1118 796 1180 nostri
811 1121 890 1180 lesu
944 1117 1005 1178 bus
1032 1117 1258 1194 promulgatae,
1286 1133 1360 1177 cum
1387 1117 1484 1178 idem
1503 1119 1741 1180 monasterium

96 1217 235 1290 Christi,
258 1219 291 1279 et
318 1217 569 1294 gloriosissimae
597 1217 712 1276 matris
737 1217 821 1292 ejus,
851 1229 891 1276 ao
945 1213 1169 1276 ecclesiarum·
1196 1215 1447 1290 parochialium
1463 1231 1551 1292 quas·
1575 1215 1742 1293 prioratus

96 1316 281 1392 Martyrum
297 1313 542 1392 praedictorum.
559 1315 640 1374 Cum
659 1313 763 1388 igitur
775 1315 888 1383 etvos,
945 1311 1115 1388 appellant
1127 1311 1371 1374 multitudinem
1387 1312 1508 1373 babeat
1527 1313 1561 1372 in
1585 1315 1643 1376 tua
1658 1313 1744 1374 dioe-

97 1413 179 1473 ordo
190 1428 330 1489 quorum
346 1411 542 1473 observatur
556 1411 688 1482 ibidem,
701 1409 891 1472 eorumdem
946 1409 1025 1480 cesi,
1038 1411 1076 1471 et.
1086 1409 1433 1487 populusnominatim
1445 1425 1511 1470 non
1523 1409 1629 1474 soleat
1643 1411 1742 1473 inter-

98 1510 298 1570 Sanotorum·
321 1508 516 1569 memoriam
538 1507 683 1585 speciali.
716 1507 891 1568 devotione
946 1503 1743 1570 dici.Praetextuverosecundaedaturmonacbis
1837 1539 1839 1555 ι

96 1607 246 1668 recolere
285 1605 443 1678 debeatis,
481 1619 541 1682 per
575 1603 764 1682 Apostolioa
798 1603 892 1666 vobis
946 1603 1028 1680 ipsis
1052 1604 1192 1665 audacia
1213 1605 1288 1664 tuos
1312 1603 1451 1665 clericos
1478 1604 1674 1666 verberandi
1702 1606 1743 1666 ad

97 1701 221 1779 scripta
232 1701 599 1776 mandarnnsquatenus
608 1715 722 1760 eorum
729 1699 892 1775 praeclara
947 1701 1033 1778 quod
1052 1701 1128 1762 illos
1147 1701 1271 1762 asseris
1292 1717 1365 1763 esse
1380 1716 1514 1779 pronos.
1532 1705 1596 1764 Per
1609 1703 1742 1765 tertiam

96 1798 260 1859 solemnia
275 1797 418 1870 faciatis,
427 1795 779 1874 peromnesecclesias
789 1795 893 1858 vestri
947 1799 1058 1860 autem
1067 1798 1197 1860 videtur
1208 1799 1315 1876 quoad
1326 1799 1406 1877 quid
1423 1801 1579 1862 evacuari
1593 1801 1741 1878 provisio

96 1894 225 1955 ordinis
242 1895 277 1955 in
299 1893 471 1956 duodecim
488 1893 688 1956 lectionibus
702 1893 801 1954 annis
822 1893 894 1953 sin·
948 1896 1113 1957 mediante
1132 1896 1239 1958 felicis
1264 1898 1506 1960 recordationis
1526 1899 1743 1960 innnocentio

94 1991 184 2066 gulis
198 1991 414 2052 veneratione
438 2005 585 2066 congrua
600 1990 763 2051 celebrari
779 2006 786 2045 ε
805 1991 838 2051 et
857 1989 892 2050 in
948 1993 1284 2071 papapraedecossore
1296 1995 1409 2056 nostro
1421 1995 1551 2056 intarta
1563 2011 1746 2056 acmonas-

95 2087 224 2148 litaniis
243 2102 357 2148 eorum
379 2087 552 2163 implorari
575 2085 783 2162 suffragium,
795 2087 893 2162 juxta
947 2091 1068 2151 terium
1083 2090 1193 2166 ipsum
1207 2089 1305 2162 sacta,
1321 2106 1493 2168 perquam
1512 2092 1572 2152 tibi
1588 2093 1745 2153 concedi-

95 2201 229 2246 morens
261 2187 421 2245 Romam
460 2183 618 2245 Ecclesiae
661 2183 891 2258 praenotatum.
947 2189 1002 2249 tur
1032 2186 1222 2263 jurisdictio
1261 2188 1488 2250 ecclesiastica
1524 2188 1558 2248 in
1592 2189 1742 2250 homines

133 2281 226 2342 Datis
246 2283 383 2352 Romae,
396 2281 482 2357 apud
499 2282 656 2342 Sanctum
669 2281 815 2351 Petrum,
831 2281 893 2339 Xll
948 2283 1027 2345 dicti
1041 2283 1138 2359 burgi
1154 2285 1373 2362 preterquam
1390 2287 1426 2346 in
1441 2285 1622 2362 parrocbos
1639 2287 1744 2364 ipsius

95 2379 164 2440 kal.
178 2378 268 2456 julii,
282 2393 371 2439 anno
386 2377 545 2438 secundo.
948 2381 1141 2441 monasterii
1164 2382 1337 2458 speciales.
1355 2384 1424 2442 Nos
1445 2383 1548 2460 igitur
1566 2399 1666 2460 super
1691 2385 1742 2445 bis

416 2517 569 2605 CGGHI
949 2477 992 2537 do
1001 2476 1141 2538 fratrum
1161 2481 1353 2539 nostrorum
1366 2479 1505 2540 consilio
1520 2481 1742 2557 providentes,

948 2573 1041 2633 illam
1054 2589 1127 2650 quae
1136 2574 1326 2635 conceditur
1334 2575 1503 2636 celebrare
1514 2575 1626 2637 divina
1636 2577 1745 2638 cilicia

176 2655 234 2716 M
242 2655 535 2727 arehielfitffllmm
548 2650 812 2712 mmmmm·
948 2671 1096 2746 tempore
1118 2671 1286 2732 interdicti
1310 2671 1344 2731 in
1367 2657 1569 2748 prioratibus
1585 2673 1743 2752 subjectis

395 2764 501 2836 ttjun.
518 2765 596 2822 itit.
949 2767 1151 2830 monasterio
1175 2769 1367 2857 memorato,
1391 2771 1686 2832 excommunicatis
1714 2771 1747 2832 et

132 2869 505 2936 [aegestatemepistimi.
518 2867 861 2932 deuterononium]
949 2865 1144 2928 nominatim
1172 2865 1359 2927 interdictis
1383 2867 1539 2938 exclusis
1568 2868 1616 2929 sic
1642 2867 1744 2928 duxi-

95 2969 430 3044 Aliqnasindulgentias,
444 2969 511 3025 olim
523 2967 891 3025 monasteriollolen..cou·
948 2978 1022 3022 mus
1049 2962 1295 3034 moderandam,
1319 2964 1356 3024 ut
1376 2963 1531 3026 videlicet
1550 2965 1613 3026 hac
1635 2966 1746 3026 deter-

370 3073 477 3125 oesses,
494 3061 618 3114 revocat.
948 3058 1129 3119 minatione
1155 3059 1351 3120 nominatim
1373 3061 1494 3132 amota,
1517 3063 1746 3123 excommuni-

135 3167 314 3238 Honorius,
328 3168 402 3236 etc,
415 3161 596 3226 venerabili
609 3162 741 3224 tratri...
758 3161 893 3224 arclrie-
948 3157 1014 3216 cati
1056 3157 1089 3216 et
1124 3154 1292 3217 interdicti
1326 3157 1398 3218 sine
1436 3158 1649 3221 distinctione
1685 3177 1744 3221 seu

95 3265 232 3342 piscopo
247 3263 426 3324 bituricen.
948 3252 1223 3314 determinatione
1241 3253 1388 3330 qualibet
1395 3254 1436 3315 ab
1451 3255 1533 3332 ipsis
1548 3256 1742 3332 intelligan-

134 3360 254 3421 Dolen.
264 3357 502 3419 monasterium
514 3357 592 3418 olim
607 3356 768 3433 quasdam
781 3355 894 3416 indul-
946 3351 1002 3410 tur
1016 3349 1168 3410 ecclesiis
1186 3349 1394 3411 excludendi.
1412 3353 1648 3414 Exeoutionem
1663 3371 1743 3415 vero

92 3453 892 3533 gentiasaSedellpostolioaimpetravit,quarum
947 3445 1039 3506 illius
1052 3461 1132 3522 qua,
1160 3447 1195 3508 ut
1222 3447 1497 3522 praedictnmest,
1530 3449 1746 3525 indulgentur

92 3569 161 3614 una
177 3553 241 3614 luit
255 3552 291 3613 ut
305 3565 379 3612 oum
394 3551 492 3611 terrae
505 3549 660 3624 generale
678 3549 779 3610 luerit
794 3548 894 3609 inter·
948 3543 1058 3606 abbati
1078 3559 1213 3604 snorum
1227 3543 1391 3606 absolutio
1407 3547 1440 3606 et
1454 3545 1656 3622 dispensatio
1673 3565 1745 3610 mo-

91 3651 231 3721 diolum,
255 3648 371 3709 liceret
387 3645 545 3707 iratribus
569 3644 676 3722 ipsius
697 3645 893 3706 monasterii
947 3641 1130 3702 nachorum
1152 3641 1229 3702 aliis
1244 3643 1479 3705 committentis
1496 3645 1744 3721 dispensatione

92 3743 357 3810 consistentibus
377 3745 412 3805 in
438 3741 641 3821 prioratibus
661 3742 818 3820 subjectis
837 3743 891 3804 ei·
948 3739 1082 3800 omuino
1101 3737 1242 3812 sublata,
1259 3755 1298 3800 aa
1312 3757 1377 3817 qua
1390 3741 1488 3804 datur
1506 3743 1613 3803 eidem
1633 3743 1744 3806 abbati

90 3845 177 3916 dem,
197 3843 321 3905 clausis
332 3841 457 3919 januis,
473 3857 538 3902 nou
554 3839 693 3918 pulsatis
708 3841 890 3917 campanis,
947 3835 1088 3897 facultas
1108 3837 1285 3898 exercendi
1306 3853 1481 3900 censuram
1499 3841 1694 3903 canonicam
1709 3843 1744 3903 in

88 3939 393 4004 excommunicatis
423 3940 456 4000 ei
485 3939 679 4000 nominatim
706 3937 898 4000 interdictis.
948 3933 1111 4011 quoslibet
1128 3933 1217 3996 inira
1233 3937 1356 4011 regalis
1371 3939 1403 3998 et
1419 3937 1618 4015 pontificalis
1631 3941 1743 4016 digni-

89 4037 253 4109 exclusis,
274 4051 449 4114 suppressa
459 4051 541 4097 voce
556 4035 669 4096 divina
684 4033 794 4096 officia
810 4035 894 4096 cele·
946 4034 1051 4094 tatum
1084 4031 1194 4094 oiilcia
1221 4035 1430 4107 constitutos
1461 4053 1561 4113 super
1589 4038 1743 4101 libertate

90 4137 210 4212 brare;
228 4135 306 4208 alia,
328 4133 364 4196 ut
382 4132 487 4210 ipsius
508 4133 574 4194 loci
597 4131 708 4194 abbati
731 4131 892 4209 usquead
947 4129 1043 4206 burgi
1055 4131 1184 4202 Dolen,
1197 4147 1256 4192 seu
1271 4132 1473 4209 quibuslibet
1493 4133 1588 4194 bonis
1612 4136 1664 4196 vel
1680 4136 1743 4197 bo-

94 4230 279 4296 triennium
313 4229 511 4291 auctoritate
543 4229 657 4290 nostra
683 4228 798 4290 liceret
820 4231 892 4305 ejus
947 4227 1093 4289 minibus
1113 4228 1261 4305 ejusdem
1274 4229 1372 4306 burgi
1398 4230 1596 4292 violentiam
1613 4233 1647 4292 in
1671 4233 1744 4310 ipso

90 4327 276 4392 monachos
295 4328 352 4405 qui
376 4342 435 4404 pro
460 4327 640 4404 injectione
655 4341 813 4386 mannum
825 4327 894 4386 vio·
946 4324 1063 4400 burgo,
1082 4326 1136 4385 vel
1156 4328 1228 4406 ejus
1248 4327 1417 4388 territorio
1433 4327 1603 4401 iacientes
1615 4331 1746 4407 simpli-

91 4429 182 4490 lenta
198 4427 234 4488 in
254 4441 414 4488 canonem
428 4423 613 4486 inciderent
628 4423 801 4485 sententiae
814 4439 894 4500 pro·
947 4423 1030 4483 citer
1048 4438 1254 4518 revocamus.
1271 4423 1363 4485 Nulli
1382 4440 1461 4500 ergo
1477 4426 1564 4488 banc
1587 4429 1743 4504 paginam

90 4525 262 4601 mulgatae,
279 4524 451 4601 postquam
462 4521 687 4598 competenter
706 4520 908 4582 satisfecis-·
947 4520 1068 4582 nostrae
1087 4521 1290 4597 provisionis
1305 4521 1500 4600 infringere,
1518 4526 1600 4599 etc.;
1622 4526 1651 4586 si
1669 4527 1743 4603 quis

91 4626 168 4685 sent
197 4621 305 4698 passis
326 4621 500 4697 injuriam,
531 4619 706 4680 dummodo
734 4633 892 4681 excessus
947 4618 1068 4690 autern,
1097 4619 1160 4680 etc.
1188 4609 1305 4680 Datum
1330 4622 1444 4682 Romae
1468 4622 1555 4699 apud
1585 4625 1741 4685 Sanctum
1801 4700 1806 4713 Ι

90 4719 380 4782 eorumnonesset
391 4716 503 4792 gravis
514 4717 893 4788 etenormis,absolvere
947 4715 1092 4788 Petrum,
1106 4717 1152 4776 Xl
1167 4714 1328 4778 kalendas
1340 4717 1429 4794 julii,
1440 4734 1527 4782 anno
1536 4721 1692 4782 secundo.

13 4829 19 4842 ·
85 4820 187 4896 juxta
210 4815 349 4876 formam
363 4814 512 4875 ecclesiae
527 4813 730 4886 consuetam,
757 4813 892 4892 dispen-

89 4911 893 4987 sandocumillisquiexcornmunicaticelebras·
1216 4985 1222 4998 ‚
1271 4859 1418 4947 GGGIV
1609 4989 1615 5002 ⁵

90 5014 165 5074 sent
180 5009 306 5080 divina,
322 5009 470 5085 injuncta
483 5008 532 5068 eis
547 5009 741 5085 poenitentia
754 5025 891 5087 compe-
1045 4985 1097 5044 Ad
1115 4984 1337 5045 Wladmaum
1347 4986 1466 5045 dmm
1482 4989 1523 5046 de
1537 4987 1642 5049 Ham·

89 5109 187 5173 tenti.
215 5106 346 5179 Tertia,
374 5107 410 5167 ut
427 5103 516 5166 idern
542 5105 644 5166 abbas
668 5107 702 5166 in
729 5107 893 5183 quoslibet
1240 5095 1349 5168 ”1¹¹ss·
1368 5097 1446 5154 ¹2¹8·

88 5206 179 5270 inira
208 5201 355 5279 regalem
382 5202 415 5262 et
429 5199 663 5288 ,pontificalem
698 5201 892 5278 dignitatem
1087 5199 1214 5264 [ricinos
1231 5201 1298 5254 lton.
1314 5203 1434 5262 rotonis,
1447 5205 1466 5262 1,
1480 5205 1505 5264 ⁹,
1516 5219 1542 5255 ¹¹·
1555 5205 1606 5270 le]

89 5301 204 5367 officia
218 5300 412 5362 constitutos
428 5315 529 5376 super
544 5299 697 5361 libertate
715 5299 812 5376 burgi
826 5301 894 5362 Do-
973 5299 1132 5356 Ecclesiam
1144 5297 1220 5358 beati
1234 5299 1313 5358 Pauli
1326 5299 1361 5358 de
1375 5301 1454 5362 nais
1468 5303 1520 5360 snb
1536 5303 1611 5362 Petri
1626 5311 1654 5361 et
1667 5319 1717 5364 sua

89 5402 157 5462 len.
187 5413 248 5460 seu
270 5396 470 5474 quibuslibet
494 5397 591 5458 bonis
619 5397 673 5459 vel
702 5397 892 5459 hominibus
1183 5390 1360 5462 lll020⁰ti⁰¹¹e
1382 5392 1511 5464 Willi-

90 5495 241 5574 ejusdem
253 5495 362 5570 burgi,
378 5495 570 5557 violentiam
586 5495 703 5572 inipso
718 5493 824 5570 burgo
838 5496 892 5558 vel
987 5497 1155 5558 Honorius
1165 5500 1351 5577 episcopus,
1365 5516 1481 5562 servus
1494 5517 1667 5564 servorum
1674 5505 1744 5578 Dei,

90 5599 164 5671 ejus
175 5591 345 5656 territorio
359 5591 531 5666 iacientes,
542 5591 647 5655 libere
658 5595 769 5671 posset
779 5609 893 5655 ceusu·
947 5594 1068 5658 dilecto
1096 5595 1165 5658 tilio
1192 5597 1295 5659 nobili
1323 5598 1396 5660 viro
1409 5601 1463 5660 W.
1481 5599 1556 5661 duci
1576 5600 1616 5663 de
1639 5604 1744 5675 Kalis,
