4162 6424
75 339 151 400 689

77 496 266 568 nasteriia
282 495 393 558 valeat
406 493 582 558 reaccendi
593 513 600 552 ι
612 491 806 556 discretioni
816 509 894 555 ves·

76 597 152 656 trae
170 611 231 672 per
244 591 434 671 Apostolioa
447 590 570 668 scripta
585 589 791 662 mandamus,
810 591 892 653 etin

76 692 219 753 virtute
252 688 451 754 obedieutiae
480 687 702 764 praecipimus,
729 687 891 766 qtratenus

79 804 152 864 per
179 802 239 849 vos
258 787 359 864 ipsos,
377 786 435 848 aut
457 799 518 862 per
534 783 725 860 religiosas,
742 783 891 845 circum-

80 885 293 962 spectasque
314 897 495 961 personas,
516 897 617 959 supra
639 881 737 943 dictis
756 897 893 942 munas-

78 982 190 1044 teriis
219 979 424 1044 visitationis
457 978 643 1041 antidotum
669 977 889 1056 impendatis;

80 1079 318 1141 reformantes
348 1077 381 1139 et
411 1075 616 1152 corrigentes
647 1075 683 1137 ln
715 1076 764 1136 eis
793 1077 891 1153 juxta

81 1173 245 1254 praedicti
259 1172 401 1236 coenobii
416 1173 550 1244 statuta,
567 1187 641 1250 quae
662 1171 890 1244 correctionis,

82 1275 123 1336 et
151 1270 402 1334 reformationis
425 1269 536 1332 oilleio
559 1269 713 1331 videritis
728 1267 890 1344 indigere.

129 1369 255 1432 Datum
276 1367 445 1436 Laterani,
459 1365 559 1430 tertio
578 1365 740 1429 kalendas
762 1365 890 1444 aprilis,

85 1466 308 1546 pontificatus
323 1463 428 1528 nostri
438 1479 527 1526 auno
540 1463 581 1525 11.

381 1695 611 1786 dmmmss

25 1876 26 1880 =
86 1851 144 1910 Act
156 1849 314 1910 abbatem
327 1848 361 1910 et
374 1847 580 1910 conuentum
595 1845 708 1909 raucit
726 1846 894 1908 Vincenttt

236 1944 590 2008 Proemonsiratcncts
604 1945 748 2006 ordino.

383 2073 493 2146 iaprll.
509 2073 588 2132 lala.

148 2198 244 2265 Uirgo,
255 2196 369 2250 Annales
378 2196 476 2249 ordinis
485 2195 637 2248 ammonet
646 2195 677 2254 11,
688 2195 763 2262 prob.
773 2193 843 2260 dat]

103 2321 264 2384 condrust
276 2321 509 2381 substitutionem
522 2321 839 2379 Pramoustratensium
851 2319 881 2377 in

201 2413 296 2471 lucum
308 2409 517 2469 monachorum
530 2409 623 2467 mucii
631 2409 783 2468 vincentii.

133 2528 306 2592 Honorius
342 2527 539 2606 episcopus,
569 2542 686 2587 servus
720 2539 892 2586 servorum

94 2627 168 2698 Del,
179 2626 310 2688 dilectis
324 2624 404 2686 filiis
420 2623 532 2685 abbati
544 2623 577 2684 et
593 2621 771 2684 conventui
785 2621 892 2682 sancti

95 2722 268 2785 Vincentil
286 2720 614 2785 Praemonstratensis
638 2718 777 2792 ordinis,
800 2719 894 2780 salu-

94 2825 163 2882 tem
178 2821 212 2882 et
225 2818 441 2898 apostolicam
455 2817 731 2880 benedictionem.

138 2919 217 2978 Cum
243 2931 262 2977 a
284 2914 380 2977 nohis
401 2915 525 2992 petitur
548 2913 634 2992 quod
652 2914 779 2990 lustum
795 2911 893 2975 estet

101 3013 288 3086 honestum,
304 3013 372 3076 tam
390 3013 487 3088 vigor
507 3011 673 3088 aequitatis
692 3025 790 3087 quam
809 3009 891 3071 ordo

96 3110 203 3188 exigit
216 3109 367 3183 rationis,
384 3110 421 3170 ut
434 3109 467 3170 id
481 3124 541 3186 per
562 3106 819 3169 sollicitudinem
835 3105 889 3167 of-

96 3208 163 3269 licii
180 3207 285 3269 nostri
297 3205 339 3268 ad
349 3205 494 3268 debitum
510 3204 710 3282 perducatur
724 3203 889 3266 effectum.

97 3307 183 3367 Sane
198 3321 273 3366 oum
295 3302 390 3365 bonae
410 3304 578 3364 memoriae
601 3302 777 3379 Syroslaus
792 3303 893 3363 Wra-

95 3400 298 3464 tislaviensis
313 3401 535 3476 episcopus,a
559 3398 762 3460 monasterio
780 3399 891 3460 vestro

97 3500 204 3574 nigris
218 3497 403 3568 monachis,
429 3496 487 3574 qui
505 3511 585 3562 ¹esso
601 3495 845 3558 consueverant
857 3495 891 3556 in

720 333 950 396 EPISTOLAE.
973 333 1052 396 LIB.
1077 334 1117 395 lt.

1686 339 1746 400 690

1237 439 1478 589 aarum

986 646 1038 705 Ad
1052 647 1248 718 episcopum
1263 645 1457 708 Nanttctca.
1474 645 1508 707 ct
1526 647 1694 708 decertum
1711 649 1744 708 ct

1061 744 1342 804 crclddtacouum
1356 745 1631 819 Andepaoettses.

1244 863 1262 921 t
1273 863 1355 934 april.
1366 863 1447 922 tate.

977 975 1097 1041 [anm.
1108 975 1152 1027 lib.
1162 977 1194 1036 ll,
1203 977 1277 1042 epist.
1288 976 1359 1028 toea.
1373 977 1430 1028 lias.
1443 979 1482 1029 La
1492 978 1568 1029 Portu
1577 978 1715 1046 du't'lputl.l
1753 1027 1755 1036 ,

946 1082 1103 1142 Mandatut
1119 1091 1271 1156 procurent
1285 1085 1314 1140 iu
1330 1085 1505 1142 monasterio
1517 1085 1681 1158 Burgolien.
1701 1101 1745 1143 re·

981 1172 1058 1245 gulae
1072 1173 1169 1230 Sancti
1184 1171 1329 1232 Benedicti
1343 1174 1471 1231 strictam
1486 1171 1709 1232 observantiam.

986 1288 1167 1362 Honorius,
1180 1289 1255 1361 etc,
1270 1289 1426 1351 venerab.
1442 1289 1574 1352 fratri...
1591 1291 1746 1368 episcopo

947 1385 1134 1449 Nanneten.
1155 1387 1292 1449 decano.
1309 1386 1342 1448 et
1361 1390 1398 1448 G.
1417 1386 1653 1451 archidiacono
1672 1391 1745 1450 An-

947 1483 1108 1560 degaveu.

986 1579 1035 1644 Ad
1050 1580 1254 1644 audientiam
1266 1582 1414 1644 nostram
1429 1580 1551 1644 dilecto
1565 1581 1672 1644 illio...
1687 1581 1747 1643 ab·

947 1677 1023 1739 bate
1034 1678 1224 1755 Burgolien.
1235 1678 1430 1741 monasterii
1445 1677 1613 1760 referente
1628 1693 1747 1757 perve-

948 1773 1007 1847 nit,
1022 1773 1108 1852 quod
1124 1791 1199 1836 cum
1211 1773 1246 1835 in
1262 1774 1377 1836 eodem
1391 1775 1622 1838 monasterioa
1639 1775 1746 1853 prima

948 1869 999 1930 sui
1014 1869 1209 1932 fundatione
1235 1870 1315 1933 ordo
1337 1871 1540 1933 monasticus
1563 1870 1666 1934 fuerit
1684 1872 1745 1934 sub

947 1965 1036 2028 beati
1059 1967 1229 2030 Benedicti
1259 1968 1376 2044 regula
1398 1968 1578 2040 institutus,
1596 1968 1636 2030 de
1657 1985 1743 2032 novo

947 2063 1082 2140 quidam
1093 2063 1129 2124 in
1142 2065 1215 2142 ipso
1226 2063 1290 2125 sibi
1300 2065 1533 2141 repugnantia,
1541 2065 1573 2126 et
1581 2065 1744 2127 nonnulla

946 2161 1062 2222 contra
1090 2161 1241 2236 regulam
1276 2161 1352 2224 sunt
1380 2161 1503 2224 statuta
1531 2162 1742 2237 praedictam,

947 2259 1080 2335 propter
1095 2256 1181 2336 quod
1195 2258 1231 2319 in
1246 2257 1360 2322 eodem
1380 2258 1453 2321 loco
1468 2259 1698 2322 aemulationes
1713 2259 1747 2322 et

947 2353 1106 2417 scandala
1136 2354 1230 2432 quasi
1256 2355 1384 2432 jugiter
1409 2356 1622 2418 suscitantur.
1653 2355 1747 2418 Unde

947 2449 1043 2511 nobis
1063 2449 1237 2513 humiliter
1260 2451 1459 2528 supplicavit
1479 2453 1516 2515 ut
1530 2455 1601 2528 jam
1623 2451 1746 2515 dictum

948 2547 1186 2609 monasterium
1197 2547 1238 2608 ad
1250 2563 1457 2632 communem
1469 2549 1593 2610 statum
1603 2548 1745 2611 aliorum

947 2642 1097 2721 ejusdem
1112 2642 1239 2704 ordinis
1262 2644 1422 2706 reducere
1437 2643 1662 2722 dignaremur.
1676 2647 1745 2709 Nos

948 2740 1050 2816 igitur
1075 2738 1177 2817 quieti
1192 2741 1226 2803 et
1238 2740 1473 2817 tranquillitati
1493 2741 1744 2804 consistentium

948 2835 1030 2898 inibi
1042 2836 1217 2914 providere
1230 2837 1390 2909 volentes,
1405 2837 1599 2901 discretioni
1621 2840 1743 2902 vestrae

948 2949 1007 3011 per
1017 2933 1206 3010 apostolica
1219 2935 1558 3011 scriptamandamus,
1568 2937 1743 3016 quatenus,
1788 2933 1791 2938 ’

947 3031 975 3092 si
990 3030 1040 3093 est
1052 3031 1110 3105 ita,
1132 3047 1246 3093 omnes
1260 3032 1408 3110 ejusdem
1422 3033 1615 3098 monasterii
1629 3033 1662 3097 et
1676 3034 1748 3096 sin-

946 3129 1043 3204 gulos
1068 3129 1108 3191 ad
1140 3130 1307 3209 praedictae
1342 3131 1467 3207 regulae
1503 3130 1747 3194 observantiam

946 3227 1019 3288 vice
1034 3227 1148 3288 nostra
1169 3227 1328 3304 inducere
1347 3228 1543 3306 procuretis,
1557 3229 1749 3293 contradic-

945 3324 1053 3395 tores,
1075 3325 1104 3384 si
1119 3323 1175 3402 qui
1198 3324 1406 3401 postmodum
1434 3326 1665 3402 apparuerint,
1686 3343 1746 3404 per

947 3419 1394 3481 censuramecclesiasticam
1409 3421 1634 3502 appellatione
1656 3424 1749 3499 post-

946 3516 1066 3592 posita,
1080 3516 1335 3593 compescendo;
1356 3533 1422 3580 non
1451 3517 1601 3580 obstante
1621 3519 1749 3580 consti·

98 3597 223 3667 eodem.
238 3596 373 3673 ΡΡΟΡῒθΓ
399 3608 552 3655 ⁰1¹⁰lm0⁸
575 3607 734 3655 excessus
755 3594 894 3665 ⁸¹10⁸›0t
946 3611 1073 3674 tutione
1091 3629 1192 3690 super
1215 3613 1315 3690 huJus
1341 3613 1472 3676 statutis
1494 3614 1609 3676 contra
1630 3617 1666 3676 B.
1686 3617 1751 3676 Be-

98 3694 258 3755 bonorum
284 3691 433 3770 61113ᾶοῐῦ
460 3689 655 3752 m⁰¹¹³⁸t0ffi
673 3689 891 3767 dilapidatiO·
946 3709 1748 3790 nedictiregulamadlnventlsaSedellpostolica

100 3807 184 3864 nem,
207 3790 335 3868 θὶθθῒὶθ,
358 3787 522 3860 willerii,
539 3787 575 3849 ui
588 3787 624 3848 in
642 3786 770 3858 (todem,
789 3789 892 3850 vestri
946 3807 1134 3884 impetrata.
1144 3807 1235 3880 Quod
1251 3807 1279 3868 si
1286 3823 1352 3870 non
1367 3825 1493 3884 omnes,
1506 3810 1581 3882 etc,
1595 3809 1632 3871 tu
1646 3806 1751 3874 frater

100 3887 220 3950 statuta
231 3887 358 3950 ordinis
371 3885 597 3956 servarentur,
609 3882 696 3962 quod
710 3883 806 3946 honae
821 3900 893 3946 me-
946 3905 1188 3983 episcopocum
1204 3921 1319 3967 porum
1335 3905 1451 3978 apem,
1467 3907 1528 3968 eto,
1547 3907 1667 3968 pagum
1677 3909 1747 3969 La.

102 3985 211 4046 muriae
224 3981 892 4059 Petrustitult·sanctillarcellipraesby-
946 4001 1065 4074 teram,
1092 4005 1210 4079 quarto
1242 4019 1348 4064 nonas
1377 4003 1506 4085 aprilis,
1537 4003 1752 4086 pontificatus

102 4084 161 4155 ter,
172 4083 251 4143 tunc
266 4081 396 4142 Sanctae
407 4079 564 4141 Mariaein
576 4079 638 4141 Via
651 4079 721 4146 lata
732 4077 892 4142 dlaconus

104 4178 279 4241 cardinalis
294 4177 424 4254 legatus
440 4175 535 4239 Sedis
553 4175 755 4254 apostolica
770 4191 893 4254 appro-

104 4276 198 4338 bavit.
227 4277 297 4338 Nos
319 4273 440 4337 vestris
473 4273 769 4353 postulationibus,
797 4275 892 4350 grato

106 4375 336 4449 concurrentes
363 4387 526 4444 assensu,
562 4369 649 4450 quod
682 4386 702 4433 a
734 4370 893 4448 praedicto

107 4471 253 4548 episcopo
278 4469 416 4547 provide
440 4467 640 4540 factumest,
662 4467 777 4530 inhac
800 4471 894 4545 parte

109 4569 139 4629 et
151 4567 189 4628 ab
202 4567 317 4630 eodem
332 4566 453 4644 legato,
470 4565 689 4640 sicutdiotum
700 4567 762 4638 est,
773 4580 896 4648 appro-

109 4663 222 4738 batum,
240 4664 473 4742 praedictorum
486 4663 726 4726 monachorum
742 4663 895 4725 molesta·

111 4762 193 4823 tione
220 4761 368 4824 indebita
397 4776 464 4823 uon
500 4758 674 4834 obstante,
697 4759 895 4823 auctoritate

111 4861 289 4935 Apostolica
333 4857 591 4931 confirmamus,
638 4858 673 4921 et
719 4858 896 4935 praesentis

113 4955 216 5032 scripti
228 4954 417 5035 patrocinio
438 4955 692 5020 communimus.
708 4954 800 5017 Nulli
815 4971 895 5031 ergo

113 5053 232 5116 omnino
247 5053 418 5117 hominum
431 5051 532 5116 liceat
543 5052 630 5115 hanc
644 5053 800 5131 pagiuam
812 5067 896 5114 nos-

114 5151 168 5212 tra
182 5149 451 5222 confirmationis,
468 5150 531 5214 etc.

152 5249 258 5310 batum
273 5248 441 5318 Laterani,
458 5249 502 5308 lv
520 5261 626 5309 nonas
642 5245 772 5325 aprilis,
786 5245 898 5326 ponti-

121 5343 222 5408 tlcatus
236 5345 341 5408 nostri
354 5358 443 5408 anno
458 5343 614 5409 secundo.

947 4099 1054 4161 nostri
1071 4115 1160 4162 anno
1173 4100 1330 4162 secundo.

1250 4273 1454 4363 CLXXXV

971 4418 1024 4479 Ad
1034 4417 1224 4479 Amctmuu
1237 4418 1505 4480 Louduucusem
1516 4419 1724 4492 episcopum.

1247 4538 1265 4596 i
1279 4540 1359 4612 april.
1376 4539 1455 4598 lile.

984 4652 1155 4717 [llcgmnlib.
1167 4652 1198 4712 ll,
1210 4653 1286 4718 episc
1298 4653 1369 4705 lwl.
1379 4654 1435 4705 lisa.
1445 4655 1481 4706 La
1493 4655 1571 4705 Porta
1581 4651 1720 4720 du'l'beil.]

950 4759 1085 4820 Concedit
1093 4758 1130 4818 ad
1138 4759 1293 4822 triennium
1301 4761 1446 4820 licentiam
1459 4759 1599 4819 retinendi
1610 4759 1751 4820 beneficia

988 4863 1052 4918 qua
1067 4855 1134 4906 anta
1147 4849 1316 4906 electionem
1328 4848 1364 4906 ad
1386 4849 1516 4922 regimen
1532 4850 1662 4908 ecclesia
1675 4851 1750 4908 Lau·

989 4935 1127 4994 dunensis
1146 4936 1318 4995 obtinuerat.

993 5053 1174 5124 Honorius,
1191 5053 1268 5122 etc„
1286 5051 1472 5116 venerabili
1494 5052 1655 5116 fratri.....
1679 5057 1751 5116 An-

953 5147 1057 5209 selmo
1072 5146 1266 5212 Lauduueu.
1281 5148 1448 5225 episcopo.

994 5244 1194 5322 Supplicasti
1209 5244 1305 5306 uobis
1316 5245 1353 5306 ut
1363 5260 1438 5306 cum
1448 5243 1660 5322 episcopatus
1674 5245 1752 5307 tuus

952 5356 1073 5419 magno
1087 5343 1257 5420 prematur
1267 5357 1369 5403 onere
1391 5341 1587 5414 debitorum,
1604 5341 1750 5405 retinere

953 5438 1116 5504 beneficia
1138 5454 1212 5517 quae
1232 5438 1421 5516 obtinebas,
1441 5439 1573 5518 quaudo
1597 5438 1690 5502 fuisti
1709 5440 1750 5503 acl

953 5535 1101 5612 regimen
1118 5535 1268 5599 ecclesiae
1284 5535 1476 5598 Laudunen.
1495 5535 1694 5614 assumptus,
1709 5535 1749 5600 de

954 5635 1067 5696 nostra
1089 5633 1149 5698 tibi
1171 5633 1389 5712 permissione
1418 5633 1544 5696 liceret.
1564 5635 1633 5696 Nos
1647 5633 1750 5712 igitur
