4104 6392
79 282 138 342 749
700 280 928 342 EPISTOLAE.
951 281 1028 342 LIB.
1053 283 1092 342 11.
1664 286 1724 346 750

79 440 142 502 mis
158 437 318 516 siquidem
333 436 525 510 statuentes,
547 438 583 500 ut
610 437 690 500 ordo
712 437 873 503 monasti·
926 439 1082 512 torinum,
1109 439 1335 514 Corcurolum,
1353 438 1562 504 medietatem
1579 440 1644 502 laci
1658 443 1724 503 Bo-

80 537 225 613 eosqui
253 535 430 598 secundum
452 537 566 606 Deum,
590 535 623 596 et
650 537 686 596 B.
702 535 871 597 Benedicti
925 535 1011 609 rani,
1022 539 1255 616 passaranum,
1270 537 1723 616 cumomnibusadpraedicta

79 633 228 710 regulam
262 633 297 695 in
335 631 451 693 eodem
485 632 558 692 loco
594 631 763 693 institutus
798 647 871 692 esse
909 632 1034 694 ‚castra
1047 631 1299 708 pertinentibus.
1314 633 1495 696 Ecclesiam
1511 635 1624 696 Sancti
1639 637 1723 696 Lau-

78 730 293 806 dignoscitur,
320 728 490 806 perpetuis
523 725 644 788 ibidem
668 728 871 804 temporibus
926 729 1025 790 rentii
1050 728 1110 788 sub
1137 728 1307 802 Columna,
1333 733 1366 792 et
1395 731 1569 792 ecclesiam
1594 734 1723 794 Sanctae

77 825 314 888 inviolabiliter
335 823 542 888 observetur.
569 825 736 888 Praeterea
767 841 870 904 quas-

77 937 215 1000 cumque
244 922 487 997 possessioues,
515 938 731 998 quaecumque
771 921 869 994 bona,

75 1019 163 1080 idem
176 1019 417 1082 monasterium·
436 1019 470 1080 in
490 1017 869 1096 praesentiarumratio-

75 1115 232 1178 nabiliter
252 1115 409 1192 possidet,
423 1116 481 1177 aut
504 1115 539 1176 in
561 1113 709 1177 futurum
734 1130 872 1177 conces-

75 1213 170 1274 sione
203 1213 411 1286 Pontifloum,
439 1213 615 1290 largitione
655 1227 782 1288 regum,
815 1212 870 1274 vel

75 1309 272 1386 principum,
289 1309 455 1372 oblatione
470 1309 628 1380 fidelium,
644 1324 704 1370 seu
719 1308 795 1370 aliis
803 1311 872 1386 jus-

73 1406 116 1468 tis
132 1406 248 1478 modis,
265 1406 444 1484 praestante
468 1406 619 1478 Domino,
645 1405 766 1486 poterit
798 1407 872 1466 adi-

74 1503 170 1580 pisci,
182 1502 276 1564 firma
290 1519 432 1582 sempor,
445 1501 730 1566 etillibataeidem
743 1518 873 1564 monas·

75 1600 161 1661 terio
176 1601 399 1676 perseverent.
425 1602 463 1660 ln
487 1599 607 1677 quibus
632 1599 704 1662 haec
727 1599 871 1677 propriis

77 1697 234 1759 duximus
260 1696 432 1760 vocabulis
470 1696 718 1773 exprimenda:
748 1698 871 1758 Locum

76 1793 187 1869 ipsum
202 1795 313 1872 inquo
329 1794 503 1872 praelatum
518 1793 755 1856 monasterium
772 1793 871 1854 situm

76 1891 138 1962 est,
155 1890 188 1952 et
208 1889 349 1966 burgum
363 1890 521 1970 ejusdem,
539 1906 613 1953 cum
632 1889 731 1962 mola,
748 1890 780 1952 et
794 1889 870 1950 aliis

75 1986 341 2064 possessionibus
352 1987 590 2064 adjacentibus.
602 1987 791 2048 Oblationes
801 1988 870 2047 tam

73 2084 211 2160 majoris
238 2083 369 2156 altaris,
383 2099 482 2160 quam
506 2083 729 2144 concessionis
751 2083 869 2160 ipsius,

73 2180 105 2242 et
132 2181 275 2241 aliorum
297 2180 465 2242 altarium.
494 2181 650 2244 Sanctum
672 2181 870 2240 Memnatem

73 2293 150 2337 cum
164 2277 277 2349 terris,
291 2278 324 2340 et
334 2277 443 2338 vineis
460 2276 502 2338 ab
525 2277 666 2353 utraque
687 2279 784 2354 parte
805 2277 870 2336 viae

76 2373 235 2444 Silicinaa
259 2388 363 2450 usque
377 2372 419 2433 ad
431 2373 562 2450 pontem
573 2371 772 2448 Pissiniani;
786 2387 870 2432 cen-

76 2471 147 2530 tum
173 2469 313 2541 montes
339 2485 413 2530 cum
440 2469 558 2539 uineis,
586 2469 621 2530 et
644 2467 749 2546 pratis
773 2467 871 2545 juxta

75 2565 262 2628 coenobium
272 2566 488 2628 memoratum
497 2588 505 2642 ;
514 2565 703 2636 Floranum,
716 2564 871 2625 cumanis

77 2663 301 2740 pertinentiis;
315 2662 492 2734 Trilusam,
505 2678 579 2724 cum
594 2660 664 2722 suis
674 2660 868 2740 pernentiis;

75 2757 872 2834 turromiohannisdePetro,cumsuispertinon·

72 2857 140 2929 tiis,
158 2872 231 2934 quae
255 2847 390 2933 antiquo
416 2856 549 2917 nomine
571 2854 758 2932 appellatur
780 2855 872 2915 ora-

72 2954 165 3026 coni;
182 2953 355 3026 Mandran,
372 2969 448 3014 cum
461 2953 617 3024 ecclesia,
630 2954 664 3014 et
677 2951 753 3012 aliis
767 2951 871 3029 perti-

75 3051 199 3112 uentiis
214 3051 295 3112 suis.
312 3049 491 3112 Ecclesiam
507 3049 619 3111 Sancti
635 3047 780 3118 Proculi,
796 3063 870 3107 cum

76 3147 204 3208 Gualdo
232 3147 386 3224 Lapigio,
413 3148 447 3207 et
476 3145 701 3222 Squinazello,
730 3145 764 3206 et
792 3143 869 3205 aliis

76 3245 146 3304 suis
171 3231 391 3320 pertinentiis
413 3241 556 3304 Ardeam
577 3258 653 3302 cum
676 3257 773 3302 rocca
796 3256 868 3311 sua,

71 3342 104 3402 et
127 3341 221 3402 turre
248 3340 380 3416 majori,
401 3339 435 3400 et
455 3338 605 3400 ecclesiis
633 3337 715 3408 suis,
737 3337 770 3398 et
793 3336 869 3398 aliis

48 3463 51 3469 Δ
67 3437 293 3513 pertinentiis
309 3434 480 3497 Patricam
490 3450 564 3496 cum
577 3433 738 3505 ecclesiis,
751 3434 784 3493 et
793 3449 870 3509 per-

70 3534 236 3598 tinentiis.
271 3535 308 3593 lu
342 3531 466 3592 Ostien.
508 3530 658 3602 civitate,
693 3528 869 3590 ecclesiam

71 3631 204 3692 Sanctae
228 3629 287 3690 Dei
312 3611 488 3689 Genitricis
517 3627 644 3710 Mariae.
680 3626 869 3687 Salinarum

68 3725 165 3803 paria
180 3726 306 3801 septem
318 3724 354 3784 in
368 3723 455 3784 Urbe
469 3722 587 3794 veteri,
603 3723 636 3783 et
651 3722 764 3783 docem
775 3722 869 3798 paria

71 3823 180 3899 posita
200 3822 236 3883 in
259 3821 397 3892 nhinea,
427 3819 460 3880 et
493 3818 587 3896 paria
612 3818 676 3879 duo
700 3819 807 3895 posita
834 3819 868 3879 in

71 3919 189 3981 eodem
197 3917 377 3989 territorio,
385 3933 462 3978 cum
473 3933 562 3984 casa,
575 3915 775 3988 massaritia,
786 3916 869 3976 suis·

71 4015 334 4094 quemancipiis.
350 4016 500 4076 Castrum
514 4013 652 4085 Decimi,
669 4027 743 4073 oum
756 4013 868 4074 eccle-

68 4113 129 4174 siis
152 4113 234 4183 suis,
263 4112 295 4173 et
318 4111 385 4172 alia
408 4111 595 4172 salinarum
606 4109 641 4171 in
657 4113 779 4186 Campo
792 4125 867 4170 ma-

62 4211 150 4287 jori,
175 4210 209 4271 et
236 4208 321 4286 apud
350 4208 476 4269 Ostian.
516 4208 596 4268 ltem
631 4205 868 4268 monasterium

926 826 1040 887 Mariae
1067 826 1103 887 iu
1127 826 1272 898 olivete,
1302 843 1377 893 cum
1399 826 1550 908 omnibus
1572 828 1723 890 ecclesiis

926 938 1028 1000 supra
1043 923 1242 1000 scriptorum
1257 927 1441 988 castrorum
1454 925 1555 998 intus,
1573 926 1606 986 et
1629 927 1723 987 extra

926 1034 1036 1081 casam
1050 1020 1087 1082 in
1099 1022 1262 1096 Anagnia,
1279 1037 1355 1081 cum
1369 1021 1521 1086 omuibus
1539 1023 1725 1098 possessio-

925 1116 1033 1186 nibus,
1045 1117 1183 1194 praesato
1207 1119 1411 1180 monasterio
1437 1117 1559 1179 ibidem
1581 1119 1721 1192 collatis,

925 1214 1053 1276 sextam
1068 1215 1196 1292 partem
1219 1215 1255 1276 in
1277 1215 1454 1278 castellari
1477 1215 1518 1276 de
1530 1218 1722 1291 Eusignam.

926 1313 963 1372 ln
973 1311 1277 1374 civitateTiburtin.
1289 1333 1296 1372 :
1307 1312 1491 1374 Ecclesiam
1500 1313 1630 1374 Sanctae
1641 1315 1726 1388 Aga·

924 1408 1000 1480 tbae,
1016 1408 1049 1471 et
1063 1408 1167 1470 molas
1182 1409 1265 1472 duas
1279 1410 1316 1471 in
1334 1409 1488 1482 Cornuto,
1516 1411 1548 1470 et
1565 1425 1665 1470 unam
1689 1410 1723 1470 in

925 1505 1035 1580 Vesta,
1050 1508 1083 1568 et
1097 1522 1196 1570 uuam
1208 1507 1244 1566 in
1261 1508 1381 1568 Forma
1398 1506 1439 1567 ad
1453 1507 1583 1582 portam
1603 1507 1723 1568 obscu-

924 1617 1007 1673 ram,
1020 1604 1054 1664 et
1062 1605 1190 1678 vineas,
1203 1603 1336 1675 oliveta,
1349 1603 1471 1664 etalias
1483 1605 1723 1680 possessiones.

925 1700 1068 1761 Montom
1083 1699 1247 1762 Albanum
1262 1715 1337 1764 cum
1359 1700 1510 1762 omnibus
1533 1700 1723 1762 tenimentis

925 1794 1041 1872 ipsius.
1062 1797 1200 1858 Podium
1226 1797 1338 1858 Sancti
1364 1797 1460 1870 Sixti,
1482 1799 1627 1860 castrum
1650 1799 1724 1859 Nu-

925 1893 1087 1956 montanae
1099 1895 1131 1956 et
1142 1895 1299 1956 Sanctum
1310 1897 1470 1968 Primum,
1483 1896 1515 1957 et
1525 1895 1609 1956 alias
1620 1895 1724 1956 eccle-

925 1989 1003 2061 sias,
1021 1992 1054 2052 et
1068 1992 1217 2068 cryptam
1231 1993 1412 2064 Marozam,
1426 2008 1500 2053 cum
1515 1992 1667 2053 omnibus
1680 1992 1721 2052 ad
1827 1981 1828 1986 ’

925 2102 1024 2162 supra
1040 2087 1162 2162 scripta
1179 2091 1299 2174 castra,
1312 2091 1364 2149 vel
1380 2089 1452 2150 loca
1466 2088 1723 2166 pertinentibus.

925 2183 1006 2242 Item
1020 2182 1262 2257 Marcellinum,
1277 2185 1311 2246 et
1320 2173 1620 2262 podium'Cariben.
1632 2186 1723 2244 Mon·

924 2278 1145 2352 temtavalem,
1172 2280 1205 2342 et
1229 2281 1374 2344 castrum
1405 2284 1517 2344 Sancti
1540 2283 1623 2353 Poll,
1647 2298 1722 2342 cum

925 2373 1076 2434 omnibus
1087 2375 1127 2462 ad
1139 2377 1332 2452 praescripta
1348 2379 1456 2438 castra
1465 2375 1720 2454 pertinentibus

925 2471 1164 2532 Monasterium
1199 2473 1328 2534 Sanctae
1358 2473 1475 2534 Mariae
1506 2473 1628 2534 Montis
1651 2477 1718 2533 Ar-

926 2567 1060 2638 mensis,
1087 2583 1161 2628 oum
1188 2567 1317 2629 cellulis
1346 2569 1428 2641 suis,
1451 2569 1656 2641 tenimentis,
1688 2571 1721 2632 et

925 2662 1080 2724 omnibus
1090 2665 1310 2740 pertinentiis.
1320 2666 1500 2728 Ecclesiam
1512 2667 1625 2729 Sancti
1638 2671 1722 2728 Gre-

925 2758 1012 2838 gorii
1043 2758 1083 2820 de
1113 2760 1267 2829 Sublone,
1295 2777 1371 2822 cum
1398 2761 1606 2838 pertinentiis
1633 2762 1713 2822 suis.

927 2857 1082 2918 Sanctam
1096 2856 1240 2918 Mariam
1258 2857 1293 2919 in
1310 2858 1415 2931 Casis,
1432 2874 1506 2919 cum
1524 2859 1643 2935 girata,
1659 2859 1716 2918 id-

925 2952 974 3014 est
988 2953 1134 3028 piscaria
1149 2953 1184 3014 in
1199 2954 1336 3015 Fucino.

965 3049 1122 3110 Sanctum
1148 3050 1355 3111 Leonardum
1381 3067 1482 3128 super
1503 3052 1540 3113 in
1567 3051 1715 3122 Cortora,

923 3159 998 3204 curn
1013 3145 1154 3218 cellulis,
1170 3146 1273 3218 villis,
1291 3148 1323 3208 et
1343 3147 1451 3220 molis,
1469 3148 1503 3210 et
1516 3147 1593 3208 aliis
1613 3148 1719 3224 perti-

924 3241 1058 3302 nentiis.
1084 3243 1122 3302 In
1149 3243 1318 3304 Amiterno
1347 3243 1510 3320 hospitale
1537 3244 1577 3304 de
1601 3247 1714 3306 Casas.
1810 3253 1814 3260 ’

924 3339 961 3396 ln
988 3337 1058 3398 solo
1088 3337 1264 3400 Sabinensi
1286 3341 1437 3416 quartam
1461 3341 1587 3416 partem
1614 3342 1718 3402 castri

924 3433 1013 3494 Pozi.
1040 3437 1077 3494 lu
1102 3434 1240 3496 civitate
1265 3436 1517 3510 Interamnensi,
1541 3438 1718 3499 ecclesiam

926 3531 1039 3591 Sancti
1067 3530 1158 3593 Petri
1180 3532 1315 3604 Recani,
1344 3533 1378 3594 et
1402 3532 1579 3600 ecclesiam
1606 3536 1718 3596 Sancti

924 3628 1107 3689 Laurentii.
1123 3627 1172 3688 Ad
1185 3628 1302 3706 pedem
1317 3630 1418 3701 Gesae,
1436 3629 1601 3706 hospitale
1613 3647 1717 3707 apos-

922 3725 1067 3787 tolorum
1081 3724 1207 3796 Jacobi,
1223 3727 1256 3788 et
1269 3726 1515 3788 Bartholomaei.
1533 3728 1717 3790 incivitate

923 3821 1109 3886 Tudertin:
1125 3822 1362 3883 monasterinm
1374 3824 1503 3884 Sanctae
1514 3825 1716 3900 Margaritae,

923 3933 997 3980 cum
1026 3919 1096 3979 suis
1126 3919 1345 3995 pertinentiis.
1375 3919 1468 3996 Apud
1499 3922 1715 3982 Strunconem

924 4014 1098 4078 ecclesiam
1129 4016 1241 4078 Sancti
1267 4015 1438 4090 Angitimi,
1464 4033 1538 4078 cum
1565 4019 1716 4080 omnibus

922 4111 1199 4191 possessionibus,
1228 4129 1304 4190 quaa
1326 4115 1461 4174 luerunt
1488 4115 1648 4176 (luidonis
1676 4116 1716 4177 de

924 4211 1044 4271 Sancto
1072 4209 1239 4272 Antbimo.
1270 4211 1308 4270 ln
1336 4210 1496 4272 comitatu
1522 4212 1714 4285 Narniensi,

68 4305 182 4369 Sancti
209 4305 388 4368 Clementis
411 4321 484 4366 cum
507 4304 586 4366 villa
615 4319 693 4378 sua;
722 4305 868 4364 castrum
922 4306 1133 4384 medietatem
1169 4305 1270 4368 castri
1304 4307 1416 4368 Sancti
1450 4307 1585 4369 Urbani.
1620 4309 1714 4386 Apud

66 4407 342 4480 Fusunguanum,
368 4401 443 4464 cum
456 4401 525 4462 suis
538 4399 759 4477 pertinentiis.
786 4402 869 4462 Pos-
921 4403 1083 4465 ameliam
1107 4403 1271 4479 hospitale
1296 4403 1410 4464 Sancti
1422 4404 1538 4466 Jacobi
1560 4405 1600 4466 de
1622 4405 1714 4467 Red-

67 4503 238 4564 sessioues
259 4501 293 4560 in
320 4499 455 4562 civitate
468 4498 616 4569 velletri,
634 4513 710 4559 cum
728 4497 868 4558 ecclesia
922 4500 1011 4561 dere.
1028 4499 1213 4561 Ecclesiam
1228 4500 1339 4562 Sancti
1362 4501 1476 4576 Magni
1495 4501 1531 4562 in
1551 4503 1665 4576 Ponte,
1683 4507 1716 4564 et

69 4589 344 4668 Sanctae'Mariae,
361 4612 401 4660 ac
416 4595 546 4657 cellulis
562 4595 869 4671 suis3turrempo-
923 4597 1099 4658 ecclesiam
1138 4597 1249 4658 Sancti
1285 4597 1403 4658 (latalli
1438 4614 1540 4676 prope
1571 4601 1715 4661 castrum

67 4697 167 4756 sitam
199 4695 235 4756 in
271 4693 505 4755 Tereuzenello
536 4691 770 4754 Lucembrucao
794 4708 870 4752 cum
922 4693 1054 4765 Torani,
1072 4709 1147 4754 cum
1163 4709 1276 4755 earnm
1292 4694 1511 4771 pertinentiis.
1529 4698 1566 4758 Iu
1581 4663 1750 4760 civitate*

67 4793 137 4854 suis
174 4790 397 4869 pertinentiis.
437 4790 669 4852 possessiones
700 4789 737 4850 in
762 4789 868 4852 Aritia
901 4789 1110 4864 'castellana
1121 4789 1246 4864 domoS,
1260 4793 1294 4852 et
1303 4791 1542 4867 possessiones,
1557 4811 1630 4870 quae
1643 4793 1717 4855 lue-

68 4905 143 4950 enm
158 4887 282 4959 vineis,
303 4885 419 4958 bortis,
435 4887 467 4946 et
481 4875 681 4960 tenimentis,
705 4887 739 4947 et
758 4886 866 4948 molis.
922 4887 1001 4948 runt
1028 4887 1192 4964 Raynaldi
1221 4887 1432 4957 oulderuldi,
1461 4905 1535 4950 cum
1564 4891 1715 4950 ecclesiis

68 4989 105 5046 ln
126 4985 258 5047 Albano
279 4983 398 5044 cellam
416 4983 529 5044 Sancti
545 4984 687 5056 Nicolai,
701 4987 734 5048 et
750 4985 868 5046 cellam
925 4984 1038 5046 Sancti
1063 4983 1207 5045 Eutichii
1226 4984 1333 5056 intus,
1358 4984 1391 5046 ot
1413 4985 1526 5045 Sancti
1553 4985 1716 5048 lobannis

69 5084 201 5145 Sanctae
222 5081 339 5144 Mariae
360 5079 510 5151 Minoris,
541 5082 573 5141 et
591 5080 694 5142 totum
709 5081 868 5157 palatium
924 5083 1030 5143 extra.
1047 5081 1234 5163 Ecclesiam¹
1244 5081 1356 5142 Sancti
1370 5081 1529 5156 Stephani
1552 5067 1626 5142 oum
1642 5099 1718 5144 cas-

68 5197 144 5240 cum
158 5179 229 5240 suis
241 5177 402 5248 ecelesiis,
416 5176 448 5238 et
459 5176 666 5252 pertinentiis
679 5200 687 5254 ;
700 5178 869 5240 castellio
922 5177 1014 5252 tello,
1032 5179 1065 5240 et
1077 5177 1181 5254 burgo
1196 5193 1256 5238 suo
1267 5177 1365 5254 Juxta
1385 5177 1517 5239 civitate
1534 5180 1714 5253 sutrinam,

69 5294 145 5338 nem
159 5292 235 5338 cum
258 5273 327 5336 suis
347 5272 567 5349 pertinentiis.
583 5275 727 5336 Tertiam
742 5278 868 5350 partem
925 5291 997 5337 cum
1024 5272 1177 5336 omnibus
1205 5274 1426 5351 pertiuentiis,
1457 5275 1490 5336 et
1518 5275 1717 5338 utilitatibus

70 5375 135 5434 laci
148 5369 337 5450 caprulaci.
350 5370 562 5443 valeranum,
576 5371 609 5432 et
623 5387 734 5432 casam
749 5387 869 5434 novam
923 5373 1165 5434 suis.Castrum
1177 5372 1306 5434 Sanctae
1316 5374 1460 5444 Serenae,
1472 5389 1547 5433 curn
1562 5375 1714 5448 ecclesia,

69 5487 143 5532 cum
154 5471 223 5532 suis
235 5468 461 5546 pertinentiis,
477 5469 622 5529 castrum
632 5471 706 5541 Ose,
724 5471 869 5531 castrum
924 5473 956 5531 et
969 5469 1179 5549 pertinentiis
1200 5470 1279 5542 suis,
1298 5471 1331 5533 et
1347 5470 1588 5532 monasterium
1604 5475 1717 5536 Sancti

71 5568 246 5644 Longitiae,
264 5565 420 5628 Sanctum
430 5563 611 5638 lulianum,
625 5567 782 5629 Sanctum
796 5566 871 5628 Vic·
923 5567 1092 5630 Benedicti
1107 5567 1277 5645 Nepesiui,
1291 5568 1435 5645 positum
1450 5567 1485 5628 in
1501 5570 1671 5644 Pantoma,
1685 5575 1717 5654 et
