4214 6400
118 207 156 266 61
757 203 985 264 EPISTOLAE.
1010 204 1087 266 LIB.
1112 206 1137 265 Ι.
1732 215 1772 276 62

117 363 327 427 stitutionem
352 360 547 424 auctoritate
566 360 756 439 Apostolica
779 362 918 425 robora-

115 463 217 536 runt3
233 460 450 522 nihilominus
462 459 598 536 insuper
610 475 712 534 grave
722 459 755 521 et
765 460 916 524 illicitum

116 557 313 636 reputantes
328 556 476 634 praehere
490 557 734 619 conniventiam
746 557 799 618 161
811 573 918 636 praes-

116 660 195 720 tere
208 655 368 728 favorem,
381 655 449 716 uta
471 654 635 717 sententia
654 656 918 732 compromissio-

116 755 176 815 nis
186 752 261 814 ddei
273 752 436 830 religione
448 753 586 814 firmatae
599 753 720 814 temere
729 753 914 827 recedatur,

115 852 163 912 de
191 849 357 913 communi
389 850 529 911 consilio
555 849 695 911 fratrum
727 851 916 912 nostrorum

116 965 223 1010 causa
245 947 378 1022 cognita
399 946 597 1008 sententiam
620 947 780 1019 dedimus,
807 947 842 1009 ut
861 965 917 1008 se-

115 1045 264 1106 cundum
279 1043 366 1120 quod
381 1043 499 1104 arbitri
520 1043 819 1120 pronuntiaverant
834 1045 915 1106 ordo

114 1140 356 1203 canonicorum
369 1139 574 1215 regularium
586 1138 620 1200 in
630 1139 788 1216 praedicta
802 1139 914 1202 Sancti
929 1146 935 1157 '

115 1237 271 1300 Severini
286 1237 428 1298 ecclesia
442 1236 651 1310 reformetur,
667 1236 836 1314 perpetuis
849 1237 916 1298 ibi-

113 1337 193 1397 dem
208 1333 411 1412 temporibus
431 1334 689 1406 conservandus,
712 1333 760 1395 ita
782 1334 818 1395 ut
832 1333 915 1396 defi-

113 1432 283 1494 cientibus
297 1431 514 1504 secularibus
532 1431 589 1508 qui
610 1447 699 1492 nunc
719 1431 754 1492 in
770 1446 809 1493 ea
825 1431 913 1500 sunt,

112 1531 230 1592 nullus
245 1529 310 1590 nisi
330 1529 496 1605 regularis
510 1530 545 1589 in
560 1528 701 1590 ecclesia
716 1529 789 1605 ipsa
804 1543 915 1589 succe·

112 1629 186 1700 dat,
205 1627 307 1688 salvis
328 1625 508 1688 honoribus
528 1627 561 1688 et
580 1625 751 1688 beneficiis
766 1626 914 1703 ipsorum

114 1725 320 1786 secularium
344 1725 540 1786 clericorum
570 1723 727 1802 quamdiu
754 1723 910 1796 vixerint,

114 1823 184 1882 nisi
195 1822 236 1882 ad
248 1821 375 1896 frugem
384 1820 531 1882 melioris
545 1821 622 1882 vitae
634 1819 790 1882 duxerint
801 1821 914 1881 trans-

116 1918 280 1980 eundum,
292 1921 334 1980 ut
348 1918 451 1994 igitur
472 1918 544 1978 haec
565 1917 774 1980 diffinitionis
789 1920 912 1979 nostrae

115 2016 283 2077 sententia
310 2015 430 2078 futuris
451 2014 652 2092 temporibus
673 2014 913 2076 inviolabiliter

115 2114 341 2184 conservetur,
376 2128 449 2173 eam
489 2112 685 2174 auctoritate
721 2111 912 2188 Apostolica

115 2211 363 2282 confirmamus,
384 2210 417 2271 et
436 2209 610 2287 praesentis
634 2209 749 2286 scripti
766 2209 913 2286 patroci-

115 2309 174 2370 nio
189 2308 429 2370 communimus
451 2307 646 2384 perpetuum
667 2305 835 2367 silentium
851 2305 912 2366 suh

114 2405 388 2466 interminatione
398 2403 618 2465 anathematis
632 2403 838 2479 imponentes
846 2403 910 2477 his,

114 2502 174 2580 qui
209 2503 324 2564 conha
355 2500 549 2577 religionem
579 2501 706 2562 ordinis
733 2499 910 2575 regularis,

114 2615 217 2676 quam
229 2599 265 2660 in
278 2597 416 2675 praefata
431 2597 573 2660 ecclesia
586 2597 831 2658 reformandam
848 2595 911 2657 de-

114 2697 285 2758 crevimus
300 2697 333 2757 61
355 2695 542 2767 tenendam,
559 2694 722 2756 suscitare
741 2693 781 2756 de
801 2694 912 2756 cetero

112 2793 366 2871 praesumpserit
380 2794 605 2870 quaestionem.
624 2792 717 2854 Nulli
740 2807 819 2868 ergo
840 2807 913 2853 om-

114 2892 199 2952 nino
226 2890 396 2951 hominum
422 2889 520 2952 liceat
543 2891 630 2952 hanc
654 2889 822 2968 paginam,
848 2889 909 2950 etc.

113 2989 237 3049 Datum
251 2989 404 3058 veronae,
419 2987 481 3048 etc.
498 2987 712 3049 Decernimus
726 3003 816 3064 erge,
834 2988 909 3058 eto,

116 3085 274 3161 paginam
290 3085 412 3146 nostrae
426 3084 697 3156 confirmationis,
713 3086 775 3146 etc.
789 3084 825 3144 Si
837 3083 911 3160 quis

113 3180 912 3254 autem,eto.DatumLaterani,Xlllkalnovem·

115 3278 199 3350 bris,
216 3278 426 3356 pontificatus
441 3277 546 3339 nostri
559 3292 646 3338 anno
663 3277 781 3354 primo.

469 3550 556 3636 XLI

109 3793 165 3851 Ad
190 3790 346 3852 abbatem
366 3789 400 3851 et
420 3791 625 3852 concentum
650 3789 854 3850 monosterii
875 3789 912 3848 111

157 3887 273 3950 insonte
292 3887 428 3948 Mirtett
446 3889 487 3948 de
512 3890 673 3962 Nympha
695 3885 914 3948 Florentino-

152 4000 246 4046 11611.

410 4097 443 4154 al
463 4103 519 4155 oet.
536 4096 616 4155 lale.

165 4237 306 4300 [Lirerani
318 4237 479 4303 spicilegium
490 4237 664 4300 Libonianum,
676 4252 702 4302 p.
713 4237 769 4296 7111,
780 4237 820 4288 N0.
832 4234 858 4298 t]

111 4391 309 4452 Molendinum
319 4407 405 4465 super
414 4390 576 4465 Nympham
588 4391 623 4448 ab
634 4390 777 4464 Hugoliuo
788 4389 912 4448 Ostiensi

148 4487 178 4538 et
202 4481 372 4539 velletrensi
403 4481 539 4554 episcopo
563 4480 606 4536 eis
635 4478 790 4548 collatum,
814 4484 913 4535 tenore

148 4569 344 4626 concessionis
354 4569 470 4638 inserto,
482 4567 643 4626 confirmat.

152 4737 514 4815 Honorius‚episoopus
529 4753 645 4799 servus
661 4751 833 4798 servorum
840 4735 910 4806 bei,

110 4836 244 4897 dilectis
261 4835 338 4896 filiis
351 4834 472 4907 abbati,
484 4837 517 4897 et
529 4833 706 4896 conventui
719 4831 912 4894 monasterii

110 4932 147 4992 in
175 4931 286 4990 monte
314 4930 439 4991 Mirieti
468 4929 508 4990 de
536 4929 690 5006 Nympha
729 4927 913 4989 Florentini

110 5028 253 5100 ordinis
266 5027 406 5088 salutem
421 5027 459 5088 et
470 5025 685 5104 apostohcam
704 5024 912 5087 henedictio-

110 5142 202 5187 nem.

149 5222 257 5286 Justis
283 5221 466 5299 petentium
494 5219 669 5282 desideriis
695 5219 833 5296 dignum
863 5220 914 5281 est

108 5337 173 5384 nos
200 5319 333 5381 facilem
361 5317 510 5397 praehere
539 5333 748 5386 consensum,
772 5318 809 5396 et
836 5319 913 5379 vota

108 5433 225 5498 quasa
247 5417 387 5478 rationis
412 5417 544 5478 tramite
559 5431 626 5477 non
648 5414 840 5477 discordant
863 5413 914 5474 ef-

107 5517 199 5578 fectu
227 5514 448 5592 prosequente
477 5513 654 5590 complere.
686 5513 732 5572 ida
766 5511 911 5588 propter,

972 361 1084 426 dilecti
1096 363 1131 424 in
1146 361 1285 425 Domino
1301 363 1771 446 11111,16611161661166661616-

971 459 1117 521 tionibus
1138 460 1232 537 grato
1259 461 1497 526 concurrentes
1519 481 1772 542 66666611;166-

971 557 1140 618 lendinum
1152 574 1252 636 super
1259 560 1289 620 N
1291 559 1446 636 ympham
1457 564 1552 638 cujus
1561 563 1770 628 medietatem

970 653 1172 714 venerabilis
1180 654 1595 734 fraternosterHugolinus
1607 661 1769 724 Ostiensis

971 749 1004 812 et
1016 751 1232 812 velletrensis
1247 753 1431 831 episcopus,
1449 756 1590 832 pecunia
1606 773 1667 818 sua
1681 774 1771 836 emp·

969 847 1048 919 tam,
1063 847 1167 910 libere
1181 848 1275 910 vobis
1291 851 1441 920 contulit,
1458 850 1626 930 aliamque
1638 856 1768 917 medie-

969 944 1070 1007 tatem
1089 945 1129 1006 ad
1149 961 1243 1006 suam
1262 962 1410 1008 mensam
1431 951 1645 1026 spectantem,
1669 969 1768 1028 quam

969 1039 1010 1101 de
1022 1057 1186 1103 consensu
1200 1049 1233 1106 et
1246 1044 1416 1107 voluntate
1429 1046 1565 1122 capituli
1579 1047 1769 1110 velletren-

969 1137 1026 1210 sis,
1044 1139 1076 1200 et
1097 1139 1137 1201 de
1159 1141 1249 1202 certa
1264 1141 1404 1203 scientia
1418 1142 1512 1204 vobis
1525 1145 1652 1205 donans
1671 1147 1766 1223 post-

969 1235 1101 1296 modum
1116 1237 1304 1313 integravit,
1320 1239 1406 1301 sicut
1426 1239 1461 1301 in
1482 1241 1602 1303 litteris
1618 1244 1766 1320 ejusdem

969 1333 1116 1412 episcopi
1150 1335 1379 1412 perspeximus
1412 1337 1542 1413 plenius
1575 1341 1764 1402 contineris

968 1429 1063 1492 vobis
1078 1431 1111 1492 et
1125 1447 1187 1508 per
1195 1447 1255 1493 vos
1273 1435 1475 1496 monasterio
1488 1437 1600 1498 vestro
1615 1439 1766 1500 auotori-

967 1525 1035 1587 tate
1055 1527 1248 1604 apostolica
1272 1529 1518 1604 confirmamus,
1540 1532 1574 1594 et
1592 1535 1766 1609 praesentis

968 1623 1083 1700 scripti
1091 1625 1276 1700 patrocinio
1288 1627 1539 1690 communimus.
1549 1630 1597 1691 Ad
1606 1634 1766 1708 majorem

969 1722 1079 1782 autem
1103 1721 1154 1783 rei
1176 1723 1389 1796 evidentiam,
1412 1725 1560 1788 tenorem
1579 1727 1766 1791 litterarum

968 1817 1115 1895 episcopi
1138 1819 1179 1880 de
1200 1820 1302 1882 verbo
1324 1821 1523 1883 adverbum
1546 1825 1765 1901 presentibus

967 1911 1122 1974 duximus
1137 1913 1362 1988 inserendum,
1379 1920 1473 1994 cujus
1488 1918 1585 1979 tenor
1595 1919 1648 1980 est
1660 1920 1737 1982 talis
1755 1941 1763 1981 :

1006 2011 1291 2073 «venerabilibus
1325 2013 1361 2073 in
1383 2014 1513 2076 Christo
1533 2015 1703 2088 fratribus,
1731 2018 1765 2078 61

967 2108 1158 2169 reverendis
1171 2109 1288 2170 amicis
1302 2110 1424 2171 Christi
1439 2110 1561 2183 abbati,
1576 2113 1609 2174 et
1623 2129 1763 2176 conven-

966 2204 1015 2266 tui
1030 2205 1152 2267 sanctae
1167 2207 1283 2268 Mariae
1296 2207 1331 2268 in
1346 2209 1457 2270 Monte
1471 2199 1607 2282 11111611,
1618 2211 1762 2287 Hugoli-

966 2317 1029 2362 nus
1050 2301 1264 2365 miseratione
1279 2305 1392 2366 divina
1415 2306 1576 2368 Ostiensis
1598 2309 1631 2370 et
1651 2309 1765 2370 Velle-

965 2399 1087 2459 trensis
1118 2400 1308 2478 episcopus,
1336 2403 1528 2480 perpetuam
1558 2404 1594 2465 in
1623 2406 1762 2466 Domino

967 2496 1155 2558 salutem.»

1006 2609 1024 2651 s
1043 2594 1113 2654 Etsi
1134 2595 1209 2656 aliis
1232 2596 1316 2657 locis
1340 2597 1507 2673 religiosis
1529 2597 1631 2660 officii
1652 2599 1762 2662 debito

966 2691 1090 2766 passim
1104 2690 1279 2753 teneamur
1293 2693 1419 2766 adesse,
1435 2710 1548 2756 eorum
1569 2696 1680 2758 tamen
1702 2696 1763 2758 de-

965 2785 1080 2847 bemus
1097 2791 1207 2865 potius
1226 2790 1397 2852 intendere
1418 2792 1598 2854 commodis
1619 2795 1653 2855 61
1675 2811 1763 2872 aug-

966 2885 1096 2957 mentis,
1125 2887 1242 2964 quihus
1271 2889 1397 2949 utiliter
1422 2889 1597 2966 providere
1624 2891 1763 2968 speciali

966 2983 1107 3059 quadarn
1123 2984 1345 3048 sollicitudine
1368 3002 1597 3063 provocamur.
1614 2989 1699 3050 Hinc
1714 2991 1764 3052 est

967 3080 1052 3156 quod
1078 3097 1139 3143 nos
1164 3083 1402 3144 monasterium
1426 3085 1535 3160 ipsum
1558 3086 1679 3164 inquo
1702 3103 1762 3149 vos

966 3177 1105 3238 Domino
1118 3179 1291 3264 deservitis
1305 3181 1346 3241 ad
1358 3181 1518 3243 honorem
1531 3183 1603 3256 Dei,
1615 3183 1648 3245 et
1657 3184 1763 3247 beatae

896 3289 902 3300 ·
965 3275 1113 3350 virginis
1134 3277 1250 3338 matris
1274 3291 1344 3339 suae
1368 3281 1604 3350 constructum,
1621 3282 1653 3343 et
1666 3281 1762 3344 vohis

966 3372 999 3433 et
1021 3387 1081 3448 per
1104 3388 1164 3434 vos
1185 3373 1294 3435 ordini
1315 3375 1426 3438 vestro
1449 3393 1470 3436 a
1494 3376 1589 3439 nobis
1604 3379 1763 3456 perpetua

966 3467 1144 3530 donatione
1169 3485 1364 3532 concessum
1383 3473 1483 3549 Justis
1510 3475 1626 3547 modis,
1643 3474 1763 3551 quibus

966 3579 1161 3641 possumus,
1182 3568 1344 3643 ampliare
1366 3569 1527 3642 volentes,
1552 3571 1762 3634 medietatem

966 3663 1066 3723 unius
1094 3663 1191 3725 molae
1212 3665 1523 3743 juxtaNympham,
1548 3668 1590 3728 ad
1614 3685 1763 3730 mensam

966 3759 1113 3821 nostram
1123 3761 1549 3840 specialiterpertinentem,
1561 3765 1601 3827 de
1611 3781 1761 3840 assensu,

966 3858 1000 3920 et
1012 3857 1182 3948 voluntate
1196 3858 1321 3920 domini
1341 3863 1451 3938 Papae,
1468 3877 1530 3923 nec
1544 3879 1611 3924 non
1628 3865 1661 3926 et
1675 3865 1764 3942 oapi·

966 3955 1028 4017 tuli
1042 3955 1268 4030 velletrensis,
1285 3956 1389 4030 vobis,
1402 3959 1436 4019 et
1451 3975 1509 4035 pro
1524 3960 1619 4022 vobis
1633 3977 1765 4024 monas·

966 4053 1051 4114 terio
1064 4055 1175 4116 vestro
1188 4055 1434 4129 concessimus,·
1455 4057 1618 4135 reliquam
1633 4076 1764 4138 quoque

967 4151 1071 4229 ipsius
1091 4153 1188 4213 molae
1210 4152 1430 4226 medietatem,
1447 4171 1545 4232 quarn
1571 4157 1685 4218 nostra
1704 4175 1766 4235 pe-

967 4249 1064 4309 cunia
1080 4264 1276 4320 emeramus,
1291 4249 1386 4311 vobis
1400 4251 1617 4313 nihilominus
1632 4254 1668 4313 in
1680 4255 1765 4316 elee-

967 4361 1104 4422 mosyna
1136 4346 1190 4422 pia
1216 4345 1414 4407 liberalitate
1445 4347 1657 4422 donavimus,
1685 4353 1763 4428 jure

968 4443 1124 4520 perpetuo
1152 4442 1294 4519 pacifice·
1317 4444 1561 4521 possidendam.
1588 4447 1637 4508 hd
1663 4447 1763 4527 hujus

967 4540 1077 4600 autem
1110 4538 1333 4601 concessionis
1360 4542 1393 4603 et
1420 4540 1610 4604 donationis
1640 4547 1763 4609 nostrae

897 4661 901 4670 ·
967 4638 1158 4715 perpetuam
1190 4639 1384 4700 memoriam
1420 4639 1453 4700 et
1486 4642 1671 4716 munimen,
1701 4643 1764 4706 hoc

967 4735 1126 4811 scriptum
1148 4734 1220 4796 fieri
1241 4735 1335 4798 vohis
1348 4736 1497 4811 fecimus,
1512 4741 1637 4813 nostra,
1655 4742 1688 4804 et
1702 4758 1763 4804 ca-

968 4833 1164 4894 nonicorum
1187 4833 1444 4896 velletrensium
1466 4836 1764 4914 subscriptionibus

967 4929 1173 5002 roboratum,
1202 4931 1372 5008 nostrique
1409 4933 1511 5008 sigilli
1544 4935 1764 5010 impressione

967 5027 1150 5101 munitum3
1176 5027 1386 5104 pontificatus
1409 5029 1533 5090 domini
1548 5033 1688 5093 Honorii
1702 5048 1766 5110 pa-

967 5141 1018 5203 pae
1034 5125 1090 5196 lll,
1105 5139 1192 5186 anno
1216 5124 1323 5201 primo
1346 5141 1461 5187 mense
1483 5127 1637 5201 octobris,
1652 5129 1764 5192 indic-

968 5224 1058 5286 tione
1073 5223 1149 5283 v.»

1008 5317 1101 5381 Nulli
1117 5335 1195 5395 ergo
1211 5319 1345 5381 omnino
1366 5320 1537 5382 hominum
1561 5321 1661 5386 liceat
1679 5324 1765 5388 hano

969 5418 1125 5496 paginam
1150 5418 1271 5479 nostrae
1294 5418 1555 5481 confirmationis
1570 5420 1764 5498 infringere,

969 5517 1022 5578 vel
1036 5515 1067 5578 ei
1081 5531 1165 5576 ausu
1176 5515 1355 5578 temerario
1370 5516 1547 5579 contraire.
1561 5517 1596 5578 Si
1611 5520 1684 5596 quis
1700 5536 1766 5582 au-
