4234 6408
930 154 965 172 *a

789 311 1018 376 EPISTOLAE.
1042 317 1120 380 LIB.
1144 319 1169 380 1.
1740 337 1800 396 206

1006 475 1127 552 petam.
1150 477 1214 540 Sed
1237 479 1293 543 ubi
1308 484 1359 544 est
1379 483 1564 562 indignatio
1583 490 1708 566 Moysis
1724 507 1798 554 oum

472 515 646 608 CLXVII
1005 573 1107 634 dixit:
1133 577 1196 648 Qui
1215 580 1347 642 Domini
1366 583 1419 644 est
1441 585 1636 662 accingatur
1656 604 1796 662 mecum,

1004 670 1037 732 et
1048 673 1151 746 ponat
1166 675 1304 751 quilibet
1314 678 1461 753 gladium
1472 697 1572 760 supra
1586 684 1693 746 tamur
1702 703 1798 748 sunm

156 771 207 830 Aa
223 768 495 841 archiepiscopos
508 768 543 830 et
556 771 729 843 episcopos
747 770 782 832 ct
800 773 948 845 abietes,
1005 771 1120 830 contra
1141 774 1256 848 gentes
1275 774 1446 850 idolatras,
1470 784 1503 840 et
1521 782 1678 858 populum
1702 799 1798 845 mur-

189 869 330 940 prtores
356 864 389 926 et
412 867 498 926 uttcs
523 869 745 928 ecclesiaram
771 869 948 943 praeutos,
1004 869 1189 930 murantem
1202 883 1212 938 ;
1227 870 1283 932 ubi
1296 873 1347 934 est
1362 875 1504 937 Phineas
1524 878 1580 955 qui
1594 880 1745 942 Judaeum
1765 883 1800 944 et

187 962 388 1036 potestaten,
404 968 557 1024 corrsutes
579 964 612 1024 et
630 968 811 1026 arriperem
833 967 950 1038 peotes
1003 964 1220 1030 Madianitam
1255 973 1411 1034 coeuntes
1434 974 1577 1052 pugione
1607 977 1795 1054 transfixit3

192 1074 260 1134 per
295 1061 538 1122 Lmnbcrdicm
569 1059 604 1124 et
640 1064 798 1126 Tusciam
822 1064 950 1125 cousti-
1004 1061 1060 1122 ubi
1085 1065 1135 1126 est
1163 1069 1420 1142 magnanimitas
1444 1074 1651 1147 Mattiatbiae,
1665 1076 1722 1152 qui
1740 1078 1796 1138 ri-

193 1157 294 1218 10100.
673 1187 676 1194 ,
1003 1159 1084 1221 dens
1104 1164 1220 1226 saneta
1235 1167 1366 1228 Domini
1384 1169 1597 1246 prophanari,
1618 1173 1794 1249 prosilivit,

1003 1257 1039 1318 ut
1061 1258 1169 1334 legem
1192 1263 1225 1324 et
1240 1263 1365 1340 patrias
1381 1265 1609 1330 observantias
1626 1270 1797 1333 tueretur?

447 1331 660 1391 1110111117.
1001 1356 1227 1434 accingantur
1247 1376 1327 1436 ergo
1348 1362 1474 1434 fideles,
1501 1367 1534 1428 et
1560 1367 1628 1428 sint
1649 1367 1709 1429 tilii
1735 1385 1797 1447 po-

248 1457 404 1546 [saliarium
416 1481 570 1542 somonam,
581 1485 601 1532 ι
615 1483 658 1544 iii,
674 1498 701 1548 p·
713 1482 769 1542 sit,
782 1496 809 1534 ῃ,
819 1483 857 1550 5,]
1001 1452 1120 1526 tentes,
1135 1455 1266 1534 tempus
1282 1461 1332 1520 est
1350 1460 1449 1533 enim,
1467 1463 1503 1523 ut
1521 1463 1646 1527 iaciant
1666 1465 1797 1528 11111110-

1001 1549 1069 1612 tam
1106 1553 1141 1614 in
1178 1554 1391 1630 nationibus,
1418 1559 1453 1620 in
1481 1561 1633 1636 gentibus
1668 1565 1797 1630 scilicet

153 1647 254 1708 ludicii
272 1647 428 1708 cruciatam
451 1665 502 1723 pro
521 1649 647 1708 subsidio
667 1653 761 1709 Terrae
788 1653 898 1710 Sancte
916 1653 946 1710 in
1001 1647 1224 1714 detinentibus
1265 1653 1299 1716 et
1324 1656 1626 1721 contaminantibus
1659 1665 1796 1725 Terram

187 1737 312 1810 partibus
329 1737 508 1796 lombardie
529 1746 558 1796 et
576 1739 685 1798 Tusciae
704 1729 770 1798 eum
788 1740 945 1815 indulgen·
1001 1749 1164 1822 Sanctam,
1180 1751 1215 1810 iu
1228 1751 1291 1824 bis,
1304 1753 1359 1828 qui
1370 1753 1505 1816 stultam
1517 1756 1644 1821 iaciunt
1655 1761 1797 1836 gloriam

186 1827 289 1884 tiorum
303 1825 482 1901 elargitione.
1000 1846 1114 1906 Crucis
1143 1846 1283 1920 Christi,
1300 1851 1333 1910 et
1354 1852 1556 1928 exprobrant
1580 1856 1795 1932 ignominiam

999 1943 1179 2004 Dominicae
1208 1946 1389 2006 Passionis.
1409 1952 1592 2025 Properare
1616 1954 1719 2030 igitur
1732 1973 1795 2020 ne-

187 2021 357 2082 Honorius
394 2021 583 2100 episcopus,
616 2039 732 2084 servus
772 2039 944 2086 sertorum
999 2054 1092 2100 cesse
1114 2041 1165 2102 est
1188 2040 1229 2100 ad
1260 2042 1359 2104 tantae
1382 2042 1551 2108 felicitatis
1573 2048 1742 2125 bravium,
1764 2057 1797 2118 et

149 2118 229 2192 uei,
273 2117 521 2180 venerabilibus
565 2119 722 2182 fratribus
756 2121 944 2199 archiepis·
999 2135 1095 2198 tonat
1134 2137 1240 2199 noeirs
1282 2139 1421 2216 quilibet
1454 2159 1585 2206 crucem
1616 2163 1734 2222 suam,
1763 2152 1797 2215 et

28 2235 33 2246 ·
147 2217 239 2293 copis
263 2217 296 2278 et
316 2216 490 2299 episcopis,
514 2219 547 2279 at
563 2218 691 2279 dilectis
716 2219 795 2280 tiliis
810 2219 942 2280 abbati·
998 2234 1157 2310 sequatur
1186 2235 1345 2296 vexillum
1379 2237 1495 2312 gloriae
1531 2244 1651 2303 summi
1676 2247 1793 2322 Regis,

145 2312 220 2386 hus,
246 2311 411 2390 triffillus
433 2314 465 2376 θῑ
481 2315 557 2375 aliis
577 2316 791 2377 ecclesiarum
816 2317 941 2392 1)ΥὲῙᾶ-
998 2345 1059 2390 nec
1085 2333 1221 2392 excuset
1252 2348 1287 2393 se
1322 2333 1443 2410 aliquis
1476 2353 1495 2398 a
1528 2340 1665 2402 servitio
1697 2345 1796 2404 iesu-

144 2411 209 2483 tis,
234 2411 468 2487 potestatibus,
496 2411 703 2485 consulibus,
725 2413 757 2474 et
777 2413 942 2474 universis
997 2427 1131 2500 Christi,
1152 2429 1209 2506 qui
1237 2431 1308 2492 vult
1333 2447 1476 2508 regnare
1500 2450 1574 2498 cum
1599 2437 1688 2514 ipso;
1714 2441 1795 2517 quin

144 2507 943 2584 fidelibusperLombardiametTusciamconsti·
996 2525 1106 2603 potius
1135 2524 1278 2601 abneget
1310 2531 1537 2606 semetipsum,
1564 2535 1596 2595 et
1630 2537 1727 2598 exeat
1744 2540 1794 2624 ¹de

143 2603 238 2674 tuiis,
270 2605 410 2668 salutem
434 2607 466 2669 et
495 2607 712 2684 apostolicam
733 2606 940 2668 benedictio·
996 2621 1086 2682 terra
1107 2620 1141 2681 et
1163 2623 1359 2698 cognatione
1375 2641 1445 2698 sua,
1462 2626 1497 2686 in
1521 2631 1795 2695 0110110301-

145 2717 235 2764 nem.
996 2718 1129 2779 mittens
1144 2719 1272 2792 omnia,
1299 2720 1354 2798 qui
1367 2723 1507 2785 contulit
1529 2727 1696 2789 universa.
1723 2733 1795 2792 Cae-

180 2827 326 2902 Tempus
351 2825 554 2904 acceptabile
583 2827 684 2888 instet
714 2827 747 2889 et
778 2825 850 2887 dies
880 2843 940 2888 sa·
995 2815 1114 2888 terum,
1142 2832 1203 2876 ilos
1227 2817 1325 2894 juxta
1353 2819 1512 2882 statutum
1542 2825 1629 2885 sacri
1653 2826 1795 2892 Consilii

141 2923 225 2986 lutis
241 2923 384 2995 advenit,
399 2925 436 2985 ut
455 2923 502 2997 hi,
522 2924 578 3002 qui
595 2939 661 2985 aere
676 2925 885 3002 peccatorum
905 2940 940 2985 se
994 2913 1173 2990 generalis,
1188 2930 1347 2991 personas
1361 2917 1392 2978 et
1405 2916 1491 2979 bona
1506 2935 1620 2982 eorum
1636 2924 1692 2999 qui
1706 2925 1793 2988 Cru-

141 3014 280 3078 diabolo
298 3015 528 3090 vendiderunt,
557 3017 715 3094 tanquam
736 3018 771 3077 in
795 3018 873 3079 novi
889 3021 941 3095 ju·
994 3011 1042 3072 cis
1055 3011 1134 3072 sunt
1146 3011 1339 3074 charactere
1357 3013 1509 3092 insigniti
1521 3019 1719 3096 recipientes
1732 3023 1792 3086 sub

140 3113 225 3176 bilei
235 3112 343 3192 jubilo
359 3115 514 3175 amissam
527 3115 724 3192 recuperent
737 3113 938 3189 libertatem,
994 3108 1199 3184 protectione
1225 3111 1531 3188 sedisapostolicae
1551 3117 1699 3192 speciali,
1721 3135 1794 3182 om-

139 3211 173 3274 et
182 3211 592 3288 pernot'aeredernptionis
604 3212 787 3273 remedium
809 3212 939 3274 animas
993 3207 1101 3278 nibus,
1123 3208 1180 3284 qui
1204 3207 1351 3270 laborem
1370 3210 1470 3272 istum
1493 3213 1692 3292 inpropriis
1716 3235 1794 3296 per-

140 3307 312 3370 redimant
331 3306 447 3369 fraude
458 3307 623 3370 diabolica
644 3310 807 3386 captivas3
826 3326 940 3370 exsur·
994 3305 1085 3366 sonis
1103 3303 1266 3367 subierint
1278 3308 1311 3367 ct
1325 3309 1491 3383 expensis,
1508 3308 1638 3385 plenam
1658 3329 1793 3378 suorum

139 3407 201 3482 gat
223 3421 302 3480 ergo
325 3421 413 3466 nunc
438 3405 496 3482 qui
515 3405 646 3477 dormit,
667 3407 701 3466 et
722 3405 763 3466 ab
784 3407 939 3482 operibus
994 3401 1793 3477 peccaminumdequibusfuerintveracitercorde

137 3501 321 3574 excitetur,
335 3503 371 3564 ut
386 3501 551 3563 illuminet
563 3501 626 3562 sibi
640 3501 801 3574 Christus,
817 3503 849 3563 et
864 3518 940 3563 cur-
994 3496 1127 3556 contriti
1149 3497 1181 3556 et
1193 3513 1251 3556 ore
1271 3497 1414 3557 confessi
1428 3501 1559 3561 veniam
1569 3503 1789 3579 indulgemus,

137 3601 194 3661 rat
210 3598 348 3674 quilibet
361 3599 397 3659 in
411 3597 586 3676 splendore
606 3595 744 3674 fulgoris
769 3613 940 3658 armornm
994 3591 1027 3651 et
1049 3591 1084 3651 in
1105 3589 1325 3652 retributione
1335 3594 1501 3667 justorum
1520 3597 1636 3659 salutis
1658 3601 1790 3664 aeternae

137 3695 277 3758 Domini
298 3695 466 3756 accinctus
481 3695 522 3755 ad
546 3695 652 3770 ipsius
674 3693 826 3770 praelium
849 3709 939 3770 prae·
994 3686 1189 3764 pollicemur
1213 3691 1464 3764 augumentum,
1498 3693 1547 3754 018
1581 3695 1706 3768 autem,
1734 3699 1791 3776 qui

134 3791 304 3865 liandum,
321 3792 377 3870 qui
393 3807 549 3853 coronam
563 3790 710 3866 legitima
734 3789 939 3850 certantibus
994 3799 1060 3844 non
1083 3783 1117 3844 in
1140 3785 1283 3860 propriis
1303 3788 1455 3862 personis
1475 3789 1555 3852 illuc
1574 3796 1787 3870 accesserint,

133 3887 363 3966 repromittit,
388 3887 421 3947 et
435 3887 513 3963 quia
534 3900 601 3946 non
623 3883 721 3945 estin
737 3885 881 3959 homine,
905 3886 941 3948 ut
995 3880 1051 3942 sed
1070 3881 1104 3941 in
1124 3881 1194 3941 suis
1209 3881 1370 3944 duntaxat
1384 3887 1540 3962 expensis
1556 3891 1654 3965 Juxta
1676 3891 1786 3954 iacul-

132 3985 284 4048 Domino
298 3982 402 4058 possit
416 3979 611 4054 retribuere,
624 3981 680 4058 qui
693 3997 753 4058 pro
764 3981 859 4042 nobis
872 3982 942 4043 tor·
994 3978 1435 4056 tatemetqualitatemsuam
1445 3985 1790 4072 virosidoneosdesti-

130 4097 232 4144 marn
260 4077 349 4138 servi
372 4077 551 4154 accipiens,
578 4077 614 4138 in
638 4079 776 4139 mortem
804 4079 941 4141 tradidit
995 4076 1118 4147 narint,
1135 4076 1168 4138 et
1185 4076 1251 4138 illis
1273 4077 1437 4152 similiter,
1455 4082 1511 4158 qui
1526 4082 1605 4145 licet
1618 4085 1653 4145 in
1669 4087 1789 4150 alienis

129 4173 375 4251 semetipsum,
401 4174 518 4236 saltem
538 4190 598 4251 pro
622 4189 680 4248 θο,
708 4175 940 4238 retributionis
995 4174 1150 4250 expensis
1168 4173 1204 4235 in
1219 4175 1369 4251 personis
1384 4179 1528 4253 propriis
1544 4180 1654 4241 tamen
1671 4199 1788 4246 acces·
1892 4239 1897 4248 .

132 4272 299 4352 aequitate
319 4274 478 4350 pensata,
499 4273 635 4348 paratus
657 4271 700 4334 sit
723 4272 836 4334 bibere
858 4273 941 4334 cali·
996 4270 1111 4339 serint,
1125 4270 1258 4345 plenam
1278 4286 1414 4332 suorum
1429 4275 1641 4336 concedimus
1655 4279 1792 4366 veniam·

135 4387 212 4434 cern
243 4369 427 4447 passionis;
449 4369 632 4446 ignominia
656 4370 706 4431 est
719 4385 861 4446 namque
881 4386 942 4446 po-
995 4367 1222 4442 peccatorum;
1241 4365 1342 4443 hujus
1358 4383 1486 4444 quoque
1502 4371 1708 4434 remissionis
1723 4393 1788 4438 vo-

135 4469 218 4546 pulo
240 4465 433 4538 cbristiano,
455 4467 540 4543 quod
566 4469 638 4528 Rex
657 4466 714 4526 ille
733 4481 860 4541 regum,
882 4467 940 4543 qut
995 4462 1104 4523 lumus
1126 4462 1158 4524 et
1172 4463 1382 4526 concedimus
1398 4481 1471 4528 esse
1492 4467 1672 4547 participes
1691 4475 1790 4550 juxta

137 4563 270 4626 creavit
282 4563 403 4636 omnia,
420 4564 454 4624 et
465 4579 505 4623 ea
528 4579 601 4641 quae
622 4563 698 4623 coeli
713 4561 839 4623 ambitu
855 4579 939 4622 oon·
994 4560 1212 4638 quantitatem
1227 4559 1367 4624 subsidii
1384 4563 1418 4624 et
1432 4562 1617 4628 devotionis
1632 4569 1787 4634 affectum

137 4662 302 4732 tinentur,
319 4676 339 4720 a
354 4660 489 4737 propria
504 4660 581 4721 sede
596 4659 754 4736 depulsus
776 4675 836 4736 pro
856 4674 938 4720 nos·
988 4658 1194 4735 omnesqui
1215 4659 1257 4720 ad
1279 4659 1530 4724 subventionem
1553 4664 1661 4740 ipsius
1677 4670 1788 4732 Terrae

136 4760 201 4820 tris
215 4757 704 4830 facinoribusamisitterram,
718 4773 791 4835 quae
805 4757 939 4821 11101011-
994 4755 1034 4817 10
1068 4755 1163 4818 bonis
1187 4756 1258 4817 suis
1282 4772 1427 4834 congrue
1450 4761 1703 4838 ministrabunt,
1730 4769 1789 4828 aut

137 4855 192 4916 lus
207 4856 260 4916 est
272 4854 478 4917 baereditatis
500 4870 580 4926 suae,
605 4870 704 4931 quam
724 4871 790 4916 non
806 4870 889 4916 auro
907 4855 940 4916 et
994 4853 1083 4915 circa
1107 4853 1265 4929 praedicta
1286 4855 1462 4916 consilium
1482 4859 1515 4918 et
1533 4861 1695 4922 auxilium
1718 4864 1787 4924 im-

139 4951 294 5028 argento,
310 4951 367 5012 sed
382 4957 442 5012 suo
457 4951 602 5028 pretioso
622 4952 785 5026 sanguine
798 4967 937 5028 compa·
993 4950 1175 5028 penderent
1197 4952 1428 5026 opportunum.
1452 4953 1492 5014 st
1514 4969 1588 5014 cum
1609 4973 1790 5032 perneces-

137 5050 250 5112 ravit:
265 5048 417 5109 contusio
437 5047 488 5108 est
502 5047 602 5110 etiam
618 5049 797 5120 universis,
810 5050 866 5127 qui
879 5048 939 5109 sub
994 5047 1120 5138 sarium
1140 5045 1305 5107 credimus
1325 5049 1456 5124 negotio
1476 5051 1587 5112 Terrae
1603 5055 1731 5115 Sanctae
1751 5055 1788 5116 ut

138 5145 275 5212 Christo
291 5145 441 5222 principe
462 5145 659 5221 gloriantur,
676 5146 762 5223 quod
784 5146 938 5224 princeps
993 5143 1160 5222 principes
1172 5143 1208 5211 vet
1218 5144 1359 5222 populus
1375 5144 1582 5208 Christianus
1598 5149 1689 5224 pacis
1703 5166 1789 5226 gau-

139 5244 257 5306 noster
268 5242 381 5304 amisit
394 5243 520 5303 terreni
536 5243 678 5318 gloriam
696 5243 792 5318 regni
814 5243 889 5312 sui,
907 5245 940 5305 et
994 5241 1094 5303 deant
1103 5239 1240 5312 unitate,
1248 5240 1335 5312 ideo,
1347 5241 1433 5317 quod
1445 5243 1602 5304 statutum
1612 5245 1662 5306 est
1672 5249 1788 5310 sancta
1916 5293 1925 5301 .

139 5344 268 5404 terram
281 5339 477 5410 nativitatis,
488 5341 525 5400 in
539 5354 604 5416 qua
615 5340 834 5416 corporaliter
847 5341 939 5402 risus
993 5339 1027 5400 et
1040 5338 1222 5399 universali
1235 5337 1361 5414 synodo
1376 5338 1539 5412 suadenti,
1553 5341 1588 5402 ut
1602 5341 1718 5404 saltem
1728 5362 1789 5422 per

138 5439 194 5500 est
219 5453 295 5499 cum
323 5436 512 5498 hominibus
536 5436 786 5510 conversando,
813 5453 852 5498 ac
877 5437 939 5497 tllii
994 5436 1249 5518 quadriennium
1271 5435 1307 5495 in
1330 5436 1397 5498 toto
1422 5436 1500 5498 orbe
1519 5437 1701 5504 christiano
1720 5459 1787 5521 pax

140 5535 286 5608 ancillae,
318 5534 376 5611 qui
404 5551 472 5596 non
499 5535 578 5597 sunt
598 5533 749 5597 haeredes
770 5549 844 5596 cum
868 5533 938 5595 tilio
992 5534 1195 5610 generaliter
1207 5532 1411 5600 observetur,
1431 5534 1478 5595 ita
1494 5535 1579 5612 quod
1596 5553 1656 5614 per
1673 5541 1788 5604 Eccle-

140 5632 269 5706 liberae,
293 5631 385 5694 illam
409 5633 558 5697 detinent
575 5631 812 5696 miserabiliter
834 5647 937 5696 occu·
994 5632 1118 5694 siarum
1144 5631 1312 5709 praelatos,
1335 5629 1561 5696 discordantes
1585 5635 1789 5702 reducantur
