<?xml version="1.0" encoding="UTF-8"?>
<!DOCTYPE html PUBLIC "-//W3C//DTD XHTML 1.0 Transitional//EN"
    "http://www.w3.org/TR/xhtml1/DTD/xhtml1-transitional.dtd">
<html xmlns="http://www.w3.org/1999/xhtml" xml:lang="en" lang="en">
 <head>
  <title>
</title>
<meta http-equiv="Content-Type" content="text/html;charset=utf-8" />
  <meta name='ocr-system' content='tesseract 3.04.00' />
  <meta name='ocr-capabilities' content='ocr_page ocr_carea ocr_par ocr_line ocrx_word'/>
</head>
<body>
  <div class='ocr_page' id='page_1' title='image "./mediiaevibiblio02unkngoog_0404.png"; bbox 0 0 4234 6442; ppageno 0'>
   <div class='ocr_carea' id='block_1_1' title="bbox 833 255 1287 396">
    <p class='ocr_par' dir='ltr' id='par_1_1' title="bbox 833 255 1287 396">
     <span class='ocr_line' id='line_1_1' title="bbox 833 255 1287 396; baseline 0.075 -83"><span class='ocrx_word' id='word_1_1' title='bbox 833 255 1066 344; x_wconf 75' lang='grc'><strong>11111011.</strong></span> <span class='ocrx_word' id='word_1_2' title='bbox 1090 273 1169 336; x_wconf 82' lang='lat' dir='ltr'><strong>nro.</strong></span> <span class='ocrx_word' id='word_1_3' title='bbox 1193 281 1217 340; x_wconf 92' lang='lat'><strong>1.</strong></span> <span class='ocrx_word' id='word_1_4' title='bbox 1275 375 1287 396; x_wconf 32' lang='grc' dir='ltr'>ι</span> 
     </span>
    </p>
   </div>
   <div class='ocr_carea' id='block_1_2' title="bbox 499 401 691 498">
    <p class='ocr_par' dir='ltr' id='par_1_2' title="bbox 499 401 691 498">
     <span class='ocr_line' id='line_1_2' title="bbox 499 401 691 498; baseline 0.073 -13"><span class='ocrx_word' id='word_1_5' title='bbox 499 401 691 498; x_wconf 78' lang='lat' dir='ltr'><strong>cdlxiii</strong></span> 
     </span>
    </p>
   </div>
   <div class='ocr_carea' id='block_1_3' title="bbox 245 571 937 676">
    <p class='ocr_par' dir='ltr' id='par_1_3' title="bbox 245 571 937 676">
     <span class='ocr_line' id='line_1_3' title="bbox 245 571 937 676; baseline 0.068 -47"><span class='ocrx_word' id='word_1_6' title='bbox 245 571 297 632; x_wconf 84' lang='lat' dir='ltr'><strong>Ad</strong></span> <span class='ocrx_word' id='word_1_7' title='bbox 307 577 513 648; x_wconf 73' lang='lat' dir='ltr'><strong>potestatem</strong></span> <span class='ocrx_word' id='word_1_8' title='bbox 527 588 734 669; x_wconf 70' lang='lat' dir='ltr'><strong>cleopatram</strong></span> <span class='ocrx_word' id='word_1_9' title='bbox 747 606 937 676; x_wconf 65' lang='lat' dir='ltr'><strong>Sarrastras,</strong></span> 
     </span>
    </p>
   </div>
   <div class='ocr_carea' id='block_1_4' title="bbox 365 743 808 944">
    <p class='ocr_par' dir='ltr' id='par_1_4' title="bbox 365 743 808 944">
     <span class='ocr_line' id='line_1_4' title="bbox 474 743 701 815; baseline 0.053 -15"><span class='ocrx_word' id='word_1_10' title='bbox 474 743 508 802; x_wconf 87' lang='grc'><strong>13</strong></span> <span class='ocrx_word' id='word_1_11' title='bbox 520 757 604 808; x_wconf 88' lang='lat' dir='ltr'><strong>mart.</strong></span> <span class='ocrx_word' id='word_1_12' title='bbox 622 753 701 815; x_wconf 78' lang='grc'><strong>1217.</strong></span> 
     </span>
     <span class='ocr_line' id='line_1_5' title="bbox 365 848 808 944; baseline 0.07 -44"><span class='ocrx_word' id='word_1_13' title='bbox 365 848 551 918; x_wconf 66' lang='lat' dir='ltr'><strong>[remissaria</strong></span> <span class='ocrx_word' id='word_1_14' title='bbox 566 863 592 915; x_wconf 90' lang='lat' dir='ltr'><strong>di</strong></span> <span class='ocrx_word' id='word_1_15' title='bbox 605 866 688 930; x_wconf 84' lang='lat' dir='ltr'><strong>Sioua,</strong></span> <span class='ocrx_word' id='word_1_16' title='bbox 699 887 726 939; x_wconf 84' lang='lat' dir='ltr'><strong>p.</strong></span> <span class='ocrx_word' id='word_1_17' title='bbox 741 877 808 944; x_wconf 70' lang='lat' dir='ltr'><strong>lta]</strong></span> 
     </span>
    </p>
   </div>
   <div class='ocr_carea' id='block_1_5' title="bbox 204 999 964 1111">
    <p class='ocr_par' dir='ltr' id='par_1_5' title="bbox 204 999 964 1111">
     <span class='ocr_line' id='line_1_6' title="bbox 204 999 964 1111; baseline 0.072 -54"><span class='ocrx_word' id='word_1_18' title='bbox 204 999 357 1078; x_wconf 83' lang='lat' dir='ltr'><strong>llugonem</strong></span> <span class='ocrx_word' id='word_1_19' title='bbox 381 1013 563 1082; x_wconf 87' lang='lat' dir='ltr'><strong>llostiensem</strong></span> <span class='ocrx_word' id='word_1_20' title='bbox 584 1029 751 1108; x_wconf 84' lang='lat' dir='ltr'><strong>episcopum</strong></span> <span class='ocrx_word' id='word_1_21' title='bbox 771 1049 964 1111; x_wconf 78' lang='lat' dir='ltr'><strong>commendat.</strong></span> 
     </span>
    </p>
   </div>
   <div class='ocr_carea' id='block_1_6' title="bbox 228 1149 983 1259">
    <p class='ocr_par' dir='ltr' id='par_1_6' title="bbox 228 1149 983 1259">
     <span class='ocr_line' id='line_1_7' title="bbox 228 1149 983 1259; baseline 0.07 -52"><span class='ocrx_word' id='word_1_22' title='bbox 228 1149 397 1218; x_wconf 87' lang='lat' dir='ltr'><strong>Honorius</strong></span> <span class='ocrx_word' id='word_1_23' title='bbox 430 1164 621 1247; x_wconf 87' lang='lat' dir='ltr'><strong>episcopus,</strong></span> <span class='ocrx_word' id='word_1_24' title='bbox 658 1193 776 1245; x_wconf 83' lang='lat' dir='ltr'><strong>servus</strong></span> <span class='ocrx_word' id='word_1_25' title='bbox 809 1203 983 1259; x_wconf 85' lang='lat' dir='ltr'><strong>servarum</strong></span> 
     </span>
    </p>
   </div>
   <div class='ocr_carea' id='block_1_7' title="bbox 183 1243 927 1482">
    <p class='ocr_par' dir='ltr' id='par_1_7' title="bbox 183 1243 927 1482">
     <span class='ocr_line' id='line_1_8' title="bbox 184 1243 756 1351; baseline 0.072 -48"><span class='ocrx_word' id='word_1_26' title='bbox 184 1243 255 1318; x_wconf 88' lang='lat' dir='ltr'><strong>Dei,</strong></span> <span class='ocrx_word' id='word_1_27' title='bbox 281 1248 410 1317; x_wconf 89' lang='lat' dir='ltr'><strong>dilectis</strong></span> <span class='ocrx_word' id='word_1_28' title='bbox 432 1259 511 1324; x_wconf 84' lang='lat' dir='ltr'><strong>liliis</strong></span> <span class='ocrx_word' id='word_1_29' title='bbox 532 1272 699 1351; x_wconf 77' lang='lat' dir='ltr'><strong>potestati,</strong></span> <span class='ocrx_word' id='word_1_30' title='bbox 723 1282 756 1344; x_wconf 88' lang='lat' dir='ltr'><strong>et</strong></span> 
     </span>
     <span class='ocr_line' id='line_1_9' title="bbox 183 1346 927 1482; baseline 0.073 -82"><span class='ocrx_word' id='word_1_31' title='bbox 183 1346 290 1419; x_wconf 90' lang='lat' dir='ltr'><strong>nensi,</strong></span> <span class='ocrx_word' id='word_1_32' title='bbox 311 1351 505 1424; x_wconf 86' lang='lat' dir='ltr'><strong>salutemet</strong></span> <span class='ocrx_word' id='word_1_33' title='bbox 525 1367 750 1444; x_wconf 74' lang='lat' dir='ltr'><strong>apostoticam</strong></span> <span class='ocrx_word' id='word_1_34' title='bbox 771 1381 927 1482; x_wconf 79' lang='lat' dir='ltr'><strong>benedict</strong></span> 
     </span>
    </p>
   </div>
   <div class='ocr_carea' id='block_1_8' title="bbox 174 2025 1007 2138">
    <p class='ocr_par' dir='ltr' id='par_1_8' title="bbox 174 2025 1007 2138">
     <span class='ocr_line' id='line_1_10' title="bbox 174 2025 1007 2138; baseline 0.071 -53"><span class='ocrx_word' id='word_1_35' title='bbox 174 2025 408 2100; x_wconf 82' lang='lat' dir='ltr'><strong>transmarinis</strong></span> <span class='ocrx_word' id='word_1_36' title='bbox 417 2043 597 2113; x_wconf 85' lang='lat' dir='ltr'><strong>efficaciter</strong></span> <span class='ocrx_word' id='word_1_37' title='bbox 610 2068 836 2131; x_wconf 89' lang='lat' dir='ltr'><strong>succurratur.</strong></span> <span class='ocrx_word' id='word_1_38' title='bbox 850 2075 975 2138; x_wconf 75' lang='grc'><strong>111111-</strong></span> <span class='ocrx_word' id='word_1_39' title='bbox 1005 2088 1007 2094; x_wconf 82' lang='grc'><strong>“</strong></span> 
     </span>
    </p>
   </div>
   <div class='ocr_carea' id='block_1_9' title="bbox 172 2139 946 2244">
    <p class='ocr_par' dir='ltr' id='par_1_9' title="bbox 172 2139 946 2244">
     <span class='ocr_line' id='line_1_11' title="bbox 172 2139 946 2244; baseline 0.071 -61"><span class='ocrx_word' id='word_1_40' title='bbox 172 2139 257 2200; x_wconf 80' lang='lat' dir='ltr'><strong>gens</strong></span> <span class='ocrx_word' id='word_1_41' title='bbox 276 2146 420 2214; x_wconf 84' lang='lat' dir='ltr'><strong>namque</strong></span> <span class='ocrx_word' id='word_1_42' title='bbox 437 2143 594 2212; x_wconf 86' lang='lat' dir='ltr'><strong>Dominus</strong></span> <span class='ocrx_word' id='word_1_43' title='bbox 611 2155 765 2226; x_wconf 90' lang='lat' dir='ltr'><strong>misereri</strong></span> <span class='ocrx_word' id='word_1_44' title='bbox 783 2167 874 2244; x_wconf 85' lang='lat' dir='ltr'><strong>Sion,</strong></span> <span class='ocrx_word' id='word_1_45' title='bbox 939 2175 946 2188; x_wconf 92' lang='lat'>&#39;</span> 
     </span>
    </p>
   </div>
   <div class='ocr_carea' id='block_1_10' title="bbox 171 2225 872 2331">
    <p class='ocr_par' dir='ltr' id='par_1_10' title="bbox 171 2225 872 2331">
     <span class='ocr_line' id='line_1_12' title="bbox 171 2225 872 2331; baseline 0.07 -50"><span class='ocrx_word' id='word_1_46' title='bbox 171 2225 264 2288; x_wconf 81' lang='lat' dir='ltr'><strong>venit</strong></span> <span class='ocrx_word' id='word_1_47' title='bbox 281 2227 411 2310; x_wconf 84' lang='lat' dir='ltr'><strong>tempus</strong></span> <span class='ocrx_word' id='word_1_48' title='bbox 430 2241 609 2312; x_wconf 88' lang='lat' dir='ltr'><strong>miserendi</strong></span> <span class='ocrx_word' id='word_1_49' title='bbox 625 2255 707 2331; x_wconf 86' lang='lat' dir='ltr'><strong>ejus,</strong></span> <span class='ocrx_word' id='word_1_50' title='bbox 724 2259 872 2329; x_wconf 77' lang='lat' dir='ltr'><strong>ridellum</strong></span> 
     </span>
    </p>
   </div>
   <div class='ocr_carea' id='block_1_11' title="bbox 169 2318 880 2427">
    <p class='ocr_par' dir='ltr' id='par_1_11' title="bbox 169 2318 880 2427">
     <span class='ocr_line' id='line_1_13' title="bbox 169 2318 880 2427; baseline 0.07 -48"><span class='ocrx_word' id='word_1_51' title='bbox 169 2318 275 2385; x_wconf 87' lang='lat' dir='ltr'><strong>teram</strong></span> <span class='ocrx_word' id='word_1_52' title='bbox 303 2333 473 2412; x_wconf 77' lang='lat' dir='ltr'><strong>exaltavit,</strong></span> <span class='ocrx_word' id='word_1_53' title='bbox 502 2343 665 2426; x_wconf 82' lang='lat' dir='ltr'><strong>eiusque</strong></span> <span class='ocrx_word' id='word_1_54' title='bbox 693 2355 776 2422; x_wconf 88' lang='lat' dir='ltr'><strong>adeo</strong></span> <span class='ocrx_word' id='word_1_55' title='bbox 803 2365 880 2427; x_wconf 83' lang='lat' dir='ltr'><strong>exte</strong></span> 
     </span>
    </p>
   </div>
   <div class='ocr_carea' id='block_1_12' title="bbox 168 2417 968 2528">
    <p class='ocr_par' dir='ltr' id='par_1_12' title="bbox 168 2417 968 2528">
     <span class='ocr_line' id='line_1_14' title="bbox 168 2417 968 2528; baseline 0.076 -52"><span class='ocrx_word' id='word_1_56' title='bbox 168 2417 430 2507; x_wconf 83' lang='lat' dir='ltr'><strong>inimicos,quod</strong></span> <span class='ocrx_word' id='word_1_57' title='bbox 447 2437 759 2528; x_wconf 81' lang='lat' dir='ltr'><strong>TerramSanctam,</strong></span> <span class='ocrx_word' id='word_1_58' title='bbox 844 2463 851 2476; x_wconf 91' lang='lat'>&#39;</span> <span class='ocrx_word' id='word_1_59' title='bbox 948 2499 968 2514; x_wconf 91' lang='lat'><strong>-·</strong></span> 
     </span>
    </p>
   </div>
   <div class='ocr_carea' id='block_1_13' title="bbox 158 2518 967 3314">
    <p class='ocr_par' dir='ltr' id='par_1_13' title="bbox 158 2518 967 3314">
     <span class='ocr_line' id='line_1_15' title="bbox 169 2518 967 2635; baseline 0.068 -60"><span class='ocrx_word' id='word_1_60' title='bbox 169 2518 313 2592; x_wconf 87' lang='lat' dir='ltr'><strong>positam</strong></span> <span class='ocrx_word' id='word_1_61' title='bbox 341 2530 511 2605; x_wconf 82' lang='lat' dir='ltr'><strong>regionem</strong></span> <span class='ocrx_word' id='word_1_62' title='bbox 540 2540 697 2610; x_wconf 89' lang='lat' dir='ltr'><strong>dimisere</strong></span> <span class='ocrx_word' id='word_1_63' title='bbox 722 2552 902 2635; x_wconf 79' lang='lat' dir='ltr'><strong>desertam,</strong></span> <span class='ocrx_word' id='word_1_64' title='bbox 932 2568 967 2628; x_wconf 89' lang='lat' dir='ltr'><strong>et</strong></span> 
     </span>
     <span class='ocr_line' id='line_1_16' title="bbox 166 2613 962 2724; baseline 0.065 -51"><span class='ocrx_word' id='word_1_65' title='bbox 166 2613 252 2678; x_wconf 88' lang='lat' dir='ltr'><strong>alias</strong></span> <span class='ocrx_word' id='word_1_66' title='bbox 274 2619 396 2688; x_wconf 85' lang='lat' dir='ltr'><strong>devicti</strong></span> <span class='ocrx_word' id='word_1_67' title='bbox 416 2632 596 2714; x_wconf 82' lang='lat' dir='ltr'><strong>multoties,</strong></span> <span class='ocrx_word' id='word_1_68' title='bbox 612 2643 671 2707; x_wconf 82' lang='lat' dir='ltr'><strong>vix</strong></span> <span class='ocrx_word' id='word_1_69' title='bbox 684 2651 832 2718; x_wconf 83' lang='lat' dir='ltr'><strong>audeant</strong></span> <span class='ocrx_word' id='word_1_70' title='bbox 845 2659 962 2724; x_wconf 89' lang='lat' dir='ltr'><strong>Chris-</strong></span> 
     </span>
     <span class='ocr_line' id='line_1_17' title="bbox 167 2711 962 2830; baseline 0.065 -58"><span class='ocrx_word' id='word_1_71' title='bbox 167 2711 268 2778; x_wconf 87' lang='lat' dir='ltr'><strong>tianis</strong></span> <span class='ocrx_word' id='word_1_72' title='bbox 284 2734 471 2804; x_wconf 87' lang='lat' dir='ltr'><strong>occurrere,</strong></span> <span class='ocrx_word' id='word_1_73' title='bbox 487 2732 618 2801; x_wconf 89' lang='lat' dir='ltr'><strong>Christo</strong></span> <span class='ocrx_word' id='word_1_74' title='bbox 636 2742 686 2805; x_wconf 89' lang='lat' dir='ltr'><strong>eis</strong></span> <span class='ocrx_word' id='word_1_75' title='bbox 704 2746 740 2809; x_wconf 93' lang='lat' dir='ltr'><strong>in</strong></span> <span class='ocrx_word' id='word_1_76' title='bbox 761 2752 962 2830; x_wconf 86' lang='lat' dir='ltr'><strong>adjutorium</strong></span> 
     </span>
     <span class='ocr_line' id='line_1_18' title="bbox 165 2811 961 2921; baseline 0.068 -52"><span class='ocrx_word' id='word_1_77' title='bbox 165 2811 346 2896; x_wconf 84' lang='lat' dir='ltr'><strong>existente;</strong></span> <span class='ocrx_word' id='word_1_78' title='bbox 362 2823 419 2886; x_wconf 86' lang='lat' dir='ltr'><strong>sed</strong></span> <span class='ocrx_word' id='word_1_79' title='bbox 435 2831 558 2904; x_wconf 86' lang='lat' dir='ltr'><strong>quanto</strong></span> <span class='ocrx_word' id='word_1_80' title='bbox 573 2836 782 2909; x_wconf 83' lang='lat' dir='ltr'><strong>Christianus</strong></span> <span class='ocrx_word' id='word_1_81' title='bbox 793 2857 961 2921; x_wconf 89' lang='lat' dir='ltr'><strong>exercitus</strong></span> 
     </span>
     <span class='ocr_line' id='line_1_19' title="bbox 163 2907 959 3020; baseline 0.069 -53"><span class='ocrx_word' id='word_1_82' title='bbox 163 2907 308 2976; x_wconf 78' lang='lat' dir='ltr'><strong>validius</strong></span> <span class='ocrx_word' id='word_1_83' title='bbox 329 2921 461 2994; x_wconf 86' lang='lat' dir='ltr'><strong>prolicit</strong></span> <span class='ocrx_word' id='word_1_84' title='bbox 481 2932 597 2994; x_wconf 85' lang='lat' dir='ltr'><strong>eontra</strong></span> <span class='ocrx_word' id='word_1_85' title='bbox 610 2935 698 3014; x_wconf 90' lang='lat' dir='ltr'><strong>illos,</strong></span> <span class='ocrx_word' id='word_1_86' title='bbox 715 2944 822 3010; x_wconf 88' lang='lat' dir='ltr'><strong>terras</strong></span> <span class='ocrx_word' id='word_1_87' title='bbox 844 2966 959 3020; x_wconf 82' lang='lat' dir='ltr'><strong>earmn</strong></span> 
     </span>
     <span class='ocr_line' id='line_1_20' title="bbox 162 3005 960 3131; baseline 0.068 -66"><span class='ocrx_word' id='word_1_88' title='bbox 162 3005 307 3073; x_wconf 78' lang='lat' dir='ltr'><strong>viriliter</strong></span> <span class='ocrx_word' id='word_1_89' title='bbox 320 3024 523 3100; x_wconf 88' lang='lat' dir='ltr'><strong>occupando,</strong></span> <span class='ocrx_word' id='word_1_90' title='bbox 541 3030 633 3096; x_wconf 86' lang='lat' dir='ltr'><strong>tanto</strong></span> <span class='ocrx_word' id='word_1_91' title='bbox 657 3053 817 3109; x_wconf 80' lang='lat' dir='ltr'><strong>succursu</strong></span> <span class='ocrx_word' id='word_1_92' title='bbox 832 3049 960 3131; x_wconf 81' lang='lat' dir='ltr'><strong>indiget</strong></span> 
     </span>
     <span class='ocr_line' id='line_1_21' title="bbox 159 3105 959 3228; baseline 0.068 -64"><span class='ocrx_word' id='word_1_93' title='bbox 159 3105 292 3182; x_wconf 73' lang='grc'><strong>1011011,</strong></span> <span class='ocrx_word' id='word_1_94' title='bbox 307 3113 344 3176; x_wconf 90' lang='grc'><strong>11</strong></span> <span class='ocrx_word' id='word_1_95' title='bbox 358 3118 415 3194; x_wconf 78' lang='lat' dir='ltr'><strong>qui</strong></span> <span class='ocrx_word' id='word_1_96' title='bbox 429 3125 566 3188; x_wconf 86' lang='lat' dir='ltr'><strong>necesse</strong></span> <span class='ocrx_word' id='word_1_97' title='bbox 580 3128 681 3198; x_wconf 86' lang='lat' dir='ltr'><strong>hahet</strong></span> <span class='ocrx_word' id='word_1_98' title='bbox 694 3146 864 3222; x_wconf 88' lang='lat' dir='ltr'><strong>occupatis</strong></span> <span class='ocrx_word' id='word_1_99' title='bbox 878 3167 959 3228; x_wconf 89' lang='lat' dir='ltr'><strong>pro-</strong></span> 
     </span>
     <span class='ocr_line' id='line_1_22' title="bbox 158 3198 956 3314; baseline 0.068 -53"><span class='ocrx_word' id='word_1_100' title='bbox 158 3198 218 3264; x_wconf 78' lang='grc'><strong>101</strong></span> <span class='ocrx_word' id='word_1_101' title='bbox 246 3206 407 3306; x_wconf 59' lang='lat' dir='ltr'><strong>demutare</strong></span> <span class='ocrx_word' id='word_1_102' title='bbox 429 3222 600 3302; x_wconf 87' lang='lat' dir='ltr'><strong>custodes,</strong></span> <span class='ocrx_word' id='word_1_103' title='bbox 628 3246 691 3297; x_wconf 90' lang='lat' dir='ltr'><strong>nec</strong></span> <span class='ocrx_word' id='word_1_104' title='bbox 714 3238 820 3304; x_wconf 89' lang='lat' dir='ltr'><strong>tutum</strong></span> <span class='ocrx_word' id='word_1_105' title='bbox 848 3250 899 3312; x_wconf 90' lang='lat' dir='ltr'><strong>est</strong></span> <span class='ocrx_word' id='word_1_106' title='bbox 924 3253 956 3314; x_wconf 88' lang='lat' dir='ltr'><strong>ei</strong></span> 
     </span>
    </p>
   </div>
   <div class='ocr_carea' id='block_1_14' title="bbox 1783 330 1847 391">
    <p class='ocr_par' dir='ltr' id='par_1_14' title="bbox 1783 330 1847 391">
     <span class='ocr_line' id='line_1_23' title="bbox 1783 330 1847 391; baseline 0.125 -6"><span class='ocrx_word' id='word_1_107' title='bbox 1783 330 1847 391; x_wconf 77' lang='lat' dir='ltr'><strong>32tt</strong></span> 
     </span>
    </p>
   </div>
   <div class='ocr_carea' id='block_1_15' title="bbox 1037 431 1843 1334">
    <p class='ocr_par' dir='ltr' id='par_1_15' title="bbox 1037 431 1843 1334">
     <span class='ocr_line' id='line_1_24' title="bbox 1047 431 1843 551; baseline 0.079 -60"><span class='ocrx_word' id='word_1_108' title='bbox 1047 431 1187 500; x_wconf 87' lang='lat' dir='ltr'><strong>Domino</strong></span> <span class='ocrx_word' id='word_1_109' title='bbox 1207 447 1395 525; x_wconf 77' lang='lat' dir='ltr'><strong>exsurgatis</strong></span> <span class='ocrx_word' id='word_1_110' title='bbox 1410 459 1562 527; x_wconf 52' lang='lat' dir='ltr'><strong>viriliter,</strong></span> <span class='ocrx_word' id='word_1_111' title='bbox 1574 473 1607 533; x_wconf 87' lang='lat' dir='ltr'><strong>et</strong></span> <span class='ocrx_word' id='word_1_112' title='bbox 1619 477 1843 551; x_wconf 76' lang='grc'><strong>1011111111-</strong></span> 
     </span>
     <span class='ocr_line' id='line_1_25' title="bbox 1046 534 1839 652; baseline 0.079 -63"><span class='ocrx_word' id='word_1_113' title='bbox 1046 534 1226 600; x_wconf 88' lang='lat' dir='ltr'><strong>nerahilem</strong></span> <span class='ocrx_word' id='word_1_114' title='bbox 1267 543 1403 615; x_wconf 79' lang='lat' dir='ltr'><strong>fratrem</strong></span> <span class='ocrx_word' id='word_1_115' title='bbox 1447 561 1596 629; x_wconf 90' lang='lat' dir='ltr'><strong>nastrum</strong></span> <span class='ocrx_word' id='word_1_116' title='bbox 1632 575 1839 652; x_wconf 86' lang='lat' dir='ltr'><strong>Hostiensem</strong></span> 
     </span>
     <span class='ocr_line' id='line_1_26' title="bbox 1044 630 1839 756; baseline 0.082 -69"><span class='ocrx_word' id='word_1_117' title='bbox 1044 630 1247 713; x_wconf 86' lang='lat' dir='ltr'><strong>episcopum,</strong></span> <span class='ocrx_word' id='word_1_118' title='bbox 1264 644 1372 711; x_wconf 78' lang='lat' dir='ltr'><strong>virum</strong></span> <span class='ocrx_word' id='word_1_119' title='bbox 1387 654 1501 733; x_wconf 86' lang='lat' dir='ltr'><strong>utique</strong></span> <span class='ocrx_word' id='word_1_120' title='bbox 1523 663 1655 740; x_wconf 81' lang='lat' dir='ltr'><strong>plenum</strong></span> <span class='ocrx_word' id='word_1_121' title='bbox 1670 678 1788 756; x_wconf 78' lang='lat' dir='ltr'><strong>grette,</strong></span> <span class='ocrx_word' id='word_1_122' title='bbox 1806 692 1839 752; x_wconf 89' lang='grc'><strong>11</strong></span> 
     </span>
     <span class='ocr_line' id='line_1_27' title="bbox 1043 723 1835 860; baseline 0.081 -76"><span class='ocrx_word' id='word_1_123' title='bbox 1043 723 1247 810; x_wconf 82' lang='lat' dir='ltr'><strong>fortitudine,</strong></span> <span class='ocrx_word' id='word_1_124' title='bbox 1262 756 1301 804; x_wconf 88' lang='lat' dir='ltr'><strong>ao</strong></span> <span class='ocrx_word' id='word_1_125' title='bbox 1316 745 1383 810; x_wconf 91' lang='lat' dir='ltr'><strong>Deo</strong></span> <span class='ocrx_word' id='word_1_126' title='bbox 1396 753 1429 815; x_wconf 88' lang='grc'><strong>11</strong></span> <span class='ocrx_word' id='word_1_127' title='bbox 1441 753 1629 828; x_wconf 88' lang='lat' dir='ltr'><strong>hominihus</strong></span> <span class='ocrx_word' id='word_1_128' title='bbox 1641 776 1835 860; x_wconf 85' lang='lat' dir='ltr'><strong>gratiosum,</strong></span> 
     </span>
     <span class='ocr_line' id='line_1_28' title="bbox 1042 824 1838 958; baseline 0.078 -74"><span class='ocrx_word' id='word_1_129' title='bbox 1042 824 1083 886; x_wconf 84' lang='lat' dir='ltr'><strong>ad</strong></span> <span class='ocrx_word' id='word_1_130' title='bbox 1099 843 1181 908; x_wconf 87' lang='lat' dir='ltr'><strong>opus</strong></span> <span class='ocrx_word' id='word_1_131' title='bbox 1195 837 1375 906; x_wconf 87' lang='lat' dir='ltr'><strong>ministerii</strong></span> <span class='ocrx_word' id='word_1_132' title='bbox 1390 848 1489 929; x_wconf 89' lang='lat' dir='ltr'><strong>hujus</strong></span> <span class='ocrx_word' id='word_1_133' title='bbox 1505 866 1680 932; x_wconf 90' lang='lat' dir='ltr'><strong>commisso</strong></span> <span class='ocrx_word' id='word_1_134' title='bbox 1693 875 1756 938; x_wconf 88' lang='lat' dir='ltr'><strong>sibi</strong></span> <span class='ocrx_word' id='word_1_135' title='bbox 1771 881 1838 958; x_wconf 86' lang='lat' dir='ltr'><strong>ple·</strong></span> 
     </span>
     <span class='ocr_line' id='line_1_29' title="bbox 1041 923 1834 1056; baseline 0.078 -75"><span class='ocrx_word' id='word_1_136' title='bbox 1041 923 1179 991; x_wconf 88' lang='lat' dir='ltr'><strong>nisslmo</strong></span> <span class='ocrx_word' id='word_1_137' title='bbox 1194 931 1370 1010; x_wconf 80' lang='lat' dir='ltr'><strong>legationis</strong></span> <span class='ocrx_word' id='word_1_138' title='bbox 1387 947 1497 1013; x_wconf 84' lang='lat' dir='ltr'><strong>oliloio</strong></span> <span class='ocrx_word' id='word_1_139' title='bbox 1510 961 1714 1038; x_wconf 77' lang='lat' dir='ltr'><strong>providimus</strong></span> <span class='ocrx_word' id='word_1_140' title='bbox 1727 975 1834 1056; x_wconf 86' lang='lat' dir='ltr'><strong>depu-</strong></span> 
     </span>
     <span class='ocr_line' id='line_1_30' title="bbox 1039 1021 1834 1144; baseline 0.079 -64"><span class='ocrx_word' id='word_1_141' title='bbox 1039 1021 1186 1088; x_wconf 90' lang='lat' dir='ltr'><strong>tandum.</strong></span> <span class='ocrx_word' id='word_1_142' title='bbox 1217 1033 1379 1103; x_wconf 85' lang='lat' dir='ltr'><strong>Quocirca</strong></span> <span class='ocrx_word' id='word_1_143' title='bbox 1411 1047 1661 1126; x_wconf 85' lang='lat' dir='ltr'><strong>universitatem</strong></span> <span class='ocrx_word' id='word_1_144' title='bbox 1689 1075 1834 1144; x_wconf 80' lang='lat' dir='ltr'><strong>vestram</strong></span> 
     </span>
     <span class='ocr_line' id='line_1_31' title="bbox 1039 1131 1834 1251; baseline 0.077 -73"><span class='ocrx_word' id='word_1_145' title='bbox 1039 1131 1204 1199; x_wconf 79' lang='lat' dir='ltr'><strong>rogamus,</strong></span> <span class='ocrx_word' id='word_1_146' title='bbox 1220 1145 1392 1201; x_wconf 88' lang='lat' dir='ltr'><strong>monemus</strong></span> <span class='ocrx_word' id='word_1_147' title='bbox 1403 1147 1436 1207; x_wconf 91' lang='grc'><strong>11</strong></span> <span class='ocrx_word' id='word_1_148' title='bbox 1450 1145 1632 1230; x_wconf 85' lang='lat' dir='ltr'><strong>hortamur,</strong></span> <span class='ocrx_word' id='word_1_149' title='bbox 1646 1181 1706 1242; x_wconf 90' lang='lat' dir='ltr'><strong>per</strong></span> <span class='ocrx_word' id='word_1_150' title='bbox 1717 1185 1834 1251; x_wconf 84' lang='lat' dir='ltr'><strong>asper-</strong></span> 
     </span>
     <span class='ocr_line' id='line_1_32' title="bbox 1037 1216 1833 1334; baseline 0.078 -58"><span class='ocrx_word' id='word_1_151' title='bbox 1037 1216 1163 1284; x_wconf 85' lang='lat' dir='ltr'><strong>sionem</strong></span> <span class='ocrx_word' id='word_1_152' title='bbox 1180 1233 1352 1305; x_wconf 81' lang='lat' dir='ltr'><strong>sanguinis</strong></span> <span class='ocrx_word' id='word_1_153' title='bbox 1363 1239 1443 1304; x_wconf 80' lang='lat' dir='ltr'><strong>lesu</strong></span> <span class='ocrx_word' id='word_1_154' title='bbox 1459 1247 1592 1329; x_wconf 85' lang='lat' dir='ltr'><strong>Christi,</strong></span> <span class='ocrx_word' id='word_1_155' title='bbox 1613 1259 1646 1322; x_wconf 91' lang='lat' dir='ltr'><strong>et</strong></span> <span class='ocrx_word' id='word_1_156' title='bbox 1662 1262 1696 1326; x_wconf 97' lang='lat' dir='ltr'><strong>in</strong></span> <span class='ocrx_word' id='word_1_157' title='bbox 1712 1273 1833 1334; x_wconf 89' lang='lat' dir='ltr'><strong>remis-</strong></span> 
     </span>
    </p>
   </div>
   <div class='ocr_carea' id='block_1_16' title="bbox 776 1290 1332 1410">
    <p class='ocr_par' dir='ltr' id='par_1_16' title="bbox 776 1290 1332 1410">
     <span class='ocr_line' id='line_1_33' title="bbox 776 1290 1332 1410; baseline 0.058 -49"><span class='ocrx_word' id='word_1_158' title='bbox 776 1290 899 1365; x_wconf 73' lang='lat' dir='ltr'>POPUIO</span> <span class='ocrx_word' id='word_1_159' title='bbox 921 1297 983 1357; x_wconf 69' lang='lat' dir='ltr'><strong>Se·</strong></span> <span class='ocrx_word' id='word_1_160' title='bbox 1036 1314 1163 1382; x_wconf 89' lang='lat' dir='ltr'><strong>sionem</strong></span> <span class='ocrx_word' id='word_1_161' title='bbox 1179 1325 1272 1388; x_wconf 87' lang='lat' dir='ltr'><strong>vohis</strong></span> <span class='ocrx_word' id='word_1_162' title='bbox 1287 1331 1332 1410; x_wconf 89' lang='lat' dir='ltr'><strong>inj</strong></span> 
     </span>
    </p>
   </div>
   <div class='ocr_carea' id='block_1_17' title="bbox 1027 1904 1826 2116">
    <p class='ocr_par' dir='ltr' id='par_1_17' title="bbox 1027 1904 1826 2116">
     <span class='ocr_line' id='line_1_34' title="bbox 1029 1904 1826 2024; baseline 0.074 -64"><span class='ocrx_word' id='word_1_163' title='bbox 1029 1904 1148 1968; x_wconf 89' lang='lat' dir='ltr'><strong>nenda.</strong></span> <span class='ocrx_word' id='word_1_164' title='bbox 1171 1913 1241 1975; x_wconf 88' lang='lat' dir='ltr'><strong>Hoc</strong></span> <span class='ocrx_word' id='word_1_165' title='bbox 1269 1920 1381 1984; x_wconf 88' lang='lat' dir='ltr'><strong>autem</strong></span> <span class='ocrx_word' id='word_1_166' title='bbox 1404 1941 1424 1988; x_wconf 90' lang='lat' dir='ltr'><strong>a</strong></span> <span class='ocrx_word' id='word_1_167' title='bbox 1448 1941 1614 2002; x_wconf 90' lang='lat' dir='ltr'><strong>communi</strong></span> <span class='ocrx_word' id='word_1_168' title='bbox 1637 1949 1759 2024; x_wconf 85' lang='lat' dir='ltr'><strong>restro,</strong></span> <span class='ocrx_word' id='word_1_169' title='bbox 1782 1969 1826 2019; x_wconf 83' lang='lat' dir='ltr'><strong>ex</strong></span> 
     </span>
     <span class='ocr_line' id='line_1_35' title="bbox 1027 2001 1826 2116; baseline 0.073 -59"><span class='ocrx_word' id='word_1_170' title='bbox 1027 2001 1121 2074; x_wconf 86' lang='lat' dir='ltr'><strong>parte</strong></span> <span class='ocrx_word' id='word_1_171' title='bbox 1135 2007 1194 2067; x_wconf 90' lang='lat' dir='ltr'><strong>Dei</strong></span> <span class='ocrx_word' id='word_1_172' title='bbox 1211 2026 1271 2086; x_wconf 87' lang='lat' dir='ltr'><strong>pro</strong></span> <span class='ocrx_word' id='word_1_173' title='bbox 1287 2015 1373 2081; x_wconf 90' lang='lat' dir='ltr'><strong>dono</strong></span> <span class='ocrx_word' id='word_1_174' title='bbox 1388 2027 1525 2100; x_wconf 88' lang='lat' dir='ltr'><strong>speciali</strong></span> <span class='ocrx_word' id='word_1_175' title='bbox 1540 2038 1695 2116; x_wconf 68' lang='lat' dir='ltr'><strong>petimus</strong></span> <span class='ocrx_word' id='word_1_176' title='bbox 1711 2050 1746 2110; x_wconf 92' lang='lat' dir='ltr'><strong>nt</strong></span> <span class='ocrx_word' id='word_1_177' title='bbox 1759 2052 1826 2112; x_wconf 90' lang='lat' dir='ltr'><strong>ali·</strong></span> 
     </span>
    </p>
   </div>
   <div class='ocr_carea' id='block_1_18' title="bbox 1018 2485 1816 2656">
    <p class='ocr_par' dir='ltr' id='par_1_18' title="bbox 1018 2485 1816 2656">
     <span class='ocr_line' id='line_1_36' title="bbox 1020 2485 1816 2598; baseline 0.072 -54"><span class='ocrx_word' id='word_1_178' title='bbox 1020 2485 1113 2549; x_wconf 87' lang='lat' dir='ltr'><strong>vohis</strong></span> <span class='ocrx_word' id='word_1_179' title='bbox 1129 2508 1172 2554; x_wconf 85' lang='lat' dir='ltr'><strong>ex</strong></span> <span class='ocrx_word' id='word_1_180' title='bbox 1187 2494 1249 2560; x_wconf 91' lang='lat' dir='ltr'><strong>hoc</strong></span> <span class='ocrx_word' id='word_1_181' title='bbox 1264 2506 1504 2576; x_wconf 89' lang='lat' dir='ltr'><strong>constituamur</strong></span> <span class='ocrx_word' id='word_1_182' title='bbox 1517 2518 1553 2580; x_wconf 92' lang='lat' dir='ltr'><strong>in</strong></span> <span class='ocrx_word' id='word_1_183' title='bbox 1567 2525 1707 2592; x_wconf 88' lang='lat' dir='ltr'><strong>Domino</strong></span> <span class='ocrx_word' id='word_1_184' title='bbox 1726 2533 1816 2598; x_wconf 89' lang='lat' dir='ltr'><strong>debi-</strong></span> 
     </span>
     <span class='ocr_line' id='line_1_37' title="bbox 1018 2581 1200 2656; baseline 0.071 -14"><span class='ocrx_word' id='word_1_185' title='bbox 1018 2581 1119 2647; x_wconf 90' lang='lat' dir='ltr'><strong>tores.</strong></span> <span class='ocrx_word' id='word_1_186' title='bbox 1138 2591 1200 2656; x_wconf 85' lang='lat' dir='ltr'><strong>Dat</strong></span> 
     </span>
    </p>
   </div>
   <div class='ocr_carea' id='block_1_19' title="bbox 1017 2679 1198 2750">
    <p class='ocr_par' dir='ltr' id='par_1_19' title="bbox 1017 2679 1198 2750">
     <span class='ocr_line' id='line_1_38' title="bbox 1017 2679 1198 2750; baseline 0.061 -11"><span class='ocrx_word' id='word_1_187' title='bbox 1017 2679 1161 2748; x_wconf 88' lang='lat' dir='ltr'><strong>titicatus</strong></span> <span class='ocrx_word' id='word_1_188' title='bbox 1176 2704 1198 2750; x_wconf 90' lang='grc'><strong>1</strong></span> 
     </span>
    </p>
   </div>
   <div class='ocr_carea' id='block_1_20' title="bbox 156 3297 1288 3520">
    <p class='ocr_par' dir='ltr' id='par_1_20' title="bbox 156 3297 1288 3520">
     <span class='ocr_line' id='line_1_39' title="bbox 157 3297 1288 3422; baseline 0.065 -64"><span class='ocrx_word' id='word_1_189' title='bbox 157 3297 262 3364; x_wconf 82' lang='lat' dir='ltr'><strong>dividi</strong></span> <span class='ocrx_word' id='word_1_190' title='bbox 275 3307 410 3386; x_wconf 87' lang='lat' dir='ltr'><strong>terram,</strong></span> <span class='ocrx_word' id='word_1_191' title='bbox 430 3332 530 3395; x_wconf 85' lang='lat' dir='ltr'><strong>quam</strong></span> <span class='ocrx_word' id='word_1_192' title='bbox 547 3324 599 3388; x_wconf 89' lang='lat' dir='ltr'><strong>illi</strong></span> <span class='ocrx_word' id='word_1_193' title='bbox 613 3328 834 3404; x_wconf 88' lang='lat' dir='ltr'><strong>deseruerunt</strong></span> <span class='ocrx_word' id='word_1_194' title='bbox 853 3345 954 3410; x_wconf 88' lang='lat' dir='ltr'><strong>habi·</strong></span> <span class='ocrx_word' id='word_1_195' title='bbox 1027 3383 1029 3388; x_wconf 96' lang='lat'>·</span> <span class='ocrx_word' id='word_1_196' title='bbox 1282 3409 1288 3422; x_wconf 86' lang='lat'>·</span> 
     </span>
     <span class='ocr_line' id='line_1_40' title="bbox 156 3397 1058 3520; baseline 0.065 -63"><span class='ocrx_word' id='word_1_197' title='bbox 156 3397 302 3479; x_wconf 79' lang='grc'><strong>1111111,</strong></span> <span class='ocrx_word' id='word_1_198' title='bbox 319 3409 398 3485; x_wconf 86' lang='lat' dir='ltr'><strong>quia</strong></span> <span class='ocrx_word' id='word_1_199' title='bbox 420 3429 496 3479; x_wconf 91' lang='lat' dir='ltr'><strong>eum</strong></span> <span class='ocrx_word' id='word_1_200' title='bbox 515 3419 675 3491; x_wconf 82' lang='lat' dir='ltr'><strong>fortitudo</strong></span> <span class='ocrx_word' id='word_1_201' title='bbox 693 3432 794 3498; x_wconf 87' lang='lat' dir='ltr'><strong>totius</strong></span> <span class='ocrx_word' id='word_1_202' title='bbox 813 3439 849 3501; x_wconf 92' lang='grc'><strong>11</strong></span> <span class='ocrx_word' id='word_1_203' title='bbox 870 3459 953 3520; x_wconf 86' lang='lat' dir='ltr'><strong>par·</strong></span> <span class='ocrx_word' id='word_1_204' title='bbox 1052 3475 1058 3488; x_wconf 93' lang='lat'><strong>·</strong></span> 
     </span>
    </p>
   </div>
   <div class='ocr_carea' id='block_1_21' title="bbox 153 3494 952 3801">
    <p class='ocr_par' dir='ltr' id='par_1_21' title="bbox 153 3494 952 3801">
     <span class='ocr_line' id='line_1_41' title="bbox 155 3494 952 3607; baseline 0.065 -52"><span class='ocrx_word' id='word_1_205' title='bbox 155 3494 243 3559; x_wconf 89' lang='lat' dir='ltr'><strong>tibus</strong></span> <span class='ocrx_word' id='word_1_206' title='bbox 259 3507 430 3582; x_wconf 88' lang='lat' dir='ltr'><strong>consistat,</strong></span> <span class='ocrx_word' id='word_1_207' title='bbox 444 3529 488 3576; x_wconf 87' lang='lat' dir='ltr'><strong>ex</strong></span> <span class='ocrx_word' id='word_1_208' title='bbox 502 3516 668 3587; x_wconf 88' lang='lat' dir='ltr'><strong>divisione</strong></span> <span class='ocrx_word' id='word_1_209' title='bbox 687 3532 851 3607; x_wconf 86' lang='lat' dir='ltr'><strong>ejusmodi</strong></span> <span class='ocrx_word' id='word_1_210' title='bbox 873 3544 952 3605; x_wconf 91' lang='lat' dir='ltr'><strong>uni-</strong></span> 
     </span>
     <span class='ocr_line' id='line_1_42' title="bbox 153 3597 949 3716; baseline 0.064 -63"><span class='ocrx_word' id='word_1_211' title='bbox 153 3597 323 3664; x_wconf 80' lang='lat' dir='ltr'><strong>versitatis</strong></span> <span class='ocrx_word' id='word_1_212' title='bbox 334 3604 488 3674; x_wconf 87' lang='lat' dir='ltr'><strong>debilitas</strong></span> <span class='ocrx_word' id='word_1_213' title='bbox 498 3615 949 3716; x_wconf 83' lang='lat' dir='ltr'><strong>inevitabilitersequeretur,</strong></span> 
     </span>
     <span class='ocr_line' id='line_1_43' title="bbox 154 3691 951 3801; baseline 0.064 -51"><span class='ocrx_word' id='word_1_214' title='bbox 154 3691 187 3752; x_wconf 90' lang='lat' dir='ltr'><strong>et</strong></span> <span class='ocrx_word' id='word_1_215' title='bbox 197 3693 245 3756; x_wconf 91' lang='lat' dir='ltr'><strong>sic</strong></span> <span class='ocrx_word' id='word_1_216' title='bbox 255 3703 367 3776; x_wconf 88' lang='lat' dir='ltr'><strong>posset</strong></span> <span class='ocrx_word' id='word_1_217' title='bbox 376 3720 471 3770; x_wconf 87' lang='lat' dir='ltr'><strong>error</strong></span> <span class='ocrx_word' id='word_1_218' title='bbox 480 3713 574 3788; x_wconf 89' lang='lat' dir='ltr'><strong>prior</strong></span> <span class='ocrx_word' id='word_1_219' title='bbox 583 3720 696 3794; x_wconf 90' lang='lat' dir='ltr'><strong>priore</strong></span> <span class='ocrx_word' id='word_1_220' title='bbox 706 3741 773 3790; x_wconf 93' lang='lat' dir='ltr'><strong>non</strong></span> <span class='ocrx_word' id='word_1_221' title='bbox 784 3731 951 3801; x_wconf 88' lang='lat' dir='ltr'><strong>immerito</strong></span> 
     </span>
    </p>
   </div>
   <div class='ocr_carea' id='block_1_22' title="bbox 151 3785 1057 3910">
    <p class='ocr_par' dir='ltr' id='par_1_22' title="bbox 151 3785 1057 3910">
     <span class='ocr_line' id='line_1_44' title="bbox 151 3785 1057 3910; baseline 0.062 -61"><span class='ocrx_word' id='word_1_222' title='bbox 151 3785 335 3860; x_wconf 78' lang='lat' dir='ltr'><strong>formidari.</strong></span> <span class='ocrx_word' id='word_1_223' title='bbox 353 3803 447 3867; x_wconf 91' lang='lat' dir='ltr'><strong>Unde</strong></span> <span class='ocrx_word' id='word_1_224' title='bbox 465 3824 539 3870; x_wconf 89' lang='lat' dir='ltr'><strong>cum</strong></span> <span class='ocrx_word' id='word_1_225' title='bbox 554 3813 683 3879; x_wconf 90' lang='lat' dir='ltr'><strong>tantum</strong></span> <span class='ocrx_word' id='word_1_226' title='bbox 703 3822 948 3910; x_wconf 65' lang='grc'><strong>(1111111130-</strong></span> <span class='ocrx_word' id='word_1_227' title='bbox 1050 3885 1057 3898; x_wconf 81' lang='lat'><strong>.</strong></span> 
     </span>
    </p>
   </div>
   <div class='ocr_carea' id='block_1_23' title="bbox 1161 4739 1788 4843">
    <p class='ocr_par' dir='ltr' id='par_1_23' title="bbox 1161 4739 1788 4843">
     <span class='ocr_line' id='line_1_45' title="bbox 1161 4739 1788 4843; baseline 0.062 -52"><span class='ocrx_word' id='word_1_228' title='bbox 1161 4739 1360 4812; x_wconf 73' lang='lat' dir='ltr'><strong>resequente</strong></span> <span class='ocrx_word' id='word_1_229' title='bbox 1391 4747 1567 4824; x_wconf 89' lang='lat' dir='ltr'><strong>complere.</strong></span> <span class='ocrx_word' id='word_1_230' title='bbox 1597 4757 1788 4843; x_wconf 71' lang='lat' dir='ltr'><strong>lhaproptem</strong></span> 
     </span>
    </p>
   </div>
   <div class='ocr_carea' id='block_1_24' title="bbox 782 4808 1787 4934">
    <p class='ocr_par' dir='ltr' id='par_1_24' title="bbox 782 4808 1787 4934">
     <span class='ocr_line' id='line_1_46' title="bbox 782 4808 1787 4934; baseline 0.055 -63"><span class='ocrx_word' id='word_1_231' title='bbox 782 4808 787 4821; x_wconf 93' lang='lat'>&#39;</span> <span class='ocrx_word' id='word_1_232' title='bbox 894 4817 901 4830; x_wconf 91' lang='lat'>&#39;</span> <span class='ocrx_word' id='word_1_233' title='bbox 925 4864 934 4892; x_wconf 90' lang='lat'><strong>,</strong></span> <span class='ocrx_word' id='word_1_234' title='bbox 990 4820 1166 4888; x_wconf 88' lang='grc'><strong>111101111</strong></span> <span class='ocrx_word' id='word_1_235' title='bbox 1188 4831 1327 4898; x_wconf 87' lang='lat' dir='ltr'><strong>Domino</strong></span> <span class='ocrx_word' id='word_1_236' title='bbox 1349 4838 1409 4913; x_wconf 85' lang='lat' dir='ltr'><strong>tili,</strong></span> <span class='ocrx_word' id='word_1_237' title='bbox 1431 4845 1499 4906; x_wconf 86' lang='lat' dir='ltr'><strong>tuis</strong></span> <span class='ocrx_word' id='word_1_238' title='bbox 1513 4850 1615 4925; x_wconf 84' lang='lat' dir='ltr'><strong>justis</strong></span> <span class='ocrx_word' id='word_1_239' title='bbox 1634 4861 1787 4934; x_wconf 89' lang='lat' dir='ltr'><strong>postula-</strong></span> 
     </span>
    </p>
   </div>
   <div class='ocr_carea' id='block_1_25' title="bbox 137 4865 934 5081">
    <p class='ocr_par' dir='ltr' id='par_1_25' title="bbox 137 4865 934 5081">
     <span class='ocr_line' id='line_1_47' title="bbox 138 4865 934 4979; baseline 0.074 -58"><span class='ocrx_word' id='word_1_240' title='bbox 138 4865 224 4942; x_wconf 87' lang='lat' dir='ltr'><strong>quod</strong></span> <span class='ocrx_word' id='word_1_241' title='bbox 235 4869 293 4932; x_wconf 81' lang='lat' dir='ltr'><strong>vix</strong></span> <span class='ocrx_word' id='word_1_242' title='bbox 307 4889 452 4952; x_wconf 90' lang='lat' dir='ltr'><strong>unquam</strong></span> <span class='ocrx_word' id='word_1_243' title='bbox 467 4887 606 4954; x_wconf 89' lang='lat' dir='ltr'><strong>auderet</strong></span> <span class='ocrx_word' id='word_1_244' title='bbox 620 4896 744 4976; x_wconf 88' lang='lat' dir='ltr'><strong>aliquis</strong></span> <span class='ocrx_word' id='word_1_245' title='bbox 758 4905 798 4970; x_wconf 90' lang='lat' dir='ltr'><strong>de</strong></span> <span class='ocrx_word' id='word_1_246' title='bbox 813 4913 934 4979; x_wconf 86' lang='lat' dir='ltr'><strong>caetero</strong></span> 
     </span>
     <span class='ocr_line' id='line_1_48' title="bbox 137 4962 835 5081; baseline 0.069 -60"><span class='ocrx_word' id='word_1_247' title='bbox 137 4962 253 5026; x_wconf 89' lang='lat' dir='ltr'><strong>diebus</strong></span> <span class='ocrx_word' id='word_1_248' title='bbox 275 4971 398 5035; x_wconf 89' lang='lat' dir='ltr'><strong>nostris</strong></span> <span class='ocrx_word' id='word_1_249' title='bbox 413 4993 582 5048; x_wconf 86' lang='lat' dir='ltr'><strong>resumere</strong></span> <span class='ocrx_word' id='word_1_250' title='bbox 595 4991 723 5059; x_wconf 87' lang='lat' dir='ltr'><strong>tanturn</strong></span> <span class='ocrx_word' id='word_1_251' title='bbox 742 5017 835 5081; x_wconf 86' lang='lat' dir='ltr'><strong>opus.</strong></span> 
     </span>
    </p>
   </div>
   <div class='ocr_carea' id='block_1_26' title="bbox 133 5161 842 5276">
    <p class='ocr_par' dir='ltr' id='par_1_26' title="bbox 133 5161 842 5276">
     <span class='ocr_line' id='line_1_49' title="bbox 133 5161 842 5276; baseline 0.063 -58"><span class='ocrx_word' id='word_1_252' title='bbox 133 5161 286 5239; x_wconf 82' lang='lat' dir='ltr'><strong>gratiam,</strong></span> <span class='ocrx_word' id='word_1_253' title='bbox 299 5167 332 5230; x_wconf 90' lang='lat' dir='ltr'><strong>et</strong></span> <span class='ocrx_word' id='word_1_254' title='bbox 344 5169 466 5236; x_wconf 88' lang='lat' dir='ltr'><strong>Christi</strong></span> <span class='ocrx_word' id='word_1_255' title='bbox 482 5192 591 5244; x_wconf 87' lang='lat' dir='ltr'><strong>causae</strong></span> <span class='ocrx_word' id='word_1_256' title='bbox 606 5185 733 5266; x_wconf 84' lang='lat' dir='ltr'><strong>deesse,</strong></span> <span class='ocrx_word' id='word_1_257' title='bbox 745 5211 765 5258; x_wconf 88' lang='lat' dir='ltr'><strong>a</strong></span> <span class='ocrx_word' id='word_1_258' title='bbox 778 5215 842 5276; x_wconf 86' lang='lat' dir='ltr'><strong>qno</strong></span> 
     </span>
    </p>
   </div>
   <div class='ocr_carea' id='block_1_27' title="bbox 989 4917 1789 5029">
    <p class='ocr_par' dir='ltr' id='par_1_27' title="bbox 989 4917 1789 5029">
     <span class='ocr_line' id='line_1_50' title="bbox 989 4917 1789 5029; baseline 0.056 -51"><span class='ocrx_word' id='word_1_259' title='bbox 989 4917 1136 4984; x_wconf 85' lang='lat' dir='ltr'><strong>tionibus</strong></span> <span class='ocrx_word' id='word_1_260' title='bbox 1168 4931 1264 5002; x_wconf 82' lang='lat' dir='ltr'><strong>grato</strong></span> <span class='ocrx_word' id='word_1_261' title='bbox 1291 4943 1526 5005; x_wconf 86' lang='lat' dir='ltr'><strong>concurrentes</strong></span> <span class='ocrx_word' id='word_1_262' title='bbox 1555 4963 1705 5029; x_wconf 86' lang='lat' dir='ltr'><strong>assensn,</strong></span> <span class='ocrx_word' id='word_1_263' title='bbox 1732 4975 1789 5022; x_wconf 89' lang='lat' dir='ltr'><strong>ec-</strong></span> 
     </span>
    </p>
   </div>
   <div class='ocr_carea' id='block_1_28' title="bbox 130 5256 1034 5468">
    <p class='ocr_par' dir='ltr' id='par_1_28' title="bbox 130 5256 1034 5468">
     <span class='ocr_line' id='line_1_51' title="bbox 133 5256 1015 5380; baseline 0.063 -63"><span class='ocrx_word' id='word_1_264' title='bbox 133 5256 242 5334; x_wconf 89' lang='lat' dir='ltr'><strong>hahet,</strong></span> <span class='ocrx_word' id='word_1_265' title='bbox 260 5263 293 5328; x_wconf 90' lang='grc'><strong>11</strong></span> <span class='ocrx_word' id='word_1_266' title='bbox 305 5272 424 5344; x_wconf 87' lang='lat' dir='ltr'><strong>posset</strong></span> <span class='ocrx_word' id='word_1_267' title='bbox 443 5275 621 5352; x_wconf 78' lang='lat' dir='ltr'><strong>sperantes</strong></span> <span class='ocrx_word' id='word_1_268' title='bbox 645 5285 757 5366; x_wconf 78' lang='lat' dir='ltr'><strong>igitur,</strong></span> <span class='ocrx_word' id='word_1_269' title='bbox 775 5301 811 5359; x_wconf 94' lang='lat' dir='ltr'><strong>ut</strong></span> <span class='ocrx_word' id='word_1_270' title='bbox 824 5303 933 5380; x_wconf 86' lang='lat' dir='ltr'><strong>ltpos-</strong></span> <span class='ocrx_word' id='word_1_271' title='bbox 1009 5307 1015 5320; x_wconf 91' lang='lat'>&#39;</span> 
     </span>
     <span class='ocr_line' id='line_1_52' title="bbox 130 5355 1034 5468; baseline 0.063 -53"><span class='ocrx_word' id='word_1_272' title='bbox 130 5355 240 5420; x_wconf 87' lang='lat' dir='ltr'><strong>talleis</strong></span> <span class='ocrx_word' id='word_1_273' title='bbox 256 5363 545 5438; x_wconf 81' lang='lat' dir='ltr'><strong>exhortationihus</strong></span> <span class='ocrx_word' id='word_1_274' title='bbox 557 5381 706 5460; x_wconf 85' lang='lat' dir='ltr'><strong>excitati,</strong></span> <span class='ocrx_word' id='word_1_275' title='bbox 719 5389 752 5452; x_wconf 89' lang='lat' dir='ltr'><strong>et</strong></span> <span class='ocrx_word' id='word_1_276' title='bbox 762 5397 931 5468; x_wconf 89' lang='lat' dir='ltr'><strong>remissio·</strong></span> <span class='ocrx_word' id='word_1_277' title='bbox 1026 5406 1034 5419; x_wconf 84' lang='lat'>‘</span> 
     </span>
    </p>
   </div>
   <div class='ocr_carea' id='block_1_29' title="bbox 130 5453 1301 5563">
    <p class='ocr_par' dir='ltr' id='par_1_29' title="bbox 130 5453 1301 5563">
     <span class='ocr_line' id='line_1_53' title="bbox 130 5453 1301 5563; baseline 0.064 -50"><span class='ocrx_word' id='word_1_278' title='bbox 130 5453 228 5518; x_wconf 91' lang='lat' dir='ltr'><strong>nihus</strong></span> <span class='ocrx_word' id='word_1_279' title='bbox 242 5465 453 5536; x_wconf 82' lang='lat' dir='ltr'><strong>peccatorum</strong></span> <span class='ocrx_word' id='word_1_280' title='bbox 478 5470 617 5550; x_wconf 88' lang='lat' dir='ltr'><strong>inducti,</strong></span> <span class='ocrx_word' id='word_1_281' title='bbox 642 5481 676 5545; x_wconf 91' lang='lat' dir='ltr'><strong>et</strong></span> <span class='ocrx_word' id='word_1_282' title='bbox 698 5493 851 5559; x_wconf 88' lang='lat' dir='ltr'><strong>mercede</strong></span> <span class='ocrx_word' id='word_1_283' title='bbox 870 5513 928 5563; x_wconf 85' lang='lat' dir='ltr'><strong>su·</strong></span> <span class='ocrx_word' id='word_1_284' title='bbox 1047 5505 1053 5518; x_wconf 92' lang='lat'>&#39;</span> <span class='ocrx_word' id='word_1_285' title='bbox 1182 5511 1188 5524; x_wconf 91' lang='lat'>&#39;</span> <span class='ocrx_word' id='word_1_286' title='bbox 1295 5515 1301 5530; x_wconf 90' lang='lat'>&#39;</span> 
     </span>
    </p>
   </div>
   <div class='ocr_carea' id='block_1_30' title="bbox 130 5561 926 5662">
    <p class='ocr_par' dir='ltr' id='par_1_30' title="bbox 130 5561 926 5662">
     <span class='ocr_line' id='line_1_54' title="bbox 130 5561 926 5662; baseline 0.063 -49"><span class='ocrx_word' id='word_1_287' title='bbox 130 5565 242 5628; x_wconf 83' lang='lat' dir='ltr'><strong>pernae</strong></span> <span class='ocrx_word' id='word_1_288' title='bbox 263 5561 491 5632; x_wconf 85' lang='lat' dir='ltr'><strong>retributionis</strong></span> <span class='ocrx_word' id='word_1_289' title='bbox 513 5572 630 5654; x_wconf 87' lang='lat' dir='ltr'><strong>illecti,</strong></span> <span class='ocrx_word' id='word_1_290' title='bbox 653 5582 695 5646; x_wconf 90' lang='lat' dir='ltr'><strong>ad</strong></span> <span class='ocrx_word' id='word_1_291' title='bbox 718 5566 926 5662; x_wconf 80' lang='lat' dir='ltr'><strong>militandum</strong></span> 
     </span>
    </p>
   </div>
   <div class='ocr_carea' id='block_1_31' title="bbox 0 0 2122 6442">
    <p class='ocr_par' dir='ltr' id='par_1_31' title="bbox 0 0 2122 6442">
     <span class='ocr_line' id='line_1_55' title="bbox 0 0 2122 6442; baseline 0 14"><span class='ocrx_word' id='word_1_292' title='bbox 0 0 2122 6442; x_wconf 95' lang='lat' dir='ltr'><strong> </strong></span> 
     </span>
    </p>
   </div>
  </div>
 </body>
</html>
