4104 6392
403 305 463 366 759
1014 294 1256 378 nononnpn
1278 297 1425 358 ornas.
1531 327 1541 340 ι
1940 314 1967 372 p.

406 461 520 526 eadem
544 460 685 523 ecclesia
712 459 749 519 in
777 455 1029 534 praesentiarum
1052 455 1143 533 juste
1170 455 1204 516 et
1255 454 1360 516 nicati
1384 454 1436 516 vel
1463 453 1635 517 interdicti
1662 453 1740 526 sint,
1765 454 1862 518 nullus
1880 460 1968 536 obstin,

407 559 566 620 canonice
599 555 760 634 possidet,
785 556 844 615 aut
878 554 914 614 in
944 553 1089 615 futurum
1118 568 1202 614 oon·
1256 551 1349 612 salva
1372 553 1483 613 minen
1497 551 1630 628 justitia
1646 550 1778 612 illarum
1791 554 1968 627 ecclesianos

408 655 556 716 cessione
580 653 788 725 Pontificum,
807 651 984 727 largitione
1008 665 1124 726 regum
1148 648 1200 709 vel
1256 648 1374 724 quibus
1411 649 1617 709 mortuorum
1659 663 1795 724 corpora
1825 665 1967 721 assununln.

407 752 609 830 principum,
640 749 806 810 oblatione
839 748 1002 819 fidelium,
1039 763 1098 807 seu
1127 745 1203 807 aliis
1257 747 1337 804 Cum
1350 745 1459 806 autem
1474 745 1633 821 generale
1649 745 1849 807 interdictum
1861 755 1968 814 terrane

404 849 503 926 justis
519 848 623 908 modis
636 847 814 924 praestante
838 845 976 906 Domino
989 843 1110 921 poterit
1131 843 1205 903 adi·
1258 842 1311 912 rit,
1329 841 1428 904 liceat
1441 841 1535 904 vobis
1550 842 1678 904 clausis
1690 842 1810 919 januis,
1825 861 1876 904 non
1894 851 1967 922 pulsae

410 945 504 1023 pisci,
520 944 614 1005 tirma
632 943 726 1004 vobis
749 943 934 1020 vestrisque
956 940 1204 1003 successoribus
1258 938 1500 1010 tintinnabulis,
1517 937 1667 1000 exclusis
1683 937 1853 1000 interdictis
1865 946 1967 1007 eterna-

409 1043 443 1102 et
457 1041 582 1102 illibata
600 1042 825 1117 permaneant.
843 1042 879 1100 In
895 1038 1013 1116 quibus
1028 1038 1099 1098 baec
1124 1051 1203 1113 pro·
1259 1035 1454 1106 municatis,
1481 1050 1663 1112 suppressa
1685 1050 1782 1105 voce,
1810 1035 1899 1098 divina
1914 1043 1967 1104 elin

410 1138 492 1216 priis
501 1138 655 1198 duximus
665 1135 880 1214 exprimenda
889 1134 1070 1196 vocabulis.
1083 1136 1205 1196 Locum
1259 1132 1438 1194 celebrare.
1466 1132 1616 1194 Obeunte
1637 1146 1720 1193 voro
1744 1133 1776 1193 te
1801 1133 1869 1194 tunc
1889 1140 1967 1210 ejnslc

410 1235 518 1311 ipsum
543 1234 657 1311 inquo
683 1233 821 1311 praelata
848 1231 989 1293 ecclesia
1017 1231 1206 1292 constructa
1259 1230 1324 1291 looi
1347 1228 1464 1291 abbate
1484 1230 1536 1291 vel
1563 1230 1699 1291 tuorum
1723 1228 1855 1305 quolibet
1870 1247 1967 1294 success

397 1316 460 1392 'est
481 1346 554 1391 cum
579 1330 731 1392 omnibus
758 1329 968 1407 pertinentiis
989 1328 1070 1388 suis.
1091 1327 1208 1389 Eccle·
1260 1341 1344 1398 rum,
1356 1326 1468 1387 nullus
1482 1327 1527 1387 ibi
1541 1325 1693 1403 qualibet
1703 1326 1896 1402 subreptionis
1906 1333 1966 1390 astulia

411 1429 494 1489 siam
507 1426 547 1488 de
557 1427 719 1504 Tioeraeby
731 1442 804 1487 curn
817 1424 965 1487 decimis.
977 1425 1121 1486 Tertiam
1134 1437 1208 1500 par·
1261 1437 1319 1483 seu
1332 1424 1490 1485 violentia
1505 1424 1733 1501 praeponatur,
1750 1423 1809 1482 nisi
1823 1439 1897 1499 quen
1908 1425 1966 1486 inte

410 1525 478 1587 tem
502 1523 704 1586 decimarum
724 1524 759 1583 in
776 1523 918 1588 ecclesia
938 1522 978 1582 de
992 1521 1205 1596 Alexantrop.
1261 1521 1426 1582 communi
1437 1537 1601 1582 consensu
1616 1520 1672 1581 vel
1686 1520 1819 1582 fratrum
1828 1535 1889 1595 pars
1897 1525 1966 1582 onsll

412 1621 555 1682 Tertiam
569 1621 694 1698 partem
706 1620 907 1681 decimarum
919 1619 1068 1680 ecclesiae
1077 1620 1204 1678 Anesae.
1262 1619 1415 1690 sanioris,
1440 1618 1622 1679 secundum
1652 1617 1712 1677 Dei
1738 1617 1869 1677 timoren
1888 1619 1909 1679 et
1925 1618 1964 1679 ln:

413 1718 556 1780 Tertiam
562 1714 1210 1794 partemdecimarumdeHaelsinge.Ter-
1261 1715 1438 1791 Augustini
1458 1715 1608 1790 regulam
1632 1712 1831 1790 providerint
1848 1714 1965 1788 eligendo.

411 1815 493 1876 tiam
514 1814 642 1890 partem
663 1813 866 1874 decimarum
887 1811 1036 1874 ecclesiae
1058 1810 1098 1870 de
1119 1811 1209 1870 Crae-
1262 1812 1477 1872 Decernimus
1491 1810 1727 1887 ergo‚utnulli
1741 1809 1963 1870 omninoboninn

413 1912 501 1982 lom,
518 1911 659 1982 Elkiss0,
676 1910 880 1971 mansionem
896 1909 931 1969 in
945 1907 1118 1986 synderby
1133 1922 1207 1967 curn
1262 1908 1362 1970 liceat
1381 1908 1551 1986 praelatam
1569 1907 1691 1969 eccles.
1709 1907 1825 1968 temere
1843 1907 1962 1982 perturbas

414 2008 518 2083 sylva,
535 2008 625 2082 agris
638 2008 672 2070 et
681 2007 795 2082 pratis.
811 2005 1018 2066 Mansionem
1031 2005 1065 2064 in
1076 2003 1209 2080 Julighe
1263 2007 1320 2067 ant
1347 2009 1419 2083 ejus
1443 2005 1674 2082 possessiones
1702 2002 1834 2074 auterre,
1847 2003 1886 2062 vel
1901 2002 1962 2062 ablat·

414 2119 488 2164 cum
514 2103 656 2164 ecclesia
682 2103 828 2180 ejusdem
856 2101 945 2162 villae
981 2102 1014 2163 et
1041 2101 1145 2177 pratis
1178 2102 1212 2161 et
1262 2102 1419 2174 retinere,
1436 2105 1596 2170 minuere,
1613 2117 1674 2162 seu
1693 2099 1873 2178 quibuslibet
1883 2101 1962 2158 verri·-

414 2199 516 2274 agris,
544 2200 577 2260 et
606 2198 795 2260 molendino
818 2199 881 2260 sito
899 2199 997 2275 Juxta
1029 2196 1208 2260 Vaeraebro.
1264 2199 1362 2259 nibus
1373 2197 1524 2275 fatigare,
1542 2198 1598 2260 sed
1614 2197 1727 2260 omnia
1749 2197 1861 2271 integra
1871 2195 1893 2255 et
1903 2195 1960 2252 illiba

414 2297 619 2356 Mansionem
628 2295 661 2355 in
672 2296 840 2372 Swestrop
856 2310 929 2354 cnm
945 2293 1036 2371 agris
1051 2295 1083 2355 et
1093 2294 1208 2370 pratis.
1264 2296 1437 2357 serventur
1451 2310 1576 2367 eorum,
1589 2311 1651 2372 pro
1667 2310 1801 2372 quorum
1817 2291 1962 2367 gubenattn

416 2393 624 2453 Mansionem
645 2393 679 2453 in
689 2393 874 2453 Maedelosae
886 2405 960 2452 cum
976 2391 1090 2468 sylvis,
1108 2391 1210 2468 pratis
1264 2409 1303 2454 ac
1316 2391 1555 2454 sustentatione
1576 2406 1738 2453 concessa
1758 2390 1835 2460 sunt,
1850 2387 1925 2447 usibus
1933 2402 1961 2445 oe

416 2491 450 2551 et
469 2490 571 2565 agris.
585 2490 699 2551 'lotam
722 2488 835 2549 villam
858 2487 996 2550 Naevetb
1015 2504 1088 2548 cum
1108 2486 1211 2564 sylvis
1265 2490 1407 2550 nimodis
1432 2488 1616 2566 protutura,
1644 2489 1737 2549 salva
1756 2487 1835 2547 sedis
1852 2483 1962 2559 lposntz.

418 2588 451 2648 at
464 2587 568 2664 pratis
578 2587 611 2648 et
624 2587 714 2663 agris
729 2587 761 2647 et
771 2585 1020 2662 piscationibus.
1034 2584 1155 2645 Villam
1171 2583 1212 2644 de
1265 2587 1462 2648 auctoritate
1484 2587 1516 2648 et
1538 2585 1720 2647 dioecesani
1736 2581 1863 2660 episcopi
1879 2579 1959 2640 ononi.

417 2683 579 2761 Ticeraeby
599 2699 673 2745 cum
690 2682 842 2753 ecclesia,
867 2681 979 2759 sylvis,
997 2683 1029 2742 et
1051 2679 1156 2758 pratis
1180 2680 1213 2740 et
1261 2683 1402 2761 justitia.
1421 2683 1456 2744 Si
1469 2699 1533 2760 qua
1545 2683 1650 2759 igitur
1663 2683 1698 2743 in
1714 2681 1846 2742 futurum
1865 2675 1960 2736 ecelsis·

417 2781 518 2856 agris.
535 2781 717 2841 Ecclesiam
737 2779 777 2840 de
792 2777 1011 2841 Fretbersloff
1019 2793 1093 2838 cum
1117 2777 1210 2838 doci·
1265 2781 1331 2842 tica
1347 2781 1719 2858 saecularisvepersona
1734 2775 1959 2838 banonostraon

417 2877 496 2949 mis.
526 2877 643 2954 sylvis.
673 2875 778 2953 pratis
802 2876 835 2936 et
862 2876 963 2951 agris·
993 2874 1144 2935 Decimas
1172 2873 1212 2934 de
1266 2879 1429 2941 titutionis
1442 2877 1596 2955 paginam
1607 2877 1718 2937 sciens
1729 2875 1832 2935 contra
1843 2871 1959 2930 eantare

418 2973 532 3050 Vel'bl'
551 2973 584 3033 θῒ
608 2973 738 3048 Bisi0lp
760 2973 792 3032 θῑ
811 2971 976 3047 Tl'bilkae·
994 2969 1156 3046 Quidquid
1171 2968 1212 3030 de
1265 2975 1380 3038 venire
1396 2973 1583 3046 tentaverit,
1600 2973 1748 3035 secundo
1761 2968 1958 3032 terdoveconn'r

418 3069 640 3130 oblationibus
655 3069 806 3128 ecclesiae
824 3069 943 3130 vestrae
959 3067 1038 3128 olim
1062 3067 1102 3128 ad
1119 3067 1212 3142 spis·
1266 3074 1346 3144 nita,
1369 3071 1433 3132 nisi
1457 3073 1586 3132 reatum
1611 3085 1710 3130 suum
1724 3067 1816 3142 digna
1829 3057 1957 3122 salissanu

418 3164 793 3241 copumllolkildensem
813 3163 991 3240 spectabat,
1009 3163 1094 3239 quod
1117 3163 1212 3224 bouae
1267 3168 1461 3241 correxerit,
1480 3167 1655 3245 potestatis
1672 3163 1854 3238 honorisque
1866 3153 1958 3224 stinp-

418 3263 584 3323 memoriae
615 3266 651 3323 P.
688 3260 913 3323 Roiltildensis
955 3261 1128 3337 episcopus
1158 3259 1213 3337 pia
1269 3267 1334 3328 tate
1345 3266 1467 3336 careat,
1482 3280 1640 3340 reamque
1654 3279 1689 3324 se
1699 3261 1805 3322 divino
1815 3251 1908 3333 judicio
1917 3247 1958 3306 ari·

417 3357 511 3420 vobis
536 3357 735 3420 liberalitate
764 3358 909 3419 donavit.
937 3359 1023 3418 Sane
1042 3357 1213 3418 novalium
1266 3363 1386 3424 teredo
1401 3361 1588 3439 perpetrata
1603 3359 1776 3439 iniquitate
1790 3345 1958 3428 cognoscatel:

417 3454 614 3527 vestrorum,
629 3470 701 3532 quae
713 3455 855 3531 propriis
871 3454 1022 3515 manibus
1038 3455 1095 3516 aut
1107 3470 1215 3530 sump-
1268 3459 1495 3521 saeratissimo
1508 3460 1689 3536 corporeet
1703 3453 1849 3530 sanguino
1861 3441 1959 3507 deletio

417 3552 506 3614 tibus
526 3553 634 3615 colitis
654 3552 724 3614 sive
746 3552 785 3613 de
801 3551 1013 3613 nutrimentis
1029 3553 1214 3612 vestrorum
1267 3556 1349 3617 mini
1364 3555 1594 3631 Redemptoris
1606 3553 1713 3616 nostri
1726 3554 1800 3614 Jesu
1812 3535 1957 3632 Christiana

419 3649 625 3722 animalium,
646 3649 757 3710 nullus
772 3649 906 3710 omnino
924 3664 943 3709 a
958 3648 1053 3709 vobis
1069 3647 1214 3708 decimas
1268 3653 1336 3725 fiat,
1349 3653 1447 3729 atque
1462 3653 1496 3712 in
1511 3652 1660 3712 extremo
1673 3635 1959 3711 examinedlstridau

418 3749 597 3823 praesnmat
611 3748 757 3823 exigere.
773 3746 885 3807 Liceat
897 3761 1026 3823 quoque
1040 3744 1133 3806 vobis
1146 3744 1216 3806 cle-
1266 3749 1350 3811 ttoni
1379 3749 1560 3827 subjaceat.
1577 3747 1711 3809 Cunctis
1736 3725 1957 3805 automedonta

418 3843 506 3903 ricos
520 3843 573 3904 vel
601 3844 705 3904 laicos
721 3859 739 3902 e
763 3841 884 3903 saeculo
907 3841 1071 3916 fugientes
1092 3841 1214 3902 liberos
1269 3862 1328 3907 sna
1338 3850 1414 3923 jura
1428 3844 1638 3907 servantibus
1655 3845 1692 3906 nt
1710 3857 1773 3919 pax
1795 3827 1896 3896 bonini
1911 3823 1958 3882 ltili

419 3940 451 4001 et
466 3938 632 4000 absolutos
645 3938 686 3999 ad
701 3939 950 4000 conversionem
965 3938 1115 4014 recipere
1128 3938 1161 3999 et
1179 3937 1215 3997 in
1268 3947 1347 4006 Jesu
1362 3943 1494 4016 Christi,
1512 3943 1673 4019 quatenus
1690 3941 1722 4001 et
1733 3937 1784 3998 hic
1800 3932 1905 3993 tructun
1917 3917 1957 4022 ital?

420 4035 562 4098 ecclesia
583 4037 692 4098 vestra
721 4051 778 4097 eos
807 4034 930 4111 absque
955 4034 1215 4096 contradictione
1269 4038 1409 4099 actionis
1422 4037 1607 4116 percipiant
1623 4039 1656 4099 et
1678 4031 1761 4111 apud
1774 4005 1958 4088 diciderunt

312 4165 313 4168 π
420 4132 532 4211 aliqua
558 4133 712 4196 retinere.
741 4130 959 4194 Prohibemus
982 4132 1143 4208 insuper,
1180 4132 1216 4193 ut
1270 4151 1340 4196 cem
1349 4133 1487 4212 proemia
1501 4136 1633 4196 aeternae
1646 4131 1736 4210 pacis
1751 4111 1956 4187 invenientia

419 4231 502 4293 nulli
518 4232 655 4292 tratrum
672 4233 857 4291 vestrorum
872 4231 946 4305 post
960 4229 1078 4290 iactam
1095 4229 1130 4289 in
1142 4229 1215 4288 loco
1309 4230 1426 4292 Datum
1442 4233 1555 4293 Romae
1570 4231 1655 4308 apud
1684 4225 1827 4290 Sanctum
1838 4213 1925 4275 Petnn
1936 4207 1958 4309 pl

417 4330 529 4390 vestro
552 4327 791 4406 professionem
811 4327 861 4388 las
883 4325 926 4388 sit
949 4325 990 4386 de
1007 4326 1121 4388 eodem
1144 4325 1216 4386 loco
1270 4345 1403 4389 manum
1429 4329 1567 4390 Ranerii
1591 4328 1713 4389 sanotae
1734 4297 1957 4419 Romanelelff

419 4426 542 4502 absquo
555 4425 689 4486 licentia
702 4426 754 4485 sui
767 4422 895 4485 abbatis
910 4423 975 4485 nisi
988 4422 1127 4484 acrioris
1142 4421 1217 4482 reli·
1270 4425 1548 4497 vicecancellarii,
1570 4427 1648 4484 Xlll
1667 4416 1816 4484 kalendas
1831 4403 1895 4485 junii
1909 4404 1958 4499 nere

419 4523 527 4596 ilionis
540 4522 673 4583 obtentu
689 4521 868 4580 discedere.
892 4519 1123 4580 Discedentem
1137 4533 1216 4578 vero
1270 4522 1359 4583 tione
1382 4525 1469 4591 Vlll,
1489 4519 1729 4583 incarnationis
1760 4500 1902 4604 Dominieae
1921 4496 1951 4602 Ψ

419 4620 491 4677 sine
502 4617 723 4678 communium
734 4617 921 4677 litterarum
934 4619 1120 4677 vestrarum
1137 4631 1217 4675 cau-
1270 4619 1470 4690 MCCXVlll,
1480 4618 1690 4696 pontificatus
1703 4625 1776 4676 vero
1786 4589 1959 4666 dommine

419 4715 510 4775 tione
527 4714 638 4773 nullus
652 4713 773 4773 audeat
787 4715 941 4773 retinere.
961 4715 996 4772 ln
1015 4711 1218 4788 parochiali·
1270 4731 1364 4794 papae
1376 4718 1420 4776 ΙΙΙ
1435 4731 1522 4778 anno
1535 4714 1690 4778 secundo.

420 4811 480 4872 bus
494 4826 574 4873 vero
584 4809 746 4881 ecclesiis,
763 4825 845 4886 quas
858 4809 990 4881 tenetis,
1006 4809 1106 4870 liceat
1122 4807 1216 4870 vobis

419 4909 559 4970 clericos
574 4907 698 4984 eligere
713 4907 747 4968 et
761 4907 893 4968 domino
908 4907 1062 4984 episcopo
1075 4921 1218 4983 praesen·
1611 4853 1721 4942 CCLI
1885 4950 1894 5008 l

418 5008 502 5078 tare,
532 5005 661 5083 quibus,
688 5005 717 5066 si
744 5003 856 5066 idonei
877 5004 1017 5076 suerint,
1043 5003 1217 5080 episcopus
1270 4985 1322 5044 Ad
1342 4981 1498 5042 abbatem
1520 4982 1554 5042 et
1571 4979 1770 5042 ⁰0²w0⁷²⁸um
1787 4961 1916 5111 maen

421 5119 535 5166 curam
550 5103 735 5163 animarum
748 5102 940 5173 committat,
958 5103 994 5162 ut
1005 5100 1037 5161 ei
1054 5101 1093 5160 de
1113 5100 1216 5177 spiri·
1357 5079 1462 5140 Stella
1473 5081 1503 5140 Ρ
1506 5073 1809 5138 ''Wlwlraoe'm
1821 5070 1854 5118 ΟΥ
1868 5063 1890 5108 '³'
1918 5081 1922 5094 '

419 5200 579 5271 tualibus,
590 5199 683 5260 vobis
694 5215 773 5261 vero
782 5199 821 5260 de
831 5198 1068 5276 temporalibus
1078 5197 1219 5258 debeant
1566 5189 1670 5247 16111θί
1690 5183 1763 5244 ¹²¹⁸·

421 5298 632 5374 respondere.
658 5296 867 5373 Sepulturam
890 5310 1019 5373 qnoque
1034 5295 1138 5372 ipsius
1154 5295 1218 5356 loci
1405 5286 1642 5352 [Galliacnrist.‚t.
1656 5251 1891 5340 V111·³⁰⁵“¹'¹³·⁴³⁹]
1917 5328 1950 5386 „ud

407 5394 560 5455 'liberam
585 5410 658 5456 esse
681 5393 901 5465 concedimus,
928 5393 1095 5454 uteorum
1114 5393 1218 5453 devo·
1299 5385 1355 5449 Sub
1369 5385 1446 5444 beati
1457 5386 1532 5444 Petri
1544 5393 1574 5442 ct
1584 5399 1635 5442 sua
1652 5351 1907 5456 protectione³¹1⁸⁶¹l¹¹
1916 5356 1931 5393 ¹¹¹
1970 5423 1971 5426 ,

422 5491 505 5552 tioni
520 5492 553 5552 et
564 5491 721 5553 extremae
736 5490 909 5563 voluntati,
927 5489 983 5566 qui
997 5505 1032 5550 se
1045 5489 1113 5550 illic
1129 5503 1221 5564 sepe·
1563 5469 1768 5531 monesterium.
1927 5530 1958 5586 W

420 5586 477 5646 liri
502 5585 783 5663 deliberaverint;
813 5587 879 5648 nisi
910 5587 994 5649 iorte
1023 5601 1217 5648 excommu·
1312 5584 1478 5648 Honorius
1489 5584 1674 5661 episcopus,
1684 5551 1920 5641 servusservorun
1970 5589 1971 5668 1

1908 4941 1933 5002 rii
1945 4931 1958 4986 d
