<?xml version="1.0" encoding="UTF-8"?>
<!DOCTYPE html PUBLIC "-//W3C//DTD XHTML 1.0 Transitional//EN"
    "http://www.w3.org/TR/xhtml1/DTD/xhtml1-transitional.dtd">
<html xmlns="http://www.w3.org/1999/xhtml" xml:lang="en" lang="en">
 <head>
  <title>
</title>
<meta http-equiv="Content-Type" content="text/html;charset=utf-8" />
  <meta name='ocr-system' content='tesseract 3.04.00' />
  <meta name='ocr-capabilities' content='ocr_page ocr_carea ocr_par ocr_line ocrx_word'/>
</head>
<body>
  <div class='ocr_page' id='page_1' title='image "./mediiaevibiblio02unkngoog_0403.png"; bbox 0 0 4234 6442; ppageno 0'>
   <div class='ocr_carea' id='block_1_1' title="bbox 174 5131 1092 5212">
    <p class='ocr_par' dir='ltr' id='par_1_1' title="bbox 174 5131 1092 5212">
     <span class='ocr_line' id='line_1_1' title="bbox 174 5131 1092 5212; baseline -0.003 -17"><span class='ocrx_word' id='word_1_1' title='bbox 174 5209 176 5212; x_wconf 15' lang='grc' dir='ltr'>Ι</span> <span class='ocrx_word' id='word_1_2' title='bbox 296 5137 334 5196; x_wconf 81' lang='lat' dir='ltr'><strong>lit</strong></span> <span class='ocrx_word' id='word_1_3' title='bbox 346 5135 422 5194; x_wconf 88' lang='lat' dir='ltr'><strong>bona</strong></span> <span class='ocrx_word' id='word_1_4' title='bbox 437 5134 571 5192; x_wconf 82' lang='lat' dir='ltr'><strong>Elnensls</strong></span> <span class='ocrx_word' id='word_1_5' title='bbox 590 5131 720 5190; x_wconf 83' lang='lat' dir='ltr'><strong>ecclesie</strong></span> <span class='ocrx_word' id='word_1_6' title='bbox 734 5146 786 5204; x_wconf 90' lang='lat' dir='ltr'><strong>per</strong></span> <span class='ocrx_word' id='word_1_7' title='bbox 798 5131 939 5192; x_wconf 88' lang='lat' dir='ltr'><strong>incuriam</strong></span> <span class='ocrx_word' id='word_1_8' title='bbox 956 5135 1092 5208; x_wconf 88' lang='lat' dir='ltr'><strong>collapsa,</strong></span> 
     </span>
    </p>
   </div>
   <div class='ocr_carea' id='block_1_2' title="bbox 300 134 1956 228">
    <p class='ocr_par' dir='ltr' id='par_1_2' title="bbox 300 134 1956 228">
     <span class='ocr_line' id='line_1_2' title="bbox 300 134 1956 228; baseline -0.001 -30"><span class='ocrx_word' id='word_1_9' title='bbox 300 166 360 228; x_wconf 70' lang='lat'><strong>323</strong></span> <span class='ocrx_word' id='word_1_10' title='bbox 929 136 1105 200; x_wconf 86' lang='lat' dir='ltr'><strong>HONORII</strong></span> <span class='ocrx_word' id='word_1_11' title='bbox 1126 135 1172 195; x_wconf 90' lang='grc' dir='ltr'><strong>ΙΙΙ</strong></span> <span class='ocrx_word' id='word_1_12' title='bbox 1194 134 1344 196; x_wconf 77' lang='lat' dir='ltr'><strong>OPERA.</strong></span> <span class='ocrx_word' id='word_1_13' title='bbox 1892 134 1956 196; x_wconf 75' lang='lat'><strong>324</strong></span> 
     </span>
    </p>
   </div>
   <div class='ocr_carea' id='block_1_3' title="bbox 300 290 1959 404">
    <p class='ocr_par' dir='ltr' id='par_1_3' title="bbox 300 290 1959 404">
     <span class='ocr_line' id='line_1_3' title="bbox 300 290 1959 404; baseline -0.009 -32"><span class='ocrx_word' id='word_1_14' title='bbox 300 318 473 404; x_wconf 55' lang='lat' dir='ltr'><strong>Agrianes</strong></span> <span class='ocrx_word' id='word_1_15' title='bbox 488 313 666 394; x_wconf 88' lang='lat' dir='ltr'><strong>episcopus</strong></span> <span class='ocrx_word' id='word_1_16' title='bbox 687 305 729 369; x_wconf 91' lang='lat' dir='ltr'><strong>ad</strong></span> <span class='ocrx_word' id='word_1_17' title='bbox 744 299 962 382; x_wconf 89' lang='lat' dir='ltr'><strong>supplendum</strong></span> <span class='ocrx_word' id='word_1_18' title='bbox 976 297 1097 360; x_wconf 81' lang='lat' dir='ltr'><strong>restrae</strong></span> <span class='ocrx_word' id='word_1_19' title='bbox 1192 294 1340 358; x_wconf 85' lang='lat' dir='ltr'><strong>Dilectus</strong></span> <span class='ocrx_word' id='word_1_20' title='bbox 1359 292 1452 356; x_wconf 84' lang='lat' dir='ltr'><strong>lilius</strong></span> <span class='ocrx_word' id='word_1_21' title='bbox 1473 292 1604 366; x_wconf 79' lang='lat' dir='ltr'><strong>Elusa..</strong></span> <span class='ocrx_word' id='word_1_22' title='bbox 1621 290 1758 365; x_wconf 90' lang='lat' dir='ltr'><strong>electus,</strong></span> <span class='ocrx_word' id='word_1_23' title='bbox 1775 305 1836 354; x_wconf 86' lang='lat' dir='ltr'><strong>sua</strong></span> <span class='ocrx_word' id='word_1_24' title='bbox 1857 293 1959 357; x_wconf 82' lang='lat' dir='ltr'><strong>nobis</strong></span> 
     </span>
    </p>
   </div>
   <div class='ocr_carea' id='block_1_4' title="bbox 298 389 1959 1076">
    <p class='ocr_par' dir='ltr' id='par_1_4' title="bbox 298 389 1959 1076">
     <span class='ocr_line' id='line_1_4' title="bbox 301 389 1959 488; baseline -0.021 0"><span class='ocrx_word' id='word_1_25' title='bbox 301 435 425 488; x_wconf 84' lang='lat' dir='ltr'><strong>mensae</strong></span> <span class='ocrx_word' id='word_1_26' title='bbox 448 413 629 480; x_wconf 90' lang='lat' dir='ltr'><strong>deiectum,</strong></span> <span class='ocrx_word' id='word_1_27' title='bbox 648 403 744 468; x_wconf 73' lang='lat' dir='ltr'><strong>vobis</strong></span> <span class='ocrx_word' id='word_1_28' title='bbox 766 403 822 480; x_wconf 89' lang='lat' dir='ltr'><strong>pia</strong></span> <span class='ocrx_word' id='word_1_29' title='bbox 841 397 1043 462; x_wconf 89' lang='lat' dir='ltr'><strong>liberalitate</strong></span> <span class='ocrx_word' id='word_1_30' title='bbox 1065 395 1099 458; x_wconf 93' lang='lat' dir='ltr'><strong>et</strong></span> <span class='ocrx_word' id='word_1_31' title='bbox 1152 392 1379 455; x_wconf 79' lang='lat' dir='ltr'><strong>insinuatione</strong></span> <span class='ocrx_word' id='word_1_32' title='bbox 1400 391 1613 465; x_wconf 79' lang='lat' dir='ltr'><strong>monstravit,</strong></span> <span class='ocrx_word' id='word_1_33' title='bbox 1635 390 1721 468; x_wconf 87' lang='lat' dir='ltr'><strong>quod</strong></span> <span class='ocrx_word' id='word_1_34' title='bbox 1742 389 1775 452; x_wconf 89' lang='lat' dir='ltr'><strong>et</strong></span> <span class='ocrx_word' id='word_1_35' title='bbox 1794 389 1835 453; x_wconf 93' lang='lat' dir='ltr'><strong>de</strong></span> <span class='ocrx_word' id='word_1_36' title='bbox 1857 389 1959 455; x_wconf 90' lang='lat' dir='ltr'><strong>bonis</strong></span> 
     </span>
     <span class='ocr_line' id='line_1_5' title="bbox 300 489 1959 602; baseline -0.025 -15"><span class='ocrx_word' id='word_1_37' title='bbox 300 518 441 602; x_wconf 79' lang='lat' dir='ltr'><strong>provida</strong></span> <span class='ocrx_word' id='word_1_38' title='bbox 465 506 705 575; x_wconf 78' lang='lat' dir='ltr'><strong>deliberatione</strong></span> <span class='ocrx_word' id='word_1_39' title='bbox 727 496 902 571; x_wconf 84' lang='lat' dir='ltr'><strong>concessit,</strong></span> <span class='ocrx_word' id='word_1_40' title='bbox 931 496 1018 558; x_wconf 91' lang='lat' dir='ltr'><strong>sicut</strong></span> <span class='ocrx_word' id='word_1_41' title='bbox 1040 509 1098 572; x_wconf 87' lang='lat' dir='ltr'><strong>eas</strong></span> <span class='ocrx_word' id='word_1_42' title='bbox 1153 489 1304 552; x_wconf 82' lang='lat' dir='ltr'><strong>ecclesiae</strong></span> <span class='ocrx_word' id='word_1_43' title='bbox 1318 507 1388 552; x_wconf 82' lang='lat' dir='ltr'><strong>suae</strong></span> <span class='ocrx_word' id='word_1_44' title='bbox 1397 490 1495 568; x_wconf 90' lang='lat' dir='ltr'><strong>plura</strong></span> <span class='ocrx_word' id='word_1_45' title='bbox 1506 505 1566 568; x_wconf 89' lang='lat' dir='ltr'><strong>per</strong></span> <span class='ocrx_word' id='word_1_46' title='bbox 1574 489 1840 568; x_wconf 88' lang='lat' dir='ltr'><strong>praedecessores</strong></span> <span class='ocrx_word' id='word_1_47' title='bbox 1848 489 1959 567; x_wconf 81' lang='lat' dir='ltr'><strong>ipsius</strong></span> 
     </span>
     <span class='ocr_line' id='line_1_6' title="bbox 299 587 1956 700; baseline -0.022 -15"><span class='ocrx_word' id='word_1_48' title='bbox 299 619 389 700; x_wconf 85' lang='lat' dir='ltr'><strong>juste</strong></span> <span class='ocrx_word' id='word_1_49' title='bbox 403 632 442 677; x_wconf 92' lang='lat' dir='ltr'><strong>ac</strong></span> <span class='ocrx_word' id='word_1_50' title='bbox 454 608 593 690; x_wconf 83' lang='lat' dir='ltr'><strong>pacifice</strong></span> <span class='ocrx_word' id='word_1_51' title='bbox 605 598 794 682; x_wconf 89' lang='lat' dir='ltr'><strong>possidetis,</strong></span> <span class='ocrx_word' id='word_1_52' title='bbox 811 595 904 660; x_wconf 87' lang='lat' dir='ltr'><strong>vobis</strong></span> <span class='ocrx_word' id='word_1_53' title='bbox 919 595 953 657; x_wconf 93' lang='lat' dir='ltr'><strong>et</strong></span> <span class='ocrx_word' id='word_1_54' title='bbox 966 609 1025 672; x_wconf 91' lang='lat' dir='ltr'><strong>per</strong></span> <span class='ocrx_word' id='word_1_55' title='bbox 1038 608 1098 655; x_wconf 80' lang='lat' dir='ltr'><strong>ros</strong></span> <span class='ocrx_word' id='word_1_56' title='bbox 1153 588 1300 650; x_wconf 90' lang='lat' dir='ltr'><strong>alienata</strong></span> <span class='ocrx_word' id='word_1_57' title='bbox 1310 588 1433 650; x_wconf 91' lang='lat' dir='ltr'><strong>suntin</strong></span> <span class='ocrx_word' id='word_1_58' title='bbox 1444 587 1594 666; x_wconf 87' lang='lat' dir='ltr'><strong>ejusdem</strong></span> <span class='ocrx_word' id='word_1_59' title='bbox 1606 587 1758 650; x_wconf 83' lang='lat' dir='ltr'><strong>ecclesiae</strong></span> <span class='ocrx_word' id='word_1_60' title='bbox 1769 587 1956 664; x_wconf 75' lang='lat' dir='ltr'><strong>laesionem,</strong></span> 
     </span>
     <span class='ocr_line' id='line_1_7' title="bbox 300 683 1958 782; baseline -0.03 -1"><span class='ocrx_word' id='word_1_61' title='bbox 300 715 452 782; x_wconf 85' lang='lat' dir='ltr'><strong>ecclesiae</strong></span> <span class='ocrx_word' id='word_1_62' title='bbox 467 706 588 771; x_wconf 81' lang='lat' dir='ltr'><strong>vestrae</strong></span> <span class='ocrx_word' id='word_1_63' title='bbox 603 697 802 765; x_wconf 84' lang='lat' dir='ltr'><strong>auctoritaie</strong></span> <span class='ocrx_word' id='word_1_64' title='bbox 816 693 1007 772; x_wconf 77' lang='lat' dir='ltr'><strong>apostema</strong></span> <span class='ocrx_word' id='word_1_65' title='bbox 1024 707 1100 754; x_wconf 91' lang='lat' dir='ltr'><strong>con·</strong></span> <span class='ocrx_word' id='word_1_66' title='bbox 1153 685 1186 747; x_wconf 89' lang='lat' dir='ltr'><strong>et</strong></span> <span class='ocrx_word' id='word_1_67' title='bbox 1199 684 1272 763; x_wconf 91' lang='lat' dir='ltr'><strong>ipsa</strong></span> <span class='ocrx_word' id='word_1_68' title='bbox 1287 684 1441 757; x_wconf 88' lang='lat' dir='ltr'><strong>ecclesia,</strong></span> <span class='ocrx_word' id='word_1_69' title='bbox 1459 701 1521 764; x_wconf 94' lang='lat' dir='ltr'><strong>per</strong></span> <span class='ocrx_word' id='word_1_70' title='bbox 1534 683 1754 762; x_wconf 89' lang='lat' dir='ltr'><strong>quorumdam</strong></span> <span class='ocrx_word' id='word_1_71' title='bbox 1768 700 1812 747; x_wconf 81' lang='lat' dir='ltr'><strong>ex</strong></span> <span class='ocrx_word' id='word_1_72' title='bbox 1829 685 1958 748; x_wconf 70' lang='lat' dir='ltr'><strong>eisdem</strong></span> 
     </span>
     <span class='ocr_line' id='line_1_8' title="bbox 302 781 1958 880; baseline -0.021 -2"><span class='ocrx_word' id='word_1_73' title='bbox 302 817 485 880; x_wconf 83' lang='lat' dir='ltr'><strong>firmamus,</strong></span> <span class='ocrx_word' id='word_1_74' title='bbox 510 804 543 868; x_wconf 86' lang='lat' dir='ltr'><strong>et</strong></span> <span class='ocrx_word' id='word_1_75' title='bbox 571 795 745 880; x_wconf 87' lang='lat' dir='ltr'><strong>praesentis</strong></span> <span class='ocrx_word' id='word_1_76' title='bbox 771 793 886 871; x_wconf 89' lang='lat' dir='ltr'><strong>scripti</strong></span> <span class='ocrx_word' id='word_1_77' title='bbox 914 789 1098 870; x_wconf 89' lang='lat' dir='ltr'><strong>patrocinio</strong></span> <span class='ocrx_word' id='word_1_78' title='bbox 1153 782 1454 860; x_wconf 87' lang='lat' dir='ltr'><strong>praedecessoribus</strong></span> <span class='ocrx_word' id='word_1_79' title='bbox 1484 781 1555 843; x_wconf 90' lang='lat' dir='ltr'><strong>suis</strong></span> <span class='ocrx_word' id='word_1_80' title='bbox 1585 781 1771 854; x_wconf 87' lang='lat' dir='ltr'><strong>incuriam,</strong></span> <span class='ocrx_word' id='word_1_81' title='bbox 1806 782 1890 844; x_wconf 90' lang='lat' dir='ltr'><strong>adeo</strong></span> <span class='ocrx_word' id='word_1_82' title='bbox 1919 783 1958 845; x_wconf 91' lang='lat' dir='ltr'><strong>in</strong></span> 
     </span>
     <span class='ocr_line' id='line_1_9' title="bbox 298 878 1956 976; baseline -0.024 1"><span class='ocrx_word' id='word_1_83' title='bbox 298 906 558 976; x_wconf 87' lang='lat' dir='ltr'><strong>communimus.</strong></span> <span class='ocrx_word' id='word_1_84' title='bbox 573 897 667 962; x_wconf 88' lang='lat' dir='ltr'><strong>Nulli</strong></span> <span class='ocrx_word' id='word_1_85' title='bbox 688 909 780 972; x_wconf 80' lang='lat' dir='ltr'><strong>ergo,</strong></span> <span class='ocrx_word' id='word_1_86' title='bbox 796 893 859 955; x_wconf 90' lang='lat' dir='ltr'><strong>etc.</strong></span> <span class='ocrx_word' id='word_1_87' title='bbox 875 889 998 953; x_wconf 89' lang='lat' dir='ltr'><strong>nostrae</strong></span> <span class='ocrx_word' id='word_1_88' title='bbox 1014 903 1098 950; x_wconf 89' lang='lat' dir='ltr'><strong>con·</strong></span> <span class='ocrx_word' id='word_1_89' title='bbox 1154 880 1383 960; x_wconf 84' lang='lat' dir='ltr'><strong>spiritualibus</strong></span> <span class='ocrx_word' id='word_1_90' title='bbox 1406 880 1440 942; x_wconf 88' lang='lat' dir='ltr'><strong>et</strong></span> <span class='ocrx_word' id='word_1_91' title='bbox 1462 878 1702 956; x_wconf 80' lang='lat' dir='ltr'><strong>temporalibus</strong></span> <span class='ocrx_word' id='word_1_92' title='bbox 1725 879 1776 942; x_wconf 88' lang='lat' dir='ltr'><strong>est</strong></span> <span class='ocrx_word' id='word_1_93' title='bbox 1792 880 1956 959; x_wconf 83' lang='lat' dir='ltr'><strong>collapsa,</strong></span> 
     </span>
     <span class='ocr_line' id='line_1_10' title="bbox 301 977 1955 1076; baseline -0.027 0"><span class='ocrx_word' id='word_1_94' title='bbox 301 1005 513 1076; x_wconf 80' lang='lat' dir='ltr'><strong>durationis,</strong></span> <span class='ocrx_word' id='word_1_95' title='bbox 537 1000 600 1064; x_wconf 89' lang='lat' dir='ltr'><strong>etc.</strong></span> <span class='ocrx_word' id='word_1_96' title='bbox 625 993 746 1072; x_wconf 85' lang='lat' dir='ltr'><strong>Siquis</strong></span> <span class='ocrx_word' id='word_1_97' title='bbox 761 993 885 1062; x_wconf 89' lang='lat' dir='ltr'><strong>autem,</strong></span> <span class='ocrx_word' id='word_1_98' title='bbox 901 988 964 1050; x_wconf 91' lang='lat' dir='ltr'><strong>etc.</strong></span> <span class='ocrx_word' id='word_1_99' title='bbox 979 986 1100 1048; x_wconf 90' lang='lat' dir='ltr'><strong>Datum</strong></span> <span class='ocrx_word' id='word_1_100' title='bbox 1154 979 1187 1041; x_wconf 82' lang='lat' dir='ltr'><strong>et</strong></span> <span class='ocrx_word' id='word_1_101' title='bbox 1209 978 1361 1056; x_wconf 83' lang='lat' dir='ltr'><strong>exposita</strong></span> <span class='ocrx_word' id='word_1_102' title='bbox 1383 977 1573 1040; x_wconf 88' lang='lat' dir='ltr'><strong>incursibus</strong></span> <span class='ocrx_word' id='word_1_103' title='bbox 1600 977 1835 1054; x_wconf 78' lang='lat' dir='ltr'><strong>malignorum,</strong></span> <span class='ocrx_word' id='word_1_104' title='bbox 1865 979 1955 1057; x_wconf 75' lang='lat' dir='ltr'><strong>quod</strong></span> 
     </span>
    </p>
   </div>
   <div class='ocr_carea' id='block_1_5' title="bbox 304 1075 1958 1253">
    <p class='ocr_par' dir='ltr' id='par_1_5' title="bbox 304 1075 1958 1253">
     <span class='ocr_line' id='line_1_11' title="bbox 304 1075 1958 1174; baseline -0.027 1"><span class='ocrx_word' id='word_1_105' title='bbox 304 1105 471 1174; x_wconf 81' lang='lat' dir='ltr'><strong>Laterani,</strong></span> <span class='ocrx_word' id='word_1_106' title='bbox 483 1101 543 1163; x_wconf 90' lang='lat' dir='ltr'><strong>Vll</strong></span> <span class='ocrx_word' id='word_1_107' title='bbox 556 1097 630 1160; x_wconf 87' lang='lat' dir='ltr'><strong>idue</strong></span> <span class='ocrx_word' id='word_1_108' title='bbox 638 1091 763 1165; x_wconf 90' lang='lat' dir='ltr'><strong>martii,</strong></span> <span class='ocrx_word' id='word_1_109' title='bbox 774 1083 1100 1168; x_wconf 85' lang='lat' dir='ltr'><strong>pontificatusnostri</strong></span> <span class='ocrx_word' id='word_1_110' title='bbox 1154 1077 1220 1138; x_wconf 91' lang='lat' dir='ltr'><strong>nisi</strong></span> <span class='ocrx_word' id='word_1_111' title='bbox 1237 1076 1269 1138; x_wconf 88' lang='lat' dir='ltr'><strong>ei</strong></span> <span class='ocrx_word' id='word_1_112' title='bbox 1283 1093 1344 1154; x_wconf 89' lang='lat' dir='ltr'><strong>per</strong></span> <span class='ocrx_word' id='word_1_113' title='bbox 1356 1075 1423 1138; x_wconf 87' lang='lat' dir='ltr'><strong>tuae</strong></span> <span class='ocrx_word' id='word_1_114' title='bbox 1445 1075 1681 1139; x_wconf 87' lang='lat' dir='ltr'><strong>sollicitudinis</strong></span> <span class='ocrx_word' id='word_1_115' title='bbox 1702 1075 1849 1138; x_wconf 87' lang='lat' dir='ltr'><strong>studium</strong></span> <span class='ocrx_word' id='word_1_116' title='bbox 1875 1093 1958 1139; x_wconf 79' lang='lat' dir='ltr'><strong>suc-</strong></span> 
     </span>
     <span class='ocr_line' id='line_1_12' title="bbox 1154 1173 1955 1253; baseline -0.024 -16"><span class='ocrx_word' id='word_1_117' title='bbox 1154 1175 1318 1249; x_wconf 89' lang='lat' dir='ltr'><strong>curratur,</strong></span> <span class='ocrx_word' id='word_1_118' title='bbox 1335 1174 1394 1237; x_wconf 80' lang='lat' dir='ltr'><strong>vix</strong></span> <span class='ocrx_word' id='word_1_119' title='bbox 1408 1173 1545 1253; x_wconf 84' lang='lat' dir='ltr'><strong>adjiciet</strong></span> <span class='ocrx_word' id='word_1_120' title='bbox 1556 1175 1594 1237; x_wconf 86' lang='lat' dir='ltr'><strong>ut</strong></span> <span class='ocrx_word' id='word_1_121' title='bbox 1606 1173 1773 1252; x_wconf 82' lang='lat' dir='ltr'><strong>resurgat.</strong></span> <span class='ocrx_word' id='word_1_122' title='bbox 1789 1175 1955 1246; x_wconf 63' lang='lat' dir='ltr'><strong>Quocirca</strong></span> 
     </span>
    </p>
   </div>
   <div class='ocr_carea' id='block_1_6' title="bbox 305 1271 1957 2626">
    <p class='ocr_par' dir='ltr' id='par_1_6' title="bbox 305 1271 1957 2626">
     <span class='ocr_line' id='line_1_13' title="bbox 1154 1271 1954 1350; baseline 0.001 -16"><span class='ocrx_word' id='word_1_123' title='bbox 1154 1271 1356 1335; x_wconf 75' lang='lat' dir='ltr'><strong>fraternitati</strong></span> <span class='ocrx_word' id='word_1_124' title='bbox 1366 1273 1434 1335; x_wconf 82' lang='lat' dir='ltr'><strong>tuae</strong></span> <span class='ocrx_word' id='word_1_125' title='bbox 1447 1287 1508 1350; x_wconf 88' lang='lat' dir='ltr'><strong>per</strong></span> <span class='ocrx_word' id='word_1_126' title='bbox 1519 1271 1711 1349; x_wconf 78' lang='lat' dir='ltr'><strong>apostolica</strong></span> <span class='ocrx_word' id='word_1_127' title='bbox 1725 1271 1849 1350; x_wconf 89' lang='lat' dir='ltr'><strong>scripta</strong></span> <span class='ocrx_word' id='word_1_128' title='bbox 1862 1289 1954 1335; x_wconf 87' lang='lat' dir='ltr'><strong>man-</strong></span> 
     </span>
     <span class='ocr_line' id='line_1_14' title="bbox 637 1368 1955 1468; baseline -0.024 -1"><span class='ocrx_word' id='word_1_129' title='bbox 637 1375 764 1468; x_wconf 78' lang='lat' dir='ltr'>CGLX</span> <span class='ocrx_word' id='word_1_130' title='bbox 1154 1369 1284 1444; x_wconf 86' lang='lat' dir='ltr'><strong>damus,</strong></span> <span class='ocrx_word' id='word_1_131' title='bbox 1298 1371 1462 1449; x_wconf 87' lang='lat' dir='ltr'><strong>quatenus</strong></span> <span class='ocrx_word' id='word_1_132' title='bbox 1474 1385 1526 1443; x_wconf 91' lang='lat' dir='ltr'><strong>ea,</strong></span> <span class='ocrx_word' id='word_1_133' title='bbox 1543 1385 1617 1448; x_wconf 90' lang='lat' dir='ltr'><strong>quae</strong></span> <span class='ocrx_word' id='word_1_134' title='bbox 1632 1369 1673 1432; x_wconf 95' lang='lat' dir='ltr'><strong>de</strong></span> <span class='ocrx_word' id='word_1_135' title='bbox 1688 1368 1786 1432; x_wconf 88' lang='lat' dir='ltr'><strong>bonis</strong></span> <span class='ocrx_word' id='word_1_136' title='bbox 1804 1371 1955 1449; x_wconf 82' lang='lat' dir='ltr'><strong>ejusdem</strong></span> 
     </span>
     <span class='ocr_line' id='line_1_15' title="bbox 1154 1467 1954 1541; baseline 0.001 -10"><span class='ocrx_word' id='word_1_137' title='bbox 1154 1468 1305 1531; x_wconf 89' lang='lat' dir='ltr'><strong>ecclesiae</strong></span> <span class='ocrx_word' id='word_1_138' title='bbox 1318 1467 1465 1530; x_wconf 89' lang='lat' dir='ltr'><strong>alienata</strong></span> <span class='ocrx_word' id='word_1_139' title='bbox 1484 1467 1664 1541; x_wconf 83' lang='lat' dir='ltr'><strong>inveneris,</strong></span> <span class='ocrx_word' id='word_1_140' title='bbox 1680 1467 1800 1530; x_wconf 88' lang='lat' dir='ltr'><strong>illicita</strong></span> <span class='ocrx_word' id='word_1_141' title='bbox 1813 1469 1866 1532; x_wconf 81' lang='lat' dir='ltr'><strong>vel</strong></span> <span class='ocrx_word' id='word_1_142' title='bbox 1878 1469 1954 1532; x_wconf 89' lang='lat' dir='ltr'><strong>dis-</strong></span> 
     </span>
     <span class='ocr_line' id='line_1_16' title="bbox 1154 1565 1957 1646; baseline 0.001 -16"><span class='ocrx_word' id='word_1_143' title='bbox 1154 1567 1273 1638; x_wconf 87' lang='lat' dir='ltr'><strong>tracta,</strong></span> <span class='ocrx_word' id='word_1_144' title='bbox 1289 1566 1436 1640; x_wconf 84' lang='lat' dir='ltr'><strong>studeas,</strong></span> <span class='ocrx_word' id='word_1_145' title='bbox 1452 1580 1513 1644; x_wconf 92' lang='lat' dir='ltr'><strong>per</strong></span> <span class='ocrx_word' id='word_1_146' title='bbox 1528 1567 1563 1629; x_wconf 90' lang='lat' dir='ltr'><strong>te</strong></span> <span class='ocrx_word' id='word_1_147' title='bbox 1583 1565 1637 1628; x_wconf 80' lang='lat' dir='ltr'><strong>rel</strong></span> <span class='ocrx_word' id='word_1_148' title='bbox 1657 1565 1772 1640; x_wconf 90' lang='lat' dir='ltr'><strong>alium,</strong></span> <span class='ocrx_word' id='word_1_149' title='bbox 1789 1566 1832 1628; x_wconf 92' lang='lat' dir='ltr'><strong>ad</strong></span> <span class='ocrx_word' id='word_1_150' title='bbox 1848 1569 1904 1646; x_wconf 91' lang='lat' dir='ltr'><strong>jus</strong></span> <span class='ocrx_word' id='word_1_151' title='bbox 1920 1569 1957 1631; x_wconf 86' lang='lat' dir='ltr'><strong>et</strong></span> 
     </span>
     <span class='ocr_line' id='line_1_17' title="bbox 1154 1663 1954 1744; baseline 0 -18"><span class='ocrx_word' id='word_1_152' title='bbox 1154 1664 1391 1742; x_wconf 84' lang='lat' dir='ltr'><strong>proprietatem</strong></span> <span class='ocrx_word' id='word_1_153' title='bbox 1405 1663 1512 1742; x_wconf 88' lang='lat' dir='ltr'><strong>ipsius</strong></span> <span class='ocrx_word' id='word_1_154' title='bbox 1533 1663 1681 1740; x_wconf 76' lang='lat' dir='ltr'><strong>legitime</strong></span> <span class='ocrx_word' id='word_1_155' title='bbox 1695 1679 1875 1742; x_wconf 81' lang='lat' dir='ltr'><strong>revocare;</strong></span> <span class='ocrx_word' id='word_1_156' title='bbox 1896 1666 1954 1744; x_wconf 89' lang='lat' dir='ltr'><strong>ip-</strong></span> 
     </span>
     <span class='ocr_line' id='line_1_18' title="bbox 589 1745 1955 1840; baseline 0.004 -19"><span class='ocrx_word' id='word_1_157' title='bbox 589 1752 620 1809; x_wconf 90' lang='lat' dir='ltr'><strong>ll</strong></span> <span class='ocrx_word' id='word_1_158' title='bbox 637 1755 722 1807; x_wconf 84' lang='lat' dir='ltr'><strong>mert.</strong></span> <span class='ocrx_word' id='word_1_159' title='bbox 737 1745 816 1805; x_wconf 75' lang='lat'><strong>¹2¹⁷·</strong></span> <span class='ocrx_word' id='word_1_160' title='bbox 1155 1778 1226 1825; x_wconf 91' lang='lat' dir='ltr'><strong>sam</strong></span> <span class='ocrx_word' id='word_1_161' title='bbox 1252 1761 1440 1834; x_wconf 91' lang='lat' dir='ltr'><strong>ecclesiam,</strong></span> <span class='ocrx_word' id='word_1_162' title='bbox 1467 1777 1628 1840; x_wconf 87' lang='lat' dir='ltr'><strong>personas</strong></span> <span class='ocrx_word' id='word_1_163' title='bbox 1659 1762 1692 1824; x_wconf 91' lang='lat' dir='ltr'><strong>et</strong></span> <span class='ocrx_word' id='word_1_164' title='bbox 1723 1763 1955 1839; x_wconf 85' lang='lat' dir='ltr'><strong>possessiones</strong></span> 
     </span>
     <span class='ocr_line' id='line_1_19' title="bbox 336 1845 1953 1938; baseline -0.006 -4"><span class='ocrx_word' id='word_1_165' title='bbox 336 1859 537 1934; x_wconf 67' lang='lat' dir='ltr'><strong>[negassent</strong></span> <span class='ocrx_word' id='word_1_166' title='bbox 554 1857 628 1925; x_wconf 77' lang='lat' dir='ltr'><strong>epist.</strong></span> <span class='ocrx_word' id='word_1_167' title='bbox 641 1855 698 1906; x_wconf 79' lang='lat'><strong>3⁰⁸·</strong></span> <span class='ocrx_word' id='word_1_168' title='bbox 713 1855 771 1906; x_wconf 55' lang='lat'><strong>³¹⁵⁸·</strong></span> <span class='ocrx_word' id='word_1_169' title='bbox 784 1853 820 1904; x_wconf 73' lang='lat'><strong>¹⁴²</strong></span> <span class='ocrx_word' id='word_1_170' title='bbox 831 1851 909 1902; x_wconf 54' lang='lat'><strong>9⁰⁸⁶</strong></span> <span class='ocrx_word' id='word_1_171' title='bbox 926 1847 960 1901; x_wconf 76' lang='lat'><strong>‘¹¹¹</strong></span> <span class='ocrx_word' id='word_1_172' title='bbox 973 1845 1069 1914; x_wconf 74' lang='lat' dir='ltr'><strong>reali]</strong></span> <span class='ocrx_word' id='word_1_173' title='bbox 1155 1859 1358 1938; x_wconf 87' lang='lat' dir='ltr'><strong>pertinentes</strong></span> <span class='ocrx_word' id='word_1_174' title='bbox 1373 1859 1415 1922; x_wconf 89' lang='lat' dir='ltr'><strong>ad</strong></span> <span class='ocrx_word' id='word_1_175' title='bbox 1430 1859 1537 1938; x_wconf 87' lang='lat' dir='ltr'><strong>ipsam</strong></span> <span class='ocrx_word' id='word_1_176' title='bbox 1552 1859 1710 1938; x_wconf 78' lang='lat' dir='ltr'><strong>protegas</strong></span> <span class='ocrx_word' id='word_1_177' title='bbox 1731 1860 1764 1922; x_wconf 91' lang='lat' dir='ltr'><strong>et</strong></span> <span class='ocrx_word' id='word_1_178' title='bbox 1782 1859 1953 1936; x_wconf 85' lang='lat' dir='ltr'><strong>defendas,</strong></span> 
     </span>
     <span class='ocr_line' id='line_1_20' title="bbox 305 1957 1956 2060; baseline -0.008 -9"><span class='ocrx_word' id='word_1_179' title='bbox 305 1995 342 2056; x_wconf 86' lang='lat' dir='ltr'><strong>Ul</strong></span> <span class='ocrx_word' id='word_1_180' title='bbox 369 1990 475 2050; x_wconf 77' lang='lat' dir='ltr'><strong>melam</strong></span> <span class='ocrx_word' id='word_1_181' title='bbox 499 1985 638 2060; x_wconf 72' lang='lat' dir='ltr'><strong>iustltlam</strong></span> <span class='ocrx_word' id='word_1_182' title='bbox 658 1981 695 2039; x_wconf 93' lang='lat' dir='ltr'><strong>de</strong></span> <span class='ocrx_word' id='word_1_183' title='bbox 719 1978 834 2053; x_wconf 80' lang='lat' dir='ltr'><strong>querela</strong></span> <span class='ocrx_word' id='word_1_184' title='bbox 857 1975 991 2036; x_wconf 83' lang='lat' dir='ltr'><strong>Eluensls</strong></span> <span class='ocrx_word' id='word_1_185' title='bbox 1018 1973 1100 2032; x_wconf 86' lang='lat' dir='ltr'><strong>electi</strong></span> <span class='ocrx_word' id='word_1_186' title='bbox 1154 1960 1188 2022; x_wconf 68' lang='lat' dir='ltr'><strong>et</strong></span> <span class='ocrx_word' id='word_1_187' title='bbox 1202 1959 1271 2021; x_wconf 62' lang='lat' dir='ltr'><strong>iam</strong></span> <span class='ocrx_word' id='word_1_188' title='bbox 1287 1958 1322 2020; x_wconf 74' lang='lat' dir='ltr'><strong>in</strong></span> <span class='ocrx_word' id='word_1_189' title='bbox 1345 1957 1575 2037; x_wconf 59' lang='lat' dir='ltr'><strong>&#39;Piliiffllihuss</strong></span> <span class='ocrx_word' id='word_1_190' title='bbox 1596 1973 1696 2036; x_wconf 62' lang='lat' dir='ltr'><strong>(luam</strong></span> <span class='ocrx_word' id='word_1_191' title='bbox 1715 1958 1956 2036; x_wconf 58' lang='lat' dir='ltr'><strong>tt³¹1¹li⁰¹illibus</strong></span> 
     </span>
     <span class='ocr_line' id='line_1_21' title="bbox 341 2055 1954 2140; baseline -0.012 -1"><span class='ocrx_word' id='word_1_192' title='bbox 341 2079 478 2140; x_wconf 84' lang='lat' dir='ltr'><strong>adversus</strong></span> <span class='ocrx_word' id='word_1_193' title='bbox 488 2075 619 2132; x_wconf 83' lang='lat' dir='ltr'><strong>abbatem</strong></span> <span class='ocrx_word' id='word_1_194' title='bbox 630 2078 659 2128; x_wconf 86' lang='lat' dir='ltr'><strong>et</strong></span> <span class='ocrx_word' id='word_1_195' title='bbox 667 2075 840 2128; x_wconf 86' lang='lat' dir='ltr'><strong>conventum</strong></span> <span class='ocrx_word' id='word_1_196' title='bbox 855 2067 883 2126; x_wconf 87' lang='lat' dir='ltr'><strong>s.</strong></span> <span class='ocrx_word' id='word_1_197' title='bbox 902 2064 1051 2126; x_wconf 78' lang='lat' dir='ltr'><strong>Michaelis</strong></span> <span class='ocrx_word' id='word_1_198' title='bbox 1065 2064 1100 2122; x_wconf 89' lang='lat' dir='ltr'><strong>de</strong></span> <span class='ocrx_word' id='word_1_199' title='bbox 1155 2055 1352 2130; x_wconf 88' lang='lat' dir='ltr'><strong>relormuus,</strong></span> <span class='ocrx_word' id='word_1_200' title='bbox 1378 2056 1512 2118; x_wconf 90' lang='lat' dir='ltr'><strong>tandem</strong></span> <span class='ocrx_word' id='word_1_201' title='bbox 1539 2072 1607 2118; x_wconf 90' lang='lat' dir='ltr'><strong>non</strong></span> <span class='ocrx_word' id='word_1_202' title='bbox 1633 2056 1805 2136; x_wconf 84' lang='lat' dir='ltr'><strong>permittas</strong></span> <span class='ocrx_word' id='word_1_203' title='bbox 1829 2073 1905 2119; x_wconf 91' lang='lat' dir='ltr'><strong>eam</strong></span> <span class='ocrx_word' id='word_1_204' title='bbox 1932 2073 1954 2121; x_wconf 89' lang='lat' dir='ltr'><strong>a</strong></span> 
     </span>
     <span class='ocr_line' id='line_1_22' title="bbox 340 2154 1954 2240; baseline -0.006 -12"><span class='ocrx_word' id='word_1_205' title='bbox 340 2169 448 2228; x_wconf 84' lang='lat' dir='ltr'><strong>Coxen.</strong></span> <span class='ocrx_word' id='word_1_206' title='bbox 463 2170 493 2240; x_wconf 81' lang='lat' dir='ltr'><strong>et</strong></span> <span class='ocrx_word' id='word_1_207' title='bbox 502 2163 574 2222; x_wconf 86' lang='lat' dir='ltr'><strong>alios</strong></span> <span class='ocrx_word' id='word_1_208' title='bbox 588 2157 728 2234; x_wconf 85' lang='lat' dir='ltr'><strong>quosdam</strong></span> <span class='ocrx_word' id='word_1_209' title='bbox 738 2155 900 2232; x_wconf 83' lang='lat' dir='ltr'><strong>religiosos.</strong></span> <span class='ocrx_word' id='word_1_210' title='bbox 1155 2170 1320 2233; x_wconf 84' lang='lat' dir='ltr'><strong>quoquam</strong></span> <span class='ocrx_word' id='word_1_211' title='bbox 1331 2154 1480 2217; x_wconf 86' lang='lat' dir='ltr'><strong>indebite</strong></span> <span class='ocrx_word' id='word_1_212' title='bbox 1490 2154 1672 2216; x_wconf 78' lang='lat' dir='ltr'><strong>molestari.</strong></span> <span class='ocrx_word' id='word_1_213' title='bbox 1684 2155 1954 2218; x_wconf 78' lang='lat' dir='ltr'><strong>conmadictcres</strong></span> 
     </span>
     <span class='ocr_line' id='line_1_23' title="bbox 1155 2251 1953 2332; baseline 0.001 -16"><span class='ocrx_word' id='word_1_214' title='bbox 1155 2253 1188 2316; x_wconf 87' lang='lat' dir='ltr'><strong>et</strong></span> <span class='ocrx_word' id='word_1_215' title='bbox 1221 2252 1450 2316; x_wconf 88' lang='lat' dir='ltr'><strong>molestatores</strong></span> <span class='ocrx_word' id='word_1_216' title='bbox 1480 2251 1648 2315; x_wconf 89' lang='lat' dir='ltr'><strong>indebitos</strong></span> <span class='ocrx_word' id='word_1_217' title='bbox 1681 2269 1742 2332; x_wconf 90' lang='lat' dir='ltr'><strong>per</strong></span> <span class='ocrx_word' id='word_1_218' title='bbox 1774 2269 1953 2317; x_wconf 87' lang='lat' dir='ltr'><strong>censuram</strong></span> 
     </span>
     <span class='ocr_line' id='line_1_24' title="bbox 1154 2349 1955 2432; baseline -0.002 -18"><span class='ocrx_word' id='word_1_219' title='bbox 1154 2349 1415 2414; x_wconf 90' lang='lat' dir='ltr'><strong>ecclesiasticam</strong></span> <span class='ocrx_word' id='word_1_220' title='bbox 1453 2350 1704 2432; x_wconf 89' lang='lat' dir='ltr'><strong>compescendo.</strong></span> <span class='ocrx_word' id='word_1_221' title='bbox 1741 2351 1856 2414; x_wconf 84' lang='lat' dir='ltr'><strong>Testes</strong></span> <span class='ocrx_word' id='word_1_222' title='bbox 1890 2368 1955 2414; x_wconf 91' lang='lat' dir='ltr'><strong>au-</strong></span> 
     </span>
     <span class='ocr_line' id='line_1_25' title="bbox 1153 2448 1953 2527; baseline 0.001 -16"><span class='ocrx_word' id='word_1_223' title='bbox 1153 2448 1231 2521; x_wconf 89' lang='lat' dir='ltr'><strong>tem,</strong></span> <span class='ocrx_word' id='word_1_224' title='bbox 1247 2448 1310 2510; x_wconf 89' lang='lat' dir='ltr'><strong>etc.</strong></span> <span class='ocrx_word' id='word_1_225' title='bbox 1322 2449 1441 2511; x_wconf 88' lang='lat' dir='ltr'><strong>Datum</strong></span> <span class='ocrx_word' id='word_1_226' title='bbox 1454 2448 1611 2510; x_wconf 87' lang='lat' dir='ltr'><strong>Laterani</strong></span> <span class='ocrx_word' id='word_1_227' title='bbox 1622 2448 1739 2527; x_wconf 82' lang='lat' dir='ltr'><strong>quinto</strong></span> <span class='ocrx_word' id='word_1_228' title='bbox 1749 2449 1825 2512; x_wconf 90' lang='lat' dir='ltr'><strong>idus</strong></span> <span class='ocrx_word' id='word_1_229' title='bbox 1839 2450 1953 2512; x_wconf 87' lang='lat' dir='ltr'><strong>martii</strong></span> 
     </span>
     <span class='ocr_line' id='line_1_26' title="bbox 1154 2545 1729 2626; baseline 0.003 -18"><span class='ocrx_word' id='word_1_230' title='bbox 1154 2545 1365 2624; x_wconf 87' lang='lat' dir='ltr'><strong>pontificatus</strong></span> <span class='ocrx_word' id='word_1_231' title='bbox 1378 2546 1486 2610; x_wconf 88' lang='lat' dir='ltr'><strong>nostri</strong></span> <span class='ocrx_word' id='word_1_232' title='bbox 1502 2561 1591 2608; x_wconf 89' lang='lat' dir='ltr'><strong>anno</strong></span> <span class='ocrx_word' id='word_1_233' title='bbox 1611 2545 1729 2626; x_wconf 89' lang='lat' dir='ltr'><strong>prime.</strong></span> 
     </span>
    </p>
   </div>
   <div class='ocr_carea' id='block_1_7' title="bbox 303 1202 525 1282">
    <p class='ocr_par' dir='ltr' id='par_1_7' title="bbox 303 1202 525 1282">
     <span class='ocr_line' id='line_1_27' title="bbox 303 1202 525 1282; baseline -0.05 -13"><span class='ocrx_word' id='word_1_234' title='bbox 303 1222 393 1274; x_wconf 86' lang='lat' dir='ltr'><strong>anno</strong></span> <span class='ocrx_word' id='word_1_235' title='bbox 408 1202 525 1282; x_wconf 89' lang='lat' dir='ltr'><strong>primo.</strong></span> 
     </span>
    </p>
   </div>
   <div class='ocr_carea' id='block_1_8' title="bbox 302 1516 1103 1705">
    <p class='ocr_par' dir='ltr' id='par_1_8' title="bbox 302 1516 1103 1705">
     <span class='ocr_line' id='line_1_28' title="bbox 302 1516 1103 1604; baseline -0.035 -3"><span class='ocrx_word' id='word_1_236' title='bbox 302 1537 355 1600; x_wconf 72' lang='lat' dir='ltr'><strong>Ac</strong></span> <span class='ocrx_word' id='word_1_237' title='bbox 370 1529 665 1604; x_wconf 75' lang='lat' dir='ltr'><strong>archiepiscopum</strong></span> <span class='ocrx_word' id='word_1_238' title='bbox 687 1521 721 1582; x_wconf 85' lang='lat' dir='ltr'><strong>et</strong></span> <span class='ocrx_word' id='word_1_239' title='bbox 739 1517 1020 1580; x_wconf 72' lang='lat' dir='ltr'><strong>archidiaconum</strong></span> <span class='ocrx_word' id='word_1_240' title='bbox 1033 1516 1103 1576; x_wconf 80' lang='lat' dir='ltr'><strong>Rc-</strong></span> 
     </span>
     <span class='ocr_line' id='line_1_29' title="bbox 343 1623 1060 1705; baseline -0.035 0"><span class='ocrx_word' id='word_1_241' title='bbox 343 1643 420 1705; x_wconf 78' lang='lat' dir='ltr'><strong>dea.</strong></span> <span class='ocrx_word' id='word_1_242' title='bbox 439 1636 473 1700; x_wconf 84' lang='lat' dir='ltr'><strong>ct</strong></span> <span class='ocrx_word' id='word_1_243' title='bbox 486 1631 674 1698; x_wconf 77' lang='lat' dir='ltr'><strong>sacristam</strong></span> <span class='ocrx_word' id='word_1_244' title='bbox 691 1629 725 1688; x_wconf 81' lang='lat' dir='ltr'><strong>s.</strong></span> <span class='ocrx_word' id='word_1_245' title='bbox 742 1625 845 1687; x_wconf 71' lang='lat' dir='ltr'><strong>rama</strong></span> <span class='ocrx_word' id='word_1_246' title='bbox 859 1623 1060 1685; x_wconf 76' lang='lat' dir='ltr'><strong>Narbonae.</strong></span> 
     </span>
    </p>
   </div>
   <div class='ocr_carea' id='block_1_9' title="bbox 298 2297 1955 3163">
    <p class='ocr_par' dir='ltr' id='par_1_9' title="bbox 303 2297 1102 2570">
     <span class='ocr_line' id='line_1_30' title="bbox 343 2297 1102 2382; baseline -0.021 -7"><span class='ocrx_word' id='word_1_247' title='bbox 343 2309 524 2382; x_wconf 84' lang='lat' dir='ltr'><strong>Honorius,</strong></span> <span class='ocrx_word' id='word_1_248' title='bbox 545 2306 622 2380; x_wconf 81' lang='lat' dir='ltr'><strong>etc,</strong></span> <span class='ocrx_word' id='word_1_249' title='bbox 641 2301 826 2367; x_wconf 79' lang='lat' dir='ltr'><strong>venerabili</strong></span> <span class='ocrx_word' id='word_1_250' title='bbox 846 2299 943 2364; x_wconf 81' lang='lat' dir='ltr'><strong>fratri</strong></span> <span class='ocrx_word' id='word_1_251' title='bbox 967 2297 1102 2362; x_wconf 86' lang='lat' dir='ltr'><strong>archie-</strong></span> 
     </span>
     <span class='ocr_line' id='line_1_31' title="bbox 303 2397 1099 2490; baseline -0.02 -17"><span class='ocrx_word' id='word_1_252' title='bbox 303 2411 439 2490; x_wconf 90' lang='lat' dir='ltr'><strong>piscopo</strong></span> <span class='ocrx_word' id='word_1_253' title='bbox 449 2409 484 2470; x_wconf 84' lang='lat' dir='ltr'><strong>et</strong></span> <span class='ocrx_word' id='word_1_254' title='bbox 493 2404 626 2467; x_wconf 88' lang='lat' dir='ltr'><strong>dilectis</strong></span> <span class='ocrx_word' id='word_1_255' title='bbox 633 2401 712 2463; x_wconf 87' lang='lat' dir='ltr'><strong>tiliis</strong></span> <span class='ocrx_word' id='word_1_256' title='bbox 725 2398 961 2462; x_wconf 87' lang='lat' dir='ltr'><strong>archidiacono</strong></span> <span class='ocrx_word' id='word_1_257' title='bbox 972 2397 1099 2460; x_wconf 84' lang='lat' dir='ltr'><strong>Reden.</strong></span> 
     </span>
     <span class='ocr_line' id='line_1_32' title="bbox 303 2496 936 2570; baseline -0.022 0"><span class='ocrx_word' id='word_1_258' title='bbox 303 2509 338 2570; x_wconf 87' lang='lat' dir='ltr'><strong>et</strong></span> <span class='ocrx_word' id='word_1_259' title='bbox 351 2505 500 2568; x_wconf 83' lang='lat' dir='ltr'><strong>sacristae</strong></span> <span class='ocrx_word' id='word_1_260' title='bbox 512 2500 620 2564; x_wconf 87' lang='lat' dir='ltr'><strong>sancti</strong></span> <span class='ocrx_word' id='word_1_261' title='bbox 633 2498 730 2562; x_wconf 88' lang='lat' dir='ltr'><strong>Pauli</strong></span> <span class='ocrx_word' id='word_1_262' title='bbox 744 2496 936 2560; x_wconf 87' lang='lat' dir='ltr'><strong>Narbonen.</strong></span> 
     </span>
    </p>

    <p class='ocr_par' dir='ltr' id='par_1_10' title="bbox 298 2591 1955 3163">
     <span class='ocr_line' id='line_1_33' title="bbox 343 2591 1098 2678; baseline -0.019 -11"><span class='ocrx_word' id='word_1_263' title='bbox 343 2603 519 2678; x_wconf 84' lang='lat' dir='ltr'><strong>Querelam</strong></span> <span class='ocrx_word' id='word_1_264' title='bbox 553 2597 667 2660; x_wconf 87' lang='lat' dir='ltr'><strong>dilecti</strong></span> <span class='ocrx_word' id='word_1_265' title='bbox 701 2594 801 2658; x_wconf 87' lang='lat' dir='ltr'><strong>dlii...</strong></span> <span class='ocrx_word' id='word_1_266' title='bbox 837 2593 936 2656; x_wconf 89' lang='lat' dir='ltr'><strong>electi</strong></span> <span class='ocrx_word' id='word_1_267' title='bbox 967 2591 1098 2664; x_wconf 78' lang='lat' dir='ltr'><strong>minen,</strong></span> 
     </span>
     <span class='ocr_line' id='line_1_34' title="bbox 300 2690 1101 2780; baseline -0.02 -14"><span class='ocrx_word' id='word_1_268' title='bbox 300 2702 488 2780; x_wconf 88' lang='lat' dir='ltr'><strong>recepimus</strong></span> <span class='ocrx_word' id='word_1_269' title='bbox 500 2695 736 2768; x_wconf 89' lang='lat' dir='ltr'><strong>continentem,</strong></span> <span class='ocrx_word' id='word_1_270' title='bbox 750 2691 837 2771; x_wconf 86' lang='lat' dir='ltr'><strong>quod</strong></span> <span class='ocrx_word' id='word_1_271' title='bbox 852 2690 956 2752; x_wconf 89' lang='lat' dir='ltr'><strong>abbas</strong></span> <span class='ocrx_word' id='word_1_272' title='bbox 971 2691 1004 2753; x_wconf 90' lang='lat' dir='ltr'><strong>et</strong></span> <span class='ocrx_word' id='word_1_273' title='bbox 1018 2705 1101 2752; x_wconf 90' lang='lat' dir='ltr'><strong>con-</strong></span> 
     </span>
     <span class='ocr_line' id='line_1_35' title="bbox 302 2787 1100 2865; baseline -0.018 -3"><span class='ocrx_word' id='word_1_274' title='bbox 302 2799 421 2862; x_wconf 80' lang='lat' dir='ltr'><strong>ventus</strong></span> <span class='ocrx_word' id='word_1_275' title='bbox 431 2797 538 2860; x_wconf 86' lang='lat' dir='ltr'><strong>sancti</strong></span> <span class='ocrx_word' id='word_1_276' title='bbox 548 2792 723 2857; x_wconf 87' lang='lat' dir='ltr'><strong>Michaelis</strong></span> <span class='ocrx_word' id='word_1_277' title='bbox 734 2790 776 2852; x_wconf 92' lang='lat' dir='ltr'><strong>de</strong></span> <span class='ocrx_word' id='word_1_278' title='bbox 785 2791 910 2852; x_wconf 72' lang='lat' dir='ltr'><strong>Geram</strong></span> <span class='ocrx_word' id='word_1_279' title='bbox 922 2787 1100 2865; x_wconf 83' lang='lat' dir='ltr'><strong>etquidem</strong></span> 
     </span>
     <span class='ocr_line' id='line_1_36' title="bbox 301 2871 1632 2972; baseline -0.022 -9"><span class='ocrx_word' id='word_1_280' title='bbox 301 2900 363 2962; x_wconf 85' lang='lat' dir='ltr'><strong>alii</strong></span> <span class='ocrx_word' id='word_1_281' title='bbox 387 2893 538 2972; x_wconf 80' lang='lat' dir='ltr'><strong>religiosi</strong></span> <span class='ocrx_word' id='word_1_282' title='bbox 554 2891 669 2954; x_wconf 81' lang='lat' dir='ltr'><strong>Ellnen.</strong></span> <span class='ocrx_word' id='word_1_283' title='bbox 688 2887 853 2964; x_wconf 85' lang='lat' dir='ltr'><strong>dioecesis,</strong></span> <span class='ocrx_word' id='word_1_284' title='bbox 869 2885 1099 2946; x_wconf 88' lang='lat' dir='ltr'><strong>usurarorium</strong></span> <span class='ocrx_word' id='word_1_285' title='bbox 1462 2871 1632 2961; x_wconf 71' lang='lat' dir='ltr'>CCLXJI</span> 
     </span>
     <span class='ocr_line' id='line_1_37' title="bbox 304 2982 1099 3063; baseline -0.019 -4"><span class='ocrx_word' id='word_1_286' title='bbox 304 2997 338 3059; x_wconf 87' lang='lat' dir='ltr'><strong>et</strong></span> <span class='ocrx_word' id='word_1_287' title='bbox 362 2987 723 3058; x_wconf 82' lang='lat' dir='ltr'><strong>excommunicaturum</strong></span> <span class='ocrx_word' id='word_1_288' title='bbox 756 2999 898 3063; x_wconf 86' lang='lat' dir='ltr'><strong>corpora</strong></span> <span class='ocrx_word' id='word_1_289' title='bbox 929 2982 1099 3046; x_wconf 88' lang='lat' dir='ltr'><strong>tradentes</strong></span> 
     </span>
     <span class='ocr_line' id='line_1_38' title="bbox 298 3080 1955 3163; baseline -0.006 7"><span class='ocrx_word' id='word_1_290' title='bbox 298 3088 541 3157; x_wconf 67' lang='lat' dir='ltr'><strong>00010⁵i⁸⁸fissoe</strong></span> <span class='ocrx_word' id='word_1_291' title='bbox 575 3083 771 3163; x_wconf 52' lang='lat' dir='ltr'><strong>millium,</strong></span> <span class='ocrx_word' id='word_1_292' title='bbox 794 3081 834 3143; x_wconf 64' lang='lat'><strong>³11</strong></span> <span class='ocrx_word' id='word_1_293' title='bbox 866 3080 1098 3158; x_wconf 59' lang='lat' dir='ltr'><strong>lll‘flil&#39;udicium</strong></span> <span class='ocrx_word' id='word_1_294' title='bbox 1152 3097 1206 3158; x_wconf 81' lang='lat' dir='ltr'><strong>Au</strong></span> <span class='ocrx_word' id='word_1_295' title='bbox 1227 3095 1435 3158; x_wconf 79' lang='lat' dir='ltr'><strong>abbatissam</strong></span> <span class='ocrx_word' id='word_1_296' title='bbox 1458 3097 1492 3159; x_wconf 85' lang='lat' dir='ltr'><strong>ct</strong></span> <span class='ocrx_word' id='word_1_297' title='bbox 1513 3097 1722 3160; x_wconf 82' lang='lat' dir='ltr'><strong>conuentum</strong></span> <span class='ocrx_word' id='word_1_298' title='bbox 1745 3097 1955 3160; x_wconf 69' lang='lat' dir='ltr'><strong>monasterti</strong></span> 
     </span>
    </p>
   </div>
   <div class='ocr_carea' id='block_1_10' title="bbox 303 3177 1890 3355">
    <p class='ocr_par' dir='ltr' id='par_1_11' title="bbox 303 3177 1890 3355">
     <span class='ocr_line' id='line_1_39' title="bbox 303 3177 1890 3268; baseline -0.02 -14"><span class='ocrx_word' id='word_1_299' title='bbox 303 3191 419 3255; x_wconf 83' lang='lat' dir='ltr'><strong>Eluen.</strong></span> <span class='ocrx_word' id='word_1_300' title='bbox 435 3183 596 3257; x_wconf 82' lang='lat' dir='ltr'><strong>ecclesiae,</strong></span> <span class='ocrx_word' id='word_1_301' title='bbox 609 3181 643 3246; x_wconf 89' lang='lat' dir='ltr'><strong>et</strong></span> <span class='ocrx_word' id='word_1_302' title='bbox 654 3179 848 3242; x_wconf 87' lang='lat' dir='ltr'><strong>scandalum</strong></span> <span class='ocrx_word' id='word_1_303' title='bbox 863 3177 1097 3255; x_wconf 90' lang='lat' dir='ltr'><strong>plurimorum,</strong></span> <span class='ocrx_word' id='word_1_304' title='bbox 1212 3193 1333 3255; x_wconf 57' lang='lat' dir='ltr'><strong>ponpis</strong></span> <span class='ocrx_word' id='word_1_305' title='bbox 1347 3195 1512 3268; x_wconf 53' lang='lat' dir='ltr'><strong>goram,</strong></span> <span class='ocrx_word' id='word_1_306' title='bbox 1527 3195 1707 3258; x_wconf 48' lang='lat' dir='ltr'><strong>pictaven·</strong></span> <span class='ocrx_word' id='word_1_307' title='bbox 1723 3197 1890 3259; x_wconf 55' lang='lat' dir='ltr'><strong>amem</strong></span> 
     </span>
     <span class='ocr_line' id='line_1_40' title="bbox 303 3275 1099 3355; baseline -0.018 -5"><span class='ocrx_word' id='word_1_308' title='bbox 303 3284 493 3350; x_wconf 84' lang='lat' dir='ltr'><strong>sacerdotes</strong></span> <span class='ocrx_word' id='word_1_309' title='bbox 501 3275 934 3355; x_wconf 87' lang='lat' dir='ltr'><strong>instituuntinqnlbusdam</strong></span> <span class='ocrx_word' id='word_1_310' title='bbox 945 3275 1099 3338; x_wconf 89' lang='lat' dir='ltr'><strong>ecclesiis</strong></span> 
     </span>
    </p>
   </div>
   <div class='ocr_carea' id='block_1_11' title="bbox 213 3375 1667 3660">
    <p class='ocr_par' dir='ltr' id='par_1_12' title="bbox 213 3375 1667 3660">
     <span class='ocr_line' id='line_1_41' title="bbox 213 3375 1667 3464; baseline -0.012 -19"><span class='ocrx_word' id='word_1_311' title='bbox 213 3412 215 3416; x_wconf 45' lang='lat'><em>⁴</em></span> <span class='ocrx_word' id='word_1_312' title='bbox 302 3400 376 3464; x_wconf 83' lang='lat' dir='ltr'><strong>qnae</strong></span> <span class='ocrx_word' id='word_1_313' title='bbox 391 3382 433 3444; x_wconf 88' lang='lat' dir='ltr'><strong>ad</strong></span> <span class='ocrx_word' id='word_1_314' title='bbox 447 3395 504 3443; x_wconf 91' lang='lat' dir='ltr'><strong>eos</strong></span> <span class='ocrx_word' id='word_1_315' title='bbox 516 3379 698 3458; x_wconf 91' lang='lat' dir='ltr'><strong>plenojure</strong></span> <span class='ocrx_word' id='word_1_316' title='bbox 710 3391 777 3436; x_wconf 91' lang='lat' dir='ltr'><strong>uon</strong></span> <span class='ocrx_word' id='word_1_317' title='bbox 790 3375 970 3452; x_wconf 91' lang='lat' dir='ltr'><strong>pertinent,</strong></span> <span class='ocrx_word' id='word_1_318' title='bbox 981 3389 1098 3436; x_wconf 91' lang='lat' dir='ltr'><strong>eorum</strong></span> <span class='ocrx_word' id='word_1_319' title='bbox 1438 3398 1470 3456; x_wconf 69' lang='lat' dir='ltr'>fl</span> <span class='ocrx_word' id='word_1_320' title='bbox 1486 3404 1569 3457; x_wconf 56' lang='lat' dir='ltr'><strong>mm</strong></span> <span class='ocrx_word' id='word_1_321' title='bbox 1586 3397 1667 3458; x_wconf 77' lang='lat' dir='ltr'><strong>ltlt.</strong></span> 
     </span>
     <span class='ocr_line' id='line_1_42' title="bbox 301 3471 1098 3558; baseline -0.015 -14"><span class='ocrx_word' id='word_1_322' title='bbox 301 3477 493 3558; x_wconf 85' lang='lat' dir='ltr'><strong>irrequisito</strong></span> <span class='ocrx_word' id='word_1_323' title='bbox 523 3489 663 3538; x_wconf 88' lang='lat' dir='ltr'><strong>assensu</strong></span> <span class='ocrx_word' id='word_1_324' title='bbox 687 3472 744 3551; x_wconf 88' lang='lat' dir='ltr'><strong>qui</strong></span> <span class='ocrx_word' id='word_1_325' title='bbox 766 3471 863 3535; x_wconf 90' lang='lat' dir='ltr'><strong>debet</strong></span> <span class='ocrx_word' id='word_1_326' title='bbox 881 3471 922 3534; x_wconf 93' lang='lat' dir='ltr'><strong>de</strong></span> <span class='ocrx_word' id='word_1_327' title='bbox 938 3475 1017 3549; x_wconf 90' lang='lat' dir='ltr'><strong>jure</strong></span> <span class='ocrx_word' id='word_1_328' title='bbox 1040 3487 1098 3533; x_wconf 90' lang='lat' dir='ltr'><strong>re-</strong></span> 
     </span>
     <span class='ocr_line' id='line_1_43' title="bbox 271 3569 1099 3660; baseline -0.01 -21"><span class='ocrx_word' id='word_1_329' title='bbox 271 3613 274 3620; x_wconf 86' lang='lat'>.</span> <span class='ocrx_word' id='word_1_330' title='bbox 302 3577 391 3660; x_wconf 72' lang='lat' dir='ltr'><strong>quatri</strong></span> <span class='ocrx_word' id='word_1_331' title='bbox 403 3575 518 3638; x_wconf 92' lang='lat' dir='ltr'><strong>contra</strong></span> <span class='ocrx_word' id='word_1_332' title='bbox 533 3571 656 3636; x_wconf 85' lang='lat' dir='ltr'><strong>statuta</strong></span> <span class='ocrx_word' id='word_1_333' title='bbox 668 3571 868 3633; x_wconf 87' lang='lat' dir='ltr'><strong>Lateranen.</strong></span> <span class='ocrx_word' id='word_1_334' title='bbox 880 3569 1026 3639; x_wconf 89' lang='lat' dir='ltr'><strong>concilii,</strong></span> <span class='ocrx_word' id='word_1_335' title='bbox 1037 3585 1099 3648; x_wconf 88' lang='lat' dir='ltr'><strong>pro</strong></span> 
     </span>
    </p>
   </div>
   <div class='ocr_carea' id='block_1_12' title="bbox 289 3667 1952 3849">
    <p class='ocr_par' dir='ltr' id='par_1_13' title="bbox 289 3667 1952 3849">
     <span class='ocr_line' id='line_1_44' title="bbox 301 3667 1097 3744; baseline -0.01 -6"><span class='ocrx_word' id='word_1_336' title='bbox 301 3692 372 3737; x_wconf 84' lang='lat' dir='ltr'><strong>suae</strong></span> <span class='ocrx_word' id='word_1_337' title='bbox 386 3672 480 3734; x_wconf 91' lang='lat' dir='ltr'><strong>libito</strong></span> <span class='ocrx_word' id='word_1_338' title='bbox 494 3669 695 3744; x_wconf 78' lang='lat' dir='ltr'><strong>uoluntatis3</strong></span> <span class='ocrx_word' id='word_1_339' title='bbox 712 3668 798 3730; x_wconf 86' lang='lat' dir='ltr'><strong>alias</strong></span> <span class='ocrx_word' id='word_1_340' title='bbox 812 3668 928 3730; x_wconf 77' lang='lat' dir='ltr'><strong>Ellnen.</strong></span> <span class='ocrx_word' id='word_1_341' title='bbox 946 3667 1097 3730; x_wconf 87' lang='lat' dir='ltr'><strong>ecclesiae</strong></span> 
     </span>
     <span class='ocr_line' id='line_1_45' title="bbox 289 3743 1952 3849; baseline -0.01 -15"><span class='ocrx_word' id='word_1_342' title='bbox 289 3765 402 3849; x_wconf 79' lang='lat' dir='ltr'><strong>&#39;super</strong></span> <span class='ocrx_word' id='word_1_343' title='bbox 415 3766 619 3838; x_wconf 91' lang='lat' dir='ltr'><strong>mortuariis,</strong></span> <span class='ocrx_word' id='word_1_344' title='bbox 635 3765 937 3843; x_wconf 88' lang='lat' dir='ltr'><strong>procurationibus,</strong></span> <span class='ocrx_word' id='word_1_345' title='bbox 951 3765 984 3827; x_wconf 92' lang='lat' dir='ltr'><strong>et</strong></span> <span class='ocrx_word' id='word_1_346' title='bbox 997 3765 1099 3828; x_wconf 89' lang='lat' dir='ltr'><strong>rebus</strong></span> <span class='ocrx_word' id='word_1_347' title='bbox 1152 3743 1320 3816; x_wconf 57' lang='lat' dir='ltr'><strong>Libffliwb</strong></span> <span class='ocrx_word' id='word_1_348' title='bbox 1337 3745 1535 3819; x_wconf 60' lang='grc' dir='ltr'><strong>Ρῦθθθῦθῑθῠθθ</strong></span> <span class='ocrx_word' id='word_1_349' title='bbox 1550 3760 1566 3804; x_wconf 71' lang='lat'><strong>³</strong></span> <span class='ocrx_word' id='word_1_350' title='bbox 1581 3743 1733 3805; x_wconf 61' lang='lat' dir='ltr'><strong>wmilibffl</strong></span> <span class='ocrx_word' id='word_1_351' title='bbox 1752 3746 1952 3820; x_wconf 63' lang='lat' dir='ltr'><strong>Andegtlffl·</strong></span> 
     </span>
    </p>
   </div>
   <div class='ocr_carea' id='block_1_13' title="bbox 297 3833 1954 4526">
    <p class='ocr_par' dir='ltr' id='par_1_14' title="bbox 300 3833 1954 4039">
     <span class='ocr_line' id='line_1_46' title="bbox 302 3833 1954 3942; baseline -0.004 -13"><span class='ocrx_word' id='word_1_352' title='bbox 302 3868 378 3930; x_wconf 90' lang='lat' dir='ltr'><strong>aliis</strong></span> <span class='ocrx_word' id='word_1_353' title='bbox 392 3879 512 3942; x_wconf 81' lang='lat' dir='ltr'><strong>graves</strong></span> <span class='ocrx_word' id='word_1_354' title='bbox 526 3863 559 3925; x_wconf 91' lang='lat' dir='ltr'><strong>et</strong></span> <span class='ocrx_word' id='word_1_355' title='bbox 572 3863 729 3939; x_wconf 76' lang='lat' dir='ltr'><strong>injuriosi</strong></span> <span class='ocrx_word' id='word_1_356' title='bbox 744 3863 924 3940; x_wconf 89' lang='lat' dir='ltr'><strong>plurimum</strong></span> <span class='ocrx_word' id='word_1_357' title='bbox 943 3863 1097 3925; x_wconf 82' lang='lat' dir='ltr'><strong>existen·</strong></span> <span class='ocrx_word' id='word_1_358' title='bbox 1186 3833 1265 3892; x_wconf 59' lang='grc' dir='ltr'><strong>’Μ</strong></span> <span class='ocrx_word' id='word_1_359' title='bbox 1288 3834 1416 3936; x_wconf 62' lang='lat' dir='ltr'><strong>⁵P³⁸ffl¹¹¹</strong></span> <span class='ocrx_word' id='word_1_360' title='bbox 1440 3835 1615 3894; x_wconf 60' lang='lat' dir='ltr'><strong>¹¹¹⁰¹¹³⁸¹²fi⁰</strong></span> <span class='ocrx_word' id='word_1_361' title='bbox 1640 3835 1761 3894; x_wconf 57' lang='lat' dir='ltr'><strong>mum</strong></span> <span class='ocrx_word' id='word_1_362' title='bbox 1780 3836 1954 3894; x_wconf 68' lang='lat'><strong>²¹¹⁰²⁰¹¹²³¹⁰</strong></span> 
     </span>
     <span class='ocr_line' id='line_1_47' title="bbox 300 3923 1523 4039; baseline -0.004 -12"><span class='ocrx_word' id='word_1_363' title='bbox 300 3967 363 4027; x_wconf 88' lang='lat' dir='ltr'><strong>tes.</strong></span> <span class='ocrx_word' id='word_1_364' title='bbox 379 3962 521 4039; x_wconf 83' lang='lat' dir='ltr'><strong>Ideoque</strong></span> <span class='ocrx_word' id='word_1_365' title='bbox 539 3959 734 4021; x_wconf 89' lang='lat' dir='ltr'><strong>discretioni</strong></span> <span class='ocrx_word' id='word_1_366' title='bbox 748 3961 868 4024; x_wconf 84' lang='lat' dir='ltr'><strong>vestrae</strong></span> <span class='ocrx_word' id='word_1_367' title='bbox 882 3975 941 4037; x_wconf 91' lang='lat' dir='ltr'><strong>per</strong></span> <span class='ocrx_word' id='word_1_368' title='bbox 954 3961 1098 4037; x_wconf 85' lang='lat' dir='ltr'><strong>Aposto-</strong></span> <span class='ocrx_word' id='word_1_369' title='bbox 1185 3923 1350 3996; x_wconf 69' lang='lat' dir='ltr'><strong>Apostolus</strong></span> <span class='ocrx_word' id='word_1_370' title='bbox 1361 3923 1523 3982; x_wconf 53' lang='lat' dir='ltr'><strong>mmmm·</strong></span> 
     </span>
    </p>

    <p class='ocr_par' dir='ltr' id='par_1_15' title="bbox 297 4055 1098 4526">
     <span class='ocr_line' id='line_1_48' title="bbox 300 4055 1098 4137; baseline -0.005 -14"><span class='ocrx_word' id='word_1_371' title='bbox 300 4061 367 4123; x_wconf 88' lang='lat' dir='ltr'><strong>lica</strong></span> <span class='ocrx_word' id='word_1_372' title='bbox 390 4059 514 4137; x_wconf 87' lang='lat' dir='ltr'><strong>scripta</strong></span> <span class='ocrx_word' id='word_1_373' title='bbox 534 4055 741 4128; x_wconf 90' lang='lat' dir='ltr'><strong>mandamus,</strong></span> <span class='ocrx_word' id='word_1_374' title='bbox 762 4057 925 4135; x_wconf 88' lang='lat' dir='ltr'><strong>quatenus</strong></span> <span class='ocrx_word' id='word_1_375' title='bbox 947 4057 1098 4135; x_wconf 86' lang='lat' dir='ltr'><strong>partibus</strong></span> 
     </span>
     <span class='ocr_line' id='line_1_49' title="bbox 301 4155 1096 4235; baseline -0.005 -14"><span class='ocrx_word' id='word_1_376' title='bbox 301 4156 503 4228; x_wconf 78' lang='lat' dir='ltr'><strong>mnvocatis,</strong></span> <span class='ocrx_word' id='word_1_377' title='bbox 529 4157 592 4218; x_wconf 90' lang='lat' dir='ltr'><strong>etc.</strong></span> <span class='ocrx_word' id='word_1_378' title='bbox 612 4155 727 4217; x_wconf 83' lang='lat' dir='ltr'><strong>&#39;restes</strong></span> <span class='ocrx_word' id='word_1_379' title='bbox 759 4156 885 4228; x_wconf 69' lang='lat' dir='ltr'><strong>numm,</strong></span> <span class='ocrx_word' id='word_1_380' title='bbox 906 4155 987 4228; x_wconf 80' lang='lat' dir='ltr'><strong>etc,</strong></span> <span class='ocrx_word' id='word_1_381' title='bbox 1009 4156 1096 4235; x_wconf 84' lang='lat' dir='ltr'><strong>quod</strong></span> 
     </span>
     <span class='ocr_line' id='line_1_50' title="bbox 300 4251 1094 4331; baseline -0.001 -13"><span class='ocrx_word' id='word_1_382' title='bbox 300 4257 329 4318; x_wconf 93' lang='lat' dir='ltr'><strong>si</strong></span> <span class='ocrx_word' id='word_1_383' title='bbox 344 4271 411 4318; x_wconf 89' lang='lat' dir='ltr'><strong>non</strong></span> <span class='ocrx_word' id='word_1_384' title='bbox 430 4270 556 4327; x_wconf 91' lang='lat' dir='ltr'><strong>omnes,</strong></span> <span class='ocrx_word' id='word_1_385' title='bbox 573 4254 648 4325; x_wconf 73' lang='lat' dir='ltr'><strong>etc„</strong></span> <span class='ocrx_word' id='word_1_386' title='bbox 665 4254 701 4316; x_wconf 92' lang='lat' dir='ltr'><strong>tu</strong></span> <span class='ocrx_word' id='word_1_387' title='bbox 715 4251 820 4315; x_wconf 84' lang='lat' dir='ltr'><strong>frater</strong></span> <span class='ocrx_word' id='word_1_388' title='bbox 843 4253 1009 4331; x_wconf 86' lang='lat' dir='ltr'><strong>episcope,</strong></span> <span class='ocrx_word' id='word_1_389' title='bbox 1031 4253 1094 4317; x_wconf 89' lang='lat' dir='ltr'><strong>etc.</strong></span> 
     </span>
     <span class='ocr_line' id='line_1_51' title="bbox 299 4351 1097 4430; baseline -0.004 -12"><span class='ocrx_word' id='word_1_390' title='bbox 299 4356 418 4418; x_wconf 91' lang='lat' dir='ltr'><strong>Datum</strong></span> <span class='ocrx_word' id='word_1_391' title='bbox 433 4353 604 4425; x_wconf 86' lang='lat' dir='ltr'><strong>Laterani,</strong></span> <span class='ocrx_word' id='word_1_392' title='bbox 630 4351 744 4430; x_wconf 87' lang='lat' dir='ltr'><strong>quinto</strong></span> <span class='ocrx_word' id='word_1_393' title='bbox 771 4351 849 4414; x_wconf 90' lang='lat' dir='ltr'><strong>idus</strong></span> <span class='ocrx_word' id='word_1_394' title='bbox 861 4351 987 4426; x_wconf 86' lang='lat' dir='ltr'><strong>martii,</strong></span> <span class='ocrx_word' id='word_1_395' title='bbox 1016 4367 1097 4430; x_wconf 92' lang='lat' dir='ltr'><strong>pon·</strong></span> 
     </span>
     <span class='ocr_line' id='line_1_52' title="bbox 297 4449 798 4526; baseline -0.008 -10"><span class='ocrx_word' id='word_1_396' title='bbox 297 4451 442 4516; x_wconf 83' lang='lat' dir='ltr'><strong>titicatus</strong></span> <span class='ocrx_word' id='word_1_397' title='bbox 455 4450 562 4513; x_wconf 89' lang='lat' dir='ltr'><strong>nostri</strong></span> <span class='ocrx_word' id='word_1_398' title='bbox 578 4465 666 4512; x_wconf 91' lang='lat' dir='ltr'><strong>anno</strong></span> <span class='ocrx_word' id='word_1_399' title='bbox 679 4449 798 4526; x_wconf 89' lang='lat' dir='ltr'><strong>primo.</strong></span> 
     </span>
    </p>
   </div>
   <div class='ocr_carea' id='block_1_14' title="bbox 1185 3538 1920 3606">
    <p class='ocr_par' dir='ltr' id='par_1_16' title="bbox 1185 3538 1920 3606">
     <span class='ocr_line' id='line_1_53' title="bbox 1185 3538 1920 3606; baseline 0.003 -16"><span class='ocrx_word' id='word_1_400' title='bbox 1185 3541 1296 3604; x_wconf 66' lang='lat' dir='ltr'><strong>[Regem.</strong></span> <span class='ocrx_word' id='word_1_401' title='bbox 1312 3539 1358 3593; x_wconf 87' lang='lat' dir='ltr'><strong>lib.</strong></span> <span class='ocrx_word' id='word_1_402' title='bbox 1373 3538 1393 3603; x_wconf 94' lang='lat' dir='ltr'><strong>l,</strong></span> <span class='ocrx_word' id='word_1_403' title='bbox 1409 3539 1487 3606; x_wconf 87' lang='lat' dir='ltr'><strong>epist.</strong></span> <span class='ocrx_word' id='word_1_404' title='bbox 1501 3539 1556 3592; x_wconf 69' lang='grc'><strong>838.</strong></span> <span class='ocrx_word' id='word_1_405' title='bbox 1569 3541 1630 3594; x_wconf 83' lang='lat' dir='ltr'><strong>bles.</strong></span> <span class='ocrx_word' id='word_1_406' title='bbox 1641 3542 1679 3594; x_wconf 78' lang='lat' dir='ltr'><strong>Le</strong></span> <span class='ocrx_word' id='word_1_407' title='bbox 1690 3540 1765 3594; x_wconf 81' lang='lat' dir='ltr'><strong>Porta</strong></span> <span class='ocrx_word' id='word_1_408' title='bbox 1776 3541 1812 3593; x_wconf 93' lang='lat' dir='ltr'><strong>du</strong></span> <span class='ocrx_word' id='word_1_409' title='bbox 1823 3540 1920 3606; x_wconf 74' lang='lat' dir='ltr'><strong>Thali]</strong></span> 
     </span>
    </p>
   </div>
   <div class='ocr_carea' id='block_1_15' title="bbox 272 4103 1955 5455">
    <p class='ocr_par' dir='ltr' id='par_1_17' title="bbox 1150 4103 1955 4363">
     <span class='ocr_line' id='line_1_54' title="bbox 1191 4103 1955 4178; baseline 0.005 -13"><span class='ocrx_word' id='word_1_410' title='bbox 1191 4103 1370 4177; x_wconf 80' lang='lat' dir='ltr'><strong>Honorius,</strong></span> <span class='ocrx_word' id='word_1_411' title='bbox 1387 4103 1463 4178; x_wconf 82' lang='lat' dir='ltr'><strong>etc,</strong></span> <span class='ocrx_word' id='word_1_412' title='bbox 1480 4104 1612 4168; x_wconf 89' lang='lat' dir='ltr'><strong>dilectis</strong></span> <span class='ocrx_word' id='word_1_413' title='bbox 1624 4104 1704 4168; x_wconf 87' lang='lat' dir='ltr'><strong>tiliis</strong></span> <span class='ocrx_word' id='word_1_414' title='bbox 1719 4103 1897 4168; x_wconf 83' lang='lat' dir='ltr'><strong>abbatissae</strong></span> <span class='ocrx_word' id='word_1_415' title='bbox 1918 4106 1955 4169; x_wconf 88' lang='lat' dir='ltr'><strong>et</strong></span> 
     </span>
     <span class='ocr_line' id='line_1_55' title="bbox 1150 4201 1953 4290; baseline 0.002 -26"><span class='ocrx_word' id='word_1_416' title='bbox 1150 4201 1328 4290; x_wconf 82' lang='lat' dir='ltr'><strong>conventui</strong></span> <span class='ocrx_word' id='word_1_417' title='bbox 1351 4203 1546 4266; x_wconf 89' lang='lat' dir='ltr'><strong>monasterii</strong></span> <span class='ocrx_word' id='word_1_418' title='bbox 1569 4204 1685 4266; x_wconf 78' lang='lat' dir='ltr'><strong>Fontis</strong></span> <span class='ocrx_word' id='word_1_419' title='bbox 1708 4202 1855 4266; x_wconf 81' lang='lat' dir='ltr'><strong>Ebraudi</strong></span> <span class='ocrx_word' id='word_1_420' title='bbox 1869 4205 1953 4266; x_wconf 91' lang='lat' dir='ltr'><strong>Pic-</strong></span> 
     </span>
     <span class='ocr_line' id='line_1_56' title="bbox 1150 4298 1448 4363; baseline -0.007 0"><span class='ocrx_word' id='word_1_421' title='bbox 1150 4302 1262 4363; x_wconf 83' lang='lat' dir='ltr'><strong>taven.</strong></span> <span class='ocrx_word' id='word_1_422' title='bbox 1283 4298 1448 4362; x_wconf 89' lang='lat' dir='ltr'><strong>dioecesis.</strong></span> 
     </span>
    </p>

    <p class='ocr_par' dir='ltr' id='par_1_18' title="bbox 1150 4397 1954 4575">
     <span class='ocr_line' id='line_1_57' title="bbox 1189 4397 1954 4476; baseline -0.001 -14"><span class='ocrx_word' id='word_1_423' title='bbox 1189 4398 1294 4462; x_wconf 90' lang='lat' dir='ltr'><strong>Justis</strong></span> <span class='ocrx_word' id='word_1_424' title='bbox 1314 4398 1496 4476; x_wconf 88' lang='lat' dir='ltr'><strong>petentium</strong></span> <span class='ocrx_word' id='word_1_425' title='bbox 1516 4397 1703 4472; x_wconf 89' lang='lat' dir='ltr'><strong>desideriis,</strong></span> <span class='ocrx_word' id='word_1_426' title='bbox 1724 4399 1803 4472; x_wconf 80' lang='lat' dir='ltr'><strong>etc..</strong></span> <span class='ocrx_word' id='word_1_427' title='bbox 1816 4413 1954 4474; x_wconf 77' lang='lat' dir='ltr'><strong>usquc:</strong></span> 
     </span>
     <span class='ocr_line' id='line_1_58' title="bbox 1150 4494 1953 4575; baseline 0.001 -17"><span class='ocrx_word' id='word_1_428' title='bbox 1150 4494 1953 4575; x_wconf 75' lang='lat' dir='ltr'><strong>assensu.-Redditus,&#39;libertatesetpossessio·</strong></span> 
     </span>
    </p>

    <p class='ocr_par' dir='ltr' id='par_1_19' title="bbox 629 4594 1950 4695">
     <span class='ocr_line' id='line_1_59' title="bbox 629 4594 1950 4695; baseline -0.001 -38"><span class='ocrx_word' id='word_1_429' title='bbox 629 4607 777 4695; x_wconf 67' lang='lat' dir='ltr'>CCLXJ</span> <span class='ocrx_word' id='word_1_430' title='bbox 1149 4595 1357 4657; x_wconf 87' lang='lat' dir='ltr'><strong>nesaclarae</strong></span> <span class='ocrx_word' id='word_1_431' title='bbox 1368 4594 1537 4656; x_wconf 78' lang='lat' dir='ltr'><strong>memorias</strong></span> <span class='ocrx_word' id='word_1_432' title='bbox 1548 4595 1950 4671; x_wconf 79' lang='lat' dir='ltr'><strong>comitibusAndepauen.</strong></span> 
     </span>
    </p>

    <p class='ocr_par' dir='ltr' id='par_1_20' title="bbox 770 4691 1951 4770">
     <span class='ocr_line' id='line_1_60' title="bbox 770 4691 1951 4770; baseline -0.002 -15"><span class='ocrx_word' id='word_1_433' title='bbox 770 4759 771 4762; x_wconf 61' lang='grc'>,</span> <span class='ocrx_word' id='word_1_434' title='bbox 1150 4691 1353 4754; x_wconf 90' lang='lat' dir='ltr'><strong>monasterio</strong></span> <span class='ocrx_word' id='word_1_435' title='bbox 1370 4691 1481 4754; x_wconf 85' lang='lat' dir='ltr'><strong>vestro</strong></span> <span class='ocrx_word' id='word_1_436' title='bbox 1500 4692 1556 4770; x_wconf 90' lang='lat' dir='ltr'><strong>pia</strong></span> <span class='ocrx_word' id='word_1_437' title='bbox 1578 4691 1781 4756; x_wconf 87' lang='lat' dir='ltr'><strong>liberalitate</strong></span> <span class='ocrx_word' id='word_1_438' title='bbox 1797 4692 1951 4766; x_wconf 89' lang='lat' dir='ltr'><strong>collatas,</strong></span> 
     </span>
    </p>

    <p class='ocr_par' dir='ltr' id='par_1_21' title="bbox 272 4769 1954 4973">
     <span class='ocr_line' id='line_1_61' title="bbox 371 4769 1951 4868; baseline 0.005 -23"><span class='ocrx_word' id='word_1_439' title='bbox 371 4773 423 4832; x_wconf 73' lang='lat' dir='ltr'><strong>Ad</strong></span> <span class='ocrx_word' id='word_1_440' title='bbox 444 4771 737 4846; x_wconf 63' lang='lat' dir='ltr'><strong>archepiscopum</strong></span> <span class='ocrx_word' id='word_1_441' title='bbox 749 4769 1021 4833; x_wconf 60' lang='lat' dir='ltr'><strong>paraeneseos.</strong></span> <span class='ocrx_word' id='word_1_442' title='bbox 1150 4790 1236 4851; x_wconf 80' lang='lat' dir='ltr'><strong>suut</strong></span> <span class='ocrx_word' id='word_1_443' title='bbox 1261 4803 1318 4850; x_wconf 79' lang='lat' dir='ltr'><strong>eas</strong></span> <span class='ocrx_word' id='word_1_444' title='bbox 1335 4789 1428 4867; x_wconf 79' lang='lat' dir='ltr'><strong>juste</strong></span> <span class='ocrx_word' id='word_1_445' title='bbox 1449 4789 1483 4852; x_wconf 78' lang='lat' dir='ltr'><strong>et</strong></span> <span class='ocrx_word' id='word_1_446' title='bbox 1504 4789 1644 4868; x_wconf 69' lang='lat' dir='ltr'><strong>pacione</strong></span> <span class='ocrx_word' id='word_1_447' title='bbox 1664 4791 1832 4864; x_wconf 78' lang='lat' dir='ltr'><strong>oannem,</strong></span> <span class='ocrx_word' id='word_1_448' title='bbox 1859 4792 1893 4854; x_wconf 79' lang='lat' dir='ltr'><strong>et</strong></span> <span class='ocrx_word' id='word_1_449' title='bbox 1914 4791 1951 4853; x_wconf 74' lang='lat' dir='ltr'><strong>ln</strong></span> 
     </span>
     <span class='ocr_line' id='line_1_62' title="bbox 272 4884 1954 4973; baseline 0.002 -25"><span class='ocrx_word' id='word_1_450' title='bbox 272 4962 280 4973; x_wconf 36' lang='lat'><strong>¹</strong></span> <span class='ocrx_word' id='word_1_451' title='bbox 583 4899 615 4958; x_wconf 71' lang='grc' dir='ltr'><strong>ιι</strong></span> <span class='ocrx_word' id='word_1_452' title='bbox 631 4907 714 4958; x_wconf 66' lang='lat' dir='ltr'><strong>marr,</strong></span> <span class='ocrx_word' id='word_1_453' title='bbox 730 4900 809 4960; x_wconf 74' lang='lat'><strong>1217,</strong></span> <span class='ocrx_word' id='word_1_454' title='bbox 1149 4884 1340 4949; x_wconf 91' lang='lat' dir='ltr'><strong>eorumdem</strong></span> <span class='ocrx_word' id='word_1_455' title='bbox 1361 4887 1521 4949; x_wconf 89' lang='lat' dir='ltr'><strong>comitum</strong></span> <span class='ocrx_word' id='word_1_456' title='bbox 1544 4888 1666 4952; x_wconf 88' lang='lat' dir='ltr'><strong>litteris</strong></span> <span class='ocrx_word' id='word_1_457' title='bbox 1690 4888 1823 4968; x_wconf 90' lang='lat' dir='ltr'><strong>plenius</strong></span> <span class='ocrx_word' id='word_1_458' title='bbox 1843 4889 1954 4951; x_wconf 91' lang='lat' dir='ltr'><strong>conli-</strong></span> 
     </span>
    </p>

    <p class='ocr_par' dir='ltr' id='par_1_22' title="bbox 328 4980 1955 5455">
     <span class='ocr_line' id='line_1_63' title="bbox 328 4980 1953 5068; baseline -0.004 -16"><span class='ocrx_word' id='word_1_459' title='bbox 328 5002 440 5068; x_wconf 72' lang='lat' dir='ltr'><strong>[uegest.</strong></span> <span class='ocrx_word' id='word_1_460' title='bbox 454 4999 503 5052; x_wconf 85' lang='lat' dir='ltr'><strong>lib.</strong></span> <span class='ocrx_word' id='word_1_461' title='bbox 517 4999 538 5061; x_wconf 91' lang='lat'><strong>1,</strong></span> <span class='ocrx_word' id='word_1_462' title='bbox 555 4998 629 5064; x_wconf 78' lang='lat' dir='ltr'><strong>epist.</strong></span> <span class='ocrx_word' id='word_1_463' title='bbox 643 4997 698 5050; x_wconf 80' lang='lat' dir='ltr'><strong>coe.</strong></span> <span class='ocrx_word' id='word_1_464' title='bbox 711 4999 769 5051; x_wconf 75' lang='lat' dir='ltr'><strong>iles.</strong></span> <span class='ocrx_word' id='word_1_465' title='bbox 787 4999 825 5051; x_wconf 78' lang='lat' dir='ltr'><strong>Le</strong></span> <span class='ocrx_word' id='word_1_466' title='bbox 838 4998 1063 5066; x_wconf 68' lang='lat' dir='ltr'><strong>eonsensum]</strong></span> <span class='ocrx_word' id='word_1_467' title='bbox 1148 4981 1256 5055; x_wconf 91' lang='lat' dir='ltr'><strong>netur,</strong></span> <span class='ocrx_word' id='word_1_468' title='bbox 1278 4980 1373 5044; x_wconf 83' lang='lat' dir='ltr'><strong>vobis</strong></span> <span class='ocrx_word' id='word_1_469' title='bbox 1402 4982 1436 5045; x_wconf 91' lang='lat' dir='ltr'><strong>et</strong></span> <span class='ocrx_word' id='word_1_470' title='bbox 1458 4999 1518 5060; x_wconf 91' lang='lat' dir='ltr'><strong>per</strong></span> <span class='ocrx_word' id='word_1_471' title='bbox 1536 4999 1596 5045; x_wconf 84' lang='lat' dir='ltr'><strong>vos</strong></span> <span class='ocrx_word' id='word_1_472' title='bbox 1618 4983 1726 5046; x_wconf 91' lang='lat' dir='ltr'><strong>eidem</strong></span> <span class='ocrx_word' id='word_1_473' title='bbox 1746 4983 1953 5047; x_wconf 87' lang='lat' dir='ltr'><strong>monasterio</strong></span> 
     </span>
     <span class='ocr_line' id='line_1_64' title="bbox 1149 5080 1955 5161; baseline 0.002 -19"><span class='ocrx_word' id='word_1_474' title='bbox 1149 5080 1345 5144; x_wconf 90' lang='lat' dir='ltr'><strong>auctoritate</strong></span> <span class='ocrx_word' id='word_1_475' title='bbox 1355 5081 1546 5158; x_wconf 77' lang='lat' dir='ltr'><strong>apostolica</strong></span> <span class='ocrx_word' id='word_1_476' title='bbox 1557 5081 1803 5155; x_wconf 87' lang='lat' dir='ltr'><strong>confirmamus,</strong></span> <span class='ocrx_word' id='word_1_477' title='bbox 1817 5083 1850 5145; x_wconf 91' lang='lat' dir='ltr'><strong>et</strong></span> <span class='ocrx_word' id='word_1_478' title='bbox 1862 5097 1955 5161; x_wconf 90' lang='lat' dir='ltr'><strong>prae-</strong></span> 
     </span>
     <span class='ocr_line' id='line_1_65' title="bbox 446 5177 1952 5296; baseline 0 -55"><span class='ocrx_word' id='word_1_479' title='bbox 446 5224 492 5282; x_wconf 58' lang='lat' dir='ltr'><strong>ve,</strong></span> <span class='ocrx_word' id='word_1_480' title='bbox 508 5223 631 5280; x_wconf 85' lang='lat' dir='ltr'><strong>alienata</strong></span> <span class='ocrx_word' id='word_1_481' title='bbox 645 5222 706 5296; x_wconf 59' lang='lat' dir='ltr'><strong>ipse</strong></span> <span class='ocrx_word' id='word_1_482' title='bbox 721 5223 832 5282; x_wconf 58' lang='lat' dir='ltr'><strong>mmm</strong></span> <span class='ocrx_word' id='word_1_483' title='bbox 844 5221 931 5282; x_wconf 50' lang='lat' dir='ltr'><strong>sacia,</strong></span> <span class='ocrx_word' id='word_1_484' title='bbox 1148 5179 1252 5242; x_wconf 88' lang='lat' dir='ltr'><strong>sentis</strong></span> <span class='ocrx_word' id='word_1_485' title='bbox 1264 5177 1379 5257; x_wconf 92' lang='lat' dir='ltr'><strong>scripti</strong></span> <span class='ocrx_word' id='word_1_486' title='bbox 1389 5179 1574 5257; x_wconf 89' lang='lat' dir='ltr'><strong>patrocinio</strong></span> <span class='ocrx_word' id='word_1_487' title='bbox 1588 5180 1843 5242; x_wconf 89' lang='lat' dir='ltr'><strong>communimus.</strong></span> <span class='ocrx_word' id='word_1_488' title='bbox 1856 5179 1952 5244; x_wconf 90' lang='lat' dir='ltr'><strong>Nulli</strong></span> 
     </span>
     <span class='ocr_line' id='line_1_66' title="bbox 933 5265 1952 5354; baseline 0.003 -17"><span class='ocrx_word' id='word_1_489' title='bbox 933 5265 940 5280; x_wconf 85' lang='lat'>&#39;</span> <span class='ocrx_word' id='word_1_490' title='bbox 1148 5293 1238 5354; x_wconf 81' lang='lat' dir='ltr'><strong>erge,</strong></span> <span class='ocrx_word' id='word_1_491' title='bbox 1261 5277 1337 5350; x_wconf 76' lang='lat' dir='ltr'><strong>etc,</strong></span> <span class='ocrx_word' id='word_1_492' title='bbox 1363 5276 1486 5340; x_wconf 84' lang='lat' dir='ltr'><strong>nostrae</strong></span> <span class='ocrx_word' id='word_1_493' title='bbox 1515 5277 1791 5352; x_wconf 84' lang='lat' dir='ltr'><strong>confirmationis,</strong></span> <span class='ocrx_word' id='word_1_494' title='bbox 1817 5277 1879 5340; x_wconf 88' lang='lat' dir='ltr'><strong>etc.</strong></span> <span class='ocrx_word' id='word_1_495' title='bbox 1914 5278 1952 5340; x_wconf 85' lang='lat' dir='ltr'><strong>Sl</strong></span> 
     </span>
     <span class='ocr_line' id='line_1_67' title="bbox 336 5364 1955 5455; baseline 0.007 -27"><span class='ocrx_word' id='word_1_496' title='bbox 336 5367 515 5440; x_wconf 84' lang='lat' dir='ltr'><strong>Honorius,</strong></span> <span class='ocrx_word' id='word_1_497' title='bbox 539 5368 615 5440; x_wconf 83' lang='lat' dir='ltr'><strong>etc,</strong></span> <span class='ocrx_word' id='word_1_498' title='bbox 645 5365 829 5430; x_wconf 78' lang='lat' dir='ltr'><strong>venerabili</strong></span> <span class='ocrx_word' id='word_1_499' title='bbox 858 5364 954 5432; x_wconf 85' lang='lat' dir='ltr'><strong>tratri</strong></span> <span class='ocrx_word' id='word_1_500' title='bbox 978 5367 1092 5432; x_wconf 90' lang='lat' dir='ltr'><strong>nostro</strong></span> <span class='ocrx_word' id='word_1_501' title='bbox 1147 5375 1222 5455; x_wconf 84' lang='lat' dir='ltr'><strong>quis</strong></span> <span class='ocrx_word' id='word_1_502' title='bbox 1232 5375 1353 5450; x_wconf 89' lang='lat' dir='ltr'><strong>autem,</strong></span> <span class='ocrx_word' id='word_1_503' title='bbox 1361 5377 1424 5438; x_wconf 89' lang='lat' dir='ltr'><strong>etc.</strong></span> <span class='ocrx_word' id='word_1_504' title='bbox 1435 5375 1555 5438; x_wconf 86' lang='lat' dir='ltr'><strong>Datum</strong></span> <span class='ocrx_word' id='word_1_505' title='bbox 1563 5376 1733 5451; x_wconf 83' lang='lat' dir='ltr'><strong>Laterani,</strong></span> <span class='ocrx_word' id='word_1_506' title='bbox 1744 5375 1863 5455; x_wconf 87' lang='lat' dir='ltr'><strong>quinte</strong></span> <span class='ocrx_word' id='word_1_507' title='bbox 1875 5375 1955 5439; x_wconf 92' lang='lat' dir='ltr'><strong>idus</strong></span> 
     </span>
    </p>
   </div>
   <div class='ocr_carea' id='block_1_16' title="bbox 297 5463 1849 5553">
    <p class='ocr_par' dir='ltr' id='par_1_23' title="bbox 297 5463 1849 5553">
     <span class='ocr_line' id='line_1_68' title="bbox 297 5463 1849 5553; baseline 0.008 -29"><span class='ocrx_word' id='word_1_508' title='bbox 297 5463 548 5543; x_wconf 83' lang='lat' dir='ltr'><strong>archiepiscopo</strong></span> <span class='ocrx_word' id='word_1_509' title='bbox 563 5464 755 5529; x_wconf 80' lang='lat' dir='ltr'><strong>Narbonem</strong></span> <span class='ocrx_word' id='word_1_510' title='bbox 1147 5473 1270 5549; x_wconf 89' lang='lat' dir='ltr'><strong>martii,</strong></span> <span class='ocrx_word' id='word_1_511' title='bbox 1288 5473 1498 5552; x_wconf 81' lang='lat' dir='ltr'><strong>pontificatus</strong></span> <span class='ocrx_word' id='word_1_512' title='bbox 1508 5473 1618 5540; x_wconf 90' lang='lat' dir='ltr'><strong>nostri</strong></span> <span class='ocrx_word' id='word_1_513' title='bbox 1628 5489 1716 5538; x_wconf 91' lang='lat' dir='ltr'><strong>anno</strong></span> <span class='ocrx_word' id='word_1_514' title='bbox 1729 5475 1849 5553; x_wconf 89' lang='lat' dir='ltr'><strong>primo.</strong></span> 
     </span>
    </p>
   </div>
   <div class='ocr_carea' id='block_1_17' title="bbox 0 0 2122 6438">
    <p class='ocr_par' dir='ltr' id='par_1_24' title="bbox 0 0 2122 6438">
     <span class='ocr_line' id='line_1_69' title="bbox 0 0 2122 6438; baseline 0 0"><span class='ocrx_word' id='word_1_515' title='bbox 0 0 2122 6438; x_wconf 95' lang='lat' dir='ltr'><strong> </strong></span> 
     </span>
    </p>
   </div>
  </div>
 </body>
</html>
