4162 6424
118 325 177 388 585
740 315 968 382 EPISTOLAE.
991 319 1070 381 LlB.
1093 315 1134 380 ll.
1711 313 1771 375 586

117 483 264 559 glorioso
295 481 364 544 tilio
380 481 480 544 Sedes
507 479 696 558 Apostolica
720 479 915 556 gratuletur,
972 477 1195 540 interamnem
1212 475 1247 536 in
1273 471 1368 536 bonae
1393 471 1562 534 memoriae
1586 470 1772 533 innocentii

118 579 152 640 et
179 579 214 641 in
241 581 312 656 ejus
344 592 457 638 amore
485 574 644 653 quiescat.
675 574 723 635 hd
758 573 917 635 indiclnm
972 569 1774 653 papaepredecessorisnostripraesentiaconsti-

118 678 239 748 antem,
279 673 365 751 quod
404 673 634 751 praesculptum
660 687 800 748 regnum
829 670 917 732 beati
973 670 1063 744 tutis,
1083 686 1142 748 pro
1157 671 1272 732 eadem
1287 669 1429 730 ecclesia
1443 666 1692 745 supplicabatur
1703 666 1771 727 hu-

120 773 211 835 Petri
222 773 311 850 jnris
320 771 454 843 existat,
466 787 526 847 pro
537 769 711 848 amplioris
721 769 918 830 reverentia
973 769 1108 841 militer,
1123 770 1158 830 ut
1169 783 1270 846 quum
1284 765 1485 828 cathedralis
1496 765 1558 826 fuit
1571 763 1770 841 abantiquo,

117 871 312 946 argumento
343 868 459 930 statuit
487 867 627 928 illustris
661 866 830 927 memoriae
857 879 919 926 rex
973 865 1119 943 itaqnod
1142 865 1230 926 inter
1244 863 1328 926 alios
1343 863 1507 940 gloriosos
1528 862 1692 939 martyres
1707 863 1775 922 Va-

117 966 308 1044 Alphonsus
322 983 404 1028 avus
414 969 490 1028 tuus
501 965 585 1025 duas
595 979 725 1025 marcas
736 963 811 1024 auri
821 963 919 1023 annis
974 964 1147 1034 lentinum,
1165 965 1198 1024 et
1212 962 1402 1034 Proculum,
1419 960 1451 1023 et
1465 958 1678 1021 anastasium
1693 974 1775 1019 con-

118 1065 369 1140 singulisnobis
385 1064 576 1140 nostrisque
590 1061 921 1137 successoribnsper-
974 1060 1134 1123 fessorem
1162 1059 1286 1122 meruit
1321 1057 1445 1120 habere
1476 1056 1668 1135 pontifices,
1709 1071 1775 1116 non

117 1162 306 1223 solvendas.
334 1165 436 1234 Quem
458 1161 571 1238 utique
584 1175 719 1221 censum
734 1158 776 1219 ad
790 1157 920 1218 utilita-
975 1157 1126 1220 obstante
1158 1156 1245 1235 quod
1278 1155 1448 1234 aliquanto
1472 1157 1620 1232 tempore
1641 1155 1776 1232 propter

117 1261 186 1321 tem
208 1260 374 1331 nostram,
409 1258 442 1320 et
470 1271 699 1320 successorum
731 1257 920 1317 nostrorum
974 1255 1123 1333 inopiam
1134 1253 1449 1330 langueretproprii
1462 1251 1605 1329 pastoris
1618 1249 1774 1312 destituta

118 1356 321 1418 Bracharen.
343 1353 606 1432 archiepiscopo,
623 1354 679 1432 qui
699 1369 758 1430 pro
773 1353 921 1430 tempore
976 1353 1115 1425 solatio,
1152 1351 1343 1414 restaurare
1379 1349 1595 1426 dignaremur
1629 1348 1664 1408 in
1700 1348 1775 1424 ipsa

119 1452 230 1526 fuerit,
247 1455 284 1516 tu
299 1454 332 1516 et
352 1467 563 1515 successores
582 1452 630 1513 tui
655 1449 815 1513 curabitis
834 1451 922 1511 assi·
975 1449 1175 1528 episcopalis
1198 1447 1372 1524 dignitatis
1387 1447 1566 1522 honorem3
1583 1446 1660 1523 quia
1676 1461 1776 1521 quum

120 1567 236 1626 gnare.
260 1551 476 1612 Decernimus
504 1563 596 1626 ergo,
612 1550 656 1610 'ut
681 1548 764 1608 nulli
786 1547 920 1608 omnino
976 1562 1036 1624 per
1058 1547 1118 1609 Dei
1131 1547 1289 1623 gratiam,
1306 1545 1339 1608 et
1365 1544 1505 1622 populus
1523 1544 1605 1605 satis
1620 1542 1774 1614 abundet,

122 1649 295 1710 hominum
318 1647 419 1709 liceat
442 1662 617 1725 personam
638 1646 729 1709 tuam
744 1645 923 1706 authaere-
977 1645 1011 1706 et
1035 1643 1118 1708 adeo
1147 1643 1274 1706 ferveat
1297 1645 1369 1722 ejus
1394 1642 1538 1723 devotio,
1566 1641 1652 1720 qnod
1679 1640 1777 1718 plene

121 1745 200 1806 dum
223 1747 368 1819 tuorum,
394 1745 447 1807 uel
472 1746 571 1807 etiam
587 1743 761 1820 praefatum
782 1757 921 1818 regnum
976 1757 1078 1804 manu
1103 1740 1350 1804 conferentibus
1376 1739 1529 1803 omnibus
1553 1738 1588 1800 in
1609 1739 1777 1800 communi

118 1843 246 1904 temere
271 1841 483 1921 perturbare,
507 1842 565 1904 aut
591 1843 664 1919 eJus
693 1839 921 1918 possessiones
977 1838 1017 1900 de
1027 1839 1225 1917 competenti
1240 1838 1327 1910 dote,
1339 1853 1378 1900 ac
1391 1837 1520 1900 idoneis
1532 1835 1683 1898 aediflciis
1696 1851 1776 1913 pro-

119 1939 268 2013 anferre,
311 1939 364 2001 vel
397 1939 526 2001 ablatas
557 1938 721 2006 retinere,
757 1937 919 2008 minuere,
974 1935 1239 1998 videtnrcontra
1254 1934 1422 2008 damnum,
1437 1934 1522 2013 quod
1536 1931 1775 1995 rerumdefec-

119 2037 177 2096 aut
200 2036 368 2113 aliquibus
380 2033 617 2098 uexationibus
633 2034 786 2110 fatigare.
804 2033 839 2094 Si
857 2048 921 2108 qna
974 2032 1028 2094 tus
1054 2033 1215 2095 hactenus
1247 2032 1381 2105 intulit,
1416 2031 1550 2094 deberet
1578 2029 1777 2106 suffraganti

38 2135 40 2140 '
117 2133 222 2209 igitur
236 2135 272 2194 in
287 2131 434 2194 futurum
456 2131 683 2193 ecclesiastica
708 2130 921 2192 saecularisve
971 2131 1043 2206 jam
1058 2131 1155 2207 copia
1173 2123 1368 2203 restaurari,
1382 2129 1416 2191 et
1427 2130 1476 2189 sic
1491 2129 1642 2190 cessante
1662 2143 1775 2198 causa,

120 2245 262 2306 persona
277 2229 363 2290 banc
373 2229 495 2292 nostrae
506 2226 753 2289 constitutionis
764 2224 921 2302 paginam
976 2228 1085 2290 cesset
1096 2226 1244 2288 effectus.
1263 2224 1326 2288 Sed
1341 2224 1382 2288 ad
1405 2227 1477 2288 haec
1497 2225 1626 2304 objecta
1641 2225 1776 2288 luerunt

110 2327 230 2386 ¹sciens
246 2326 361 2387 contra
379 2341 453 2386 eam
463 2325 587 2386 temere
601 2323 717 2385 uenire
728 2321 918 2392 tentaverit,
976 2323 1083 2402 primo
1114 2323 1340 2401 longinquitas
1372 2324 1633 2404 temporisque
1664 2324 1774 2385 Inter·

121 2422 266 2484 secundo
292 2421 432 2483 tertiove
455 2421 665 2494 commonita,
692 2417 758 2480 nisi
793 2419 921 2480 reatum
976 2436 1109 2482 amnon.
1140 2421 1320 2498 spoletana
1352 2421 1499 2499 possedit
1520 2419 1664 2482 ecclesia
1695 2421 1775 2482 tan-

120 2537 217 2581 suum
232 2535 377 2595 congrua
398 2517 625 2580 satisfactione
645 2517 840 2588 correxerit,
857 2532 920 2592 po·

123 2617 253 2678 testatis
285 2616 487 2693 honorisque
516 2617 569 2677 sui
601 2613 762 2691 dignitate
788 2611 919 2685 careat,

122 2729 281 2792 reamque
297 2729 333 2774 se
349 2713 461 2775 divino
478 2713 606 2791 judicio
625 2713 769 2774 existere
788 2710 829 2773 de
845 2725 924 2788 per-

121 2813 252 2888 petrata
267 2811 445 2888 iniquitate
464 2809 651 2886 cognoscat,
673 2810 739 2872 eta
759 2807 921 2870 sacratis-

125 2910 210 2972 simo
235 2923 385 2985 corpore,
401 2908 435 2969 et
454 2907 616 2983 sanguiue
639 2906 709 2978 Dei,
726 2921 766 2966 ac
790 2904 922 2966 Domini

121 3005 339 3083 redemptoris
359 3005 465 3066 nostri
487 3007 566 3067 Jesu
579 3004 702 3064 Christi
716 3003 829 3064 aliena
850 3002 919 3074 flat,

121 3105 222 3180 atque
238 3103 273 3164 in
291 3105 438 3165 extremo
452 3101 605 3163 examine
627 3100 786 3163 districtae
802 3099 920 3162 ultioni

121 3200 301 3278 subjaceat.
330 3199 463 3262 Cunctis
497 3202 607 3261 autern
636 3199 745 3260 eidem
777 3198 865 3274 regi,
890 3199 922 3258 et

121 3314 224 3374 regno
248 3313 308 3360 sua
329 3301 407 3376 jura
423 3297 633 3358 servantibus
651 3296 695 3358 sit
709 3311 776 3373 pax
789 3295 921 3357 Domini

120 3397 226 3458 nostri
235 3399 316 3459 Jesu
334 3395 456 3456 Christi
470 3395 645 3475 quatenus,
662 3397 695 3454 et
710 3393 765 3453 hic
778 3391 921 3454 fructum

118 3491 214 3554 bonae
225 3492 366 3554 actionis
378 3491 574 3568 percipiant,
593 3490 626 3551 et
637 3489 724 3566 apud
736 3488 922 3550 districtum

117 3590 265 3668 judicem
297 3588 434 3666 praemia
458 3589 591 3649 aeternae
615 3587 711 3664 pacis
736 3585 920 3648 inveniant.

120 3691 237 3749 Amen.
814 3697 817 3705 ·

160 3785 278 3846 Datum
303 3781 460 3844 Laterani
474 3781 572 3844 tertio
588 3781 662 3841 idus
674 3780 824 3860 januarii
839 3796 924 3860 pon-

121 3881 268 3944 tificatus
282 3879 390 3942 nostri
404 3895 491 3940 anno
507 3877 666 3940 secundo.

481 4055 567 4143 clv

120 4213 175 4273 Ad
199 4211 348 4272 Petrtun
358 4179 518 4284 priorem
534 4209 568 4271 ct
588 4210 730 4271 ctertcos
748 4208 924 4296 Interamn

451 4319 587 4368 nenses.

424 4427 458 4484 ld
468 4426 529 4500 jan.
545 4425 624 4484 itte.

147 4541 298 4606 [bullarium
311 4543 466 4600 Romanurn,
475 4540 516 4592 ed.
530 4541 617 4598 faur„
627 4545 648 4590 t.
660 4537 908 4606 111,p.tet,n.tt.]

123 4657 173 4714 Eis
187 4665 284 4714 notum
299 4656 367 4715 fucit
377 4657 474 4715 multis
493 4657 600 4726 uerbis,
617 4670 648 4714 se
663 4655 692 4712 in
714 4657 929 4716 interamnensi

160 4745 280 4801 ecclesia
296 4745 468 4817 episcopalis
481 4745 630 4818 dignitatis
649 4753 809 4801 restaurare
830 4743 921 4801 hono·

158 4846 219 4888 rem
241 4839 269 4889 et
290 4839 424 4903 statuere,
442 4840 474 4890 ut
491 4833 560 4891 nulli
574 4833 630 4890 nisi
649 4834 779 4891 Romano
793 4833 924 4891 Pontifici

158 4921 195 4978 eit
207 4919 344 4992 subiecto.

161 5045 329 5108 Honorius
345 5045 518 5122 episcopus
533 5061 649 5107 servus
661 5063 836 5109 servorum
847 5047 923 5117 Dei,

123 5145 253 5207 dilectis
268 5141 347 5204 filiis
362 5144 461 5204 Petro
481 5142 597 5220 priori,
614 5143 648 5204 et
662 5143 794 5204 clericis
811 5147 922 5206 Inter-

123 5240 353 5314 amnensibus,
368 5239 509 5301 salutern
531 5239 565 5301 et
581 5241 797 5316 apostolicam
817 5240 923 5303 bene-

123 5339 313 5401 dictionem.
535 5405 537 5411 s

161 5433 355 5498 Venerabili
377 5432 475 5495 fratri
500 5434 618 5496 nostro
640 5433 818 5495 Benedioto
833 5435 925 5511 epis-

123 5549 290 5610 copocum
309 5530 507 5609 quibusdam
526 5529 697 5593 canonicis
722 5531 922 5608 spoletanis,

123 5631 156 5692 et
169 5629 240 5702 tibi,
253 5630 299 5691 lili
313 5631 415 5706 prior,
431 5645 507 5691 oum
521 5629 653 5692 clericis
665 5629 795 5691 Sanctae
807 5631 924 5692 Mariae

977 2534 1076 2596 quarn
1094 2534 1201 2588 suam,
1227 2521 1322 2595 cujus
1342 2517 1515 2580 dicebatur
1531 2518 1691 2580 memoria
1708 2533 1775 2579 non

978 2615 1130 2692 exstare3
1151 2614 1297 2676 secundo
1312 2616 1544 2689 concessiones
1559 2615 1778 2692 quorumdam

977 2714 1201 2775 Romanorum
1237 2712 1485 2790 imperatorum,
1517 2728 1657 2790 qnorum
1692 2728 1778 2773 unns

977 2810 1168 2896 comitatum
1184 2809 1328 2873 ciuitatis
1343 2811 1619 2883 interamnensis,
1636 2811 1669 2872 et
1690 2810 1778 2872 alius

977 2908 1191 2979 monasteria,
1208 2907 1242 2970 et
1267 2908 1428 2985 quasdam
1449 2906 1609 2970 ecclesias
1629 2907 1776 2970 civitatis

977 3003 1126 3081 ejusdem
1141 3004 1329 3081 spoletanae
1338 3005 1514 3068 ridebatur
1526 3005 1679 3067 ecclesiae
1693 3021 1776 3067 con·

977 3102 1133 3177 cessisse;
1148 3102 1257 3174 tertio,
1274 3103 1543 3166 confirmationes
1558 3102 1775 3181 quorumdam

977 3199 1203 3262 Romanorum
1231 3199 1439 3274 Pontificum,
1463 3201 1520 3278 qni
1543 3200 1776 3263 concessiones

977 3297 1226 3373 imperatorum,
1255 3297 1288 3358 et
1310 3297 1501 3375 specialiter
1525 3297 1632 3374 plebis
1653 3300 1777 3360 sanctae

977 3394 1094 3454 Mariae
1131 3394 1407 3466 interamnensis,
1449 3396 1486 3457 ut
1525 3395 1777 3472 privilegiorum

976 3489 1087 3553 verbis
1113 3491 1257 3562 utamur,
1292 3491 1381 3552 inter
1398 3489 1465 3552 alia
1490 3491 1669 3568 Spoletano
1688 3492 1779 3569 epis-

977 3601 1059 3664 copo
1074 3587 1333 3664 conservabant3
1351 3589 1480 3666 quarte,
1495 3587 1581 3666 quod
1598 3589 1676 3652 olim
1691 3590 1779 3651 inter

979 3684 1192 3762 Spoletanum
1205 3685 1409 3763 episcopum,
1427 3686 1460 3750 et
1472 3685 1612 3748 clericos
1627 3686 1777 3750 ecclesiae

977 3783 1098 3846 vestrae
1115 3782 1194 3844 talis
1217 3783 1413 3861 compositio
1434 3783 1625 3858 interuenit,
1640 3785 1677 3847 ut
1697 3785 1778 3846 nul-

977 3881 1046 3940 lum
1068 3880 1109 3942 ad
1137 3879 1351 3954 beneficium,
1378 3881 1451 3944 sive
1473 3883 1602 3960 partem
1624 3883 1778 3945 beneficii

977 3977 1183 4056 reciperent,
1214 3969 1420 4056 sine'ipsius
1451 3993 1609 4053 assensu,
1637 3982 1670 4044 et
1692 3981 1778 4058 quod

978 4076 1094 4138 eadem
1121 4077 1293 4138 annuatim
1320 4077 1466 4155 hospitia
1489 4075 1554 4138 duo
1582 4078 1716 4150 darent,
1742 4080 1779 4140 ut

979 4172 1159 4246 studerent,
1172 4189 1211 4234 ao
1222 4173 1453 4251 praedicarent,
1464 4173 1500 4235 ut
1508 4175 1778 4239 interamnenses

978 4270 1058 4332 laici
1079 4271 1247 4333 solverent
1261 4271 1418 4344 decimas,
1441 4271 1474 4333 et
1488 4271 1670 4333 mortuaria
1690 4272 1781 4349 epis-

979 4383 1061 4446 copo
1087 4368 1276 4446 Spoletano,
1297 4369 1330 4430 et
1353 4385 1426 4445 quae
1446 4369 1510 4431 tria
1530 4369 1598 4430 tam
1617 4370 1652 4431 in
1672 4369 1781 4432 eccle-

979 4465 1050 4538 siis,
1072 4482 1170 4544 quam
1190 4467 1333 4539 clericis,
1350 4467 1383 4529 et
1403 4467 1501 4529 laicis
1515 4470 1573 4545 jns
1592 4468 1780 4545 episcopale

979 4563 1174 4640 recognosci
1204 4561 1311 4626 eidem
1338 4564 1492 4642 episcopo
1519 4565 1700 4628 dicebatur.
1730 4565 1780 4627 Ad

979 4676 1053 4738 quae
1068 4661 1131 4722 fnit
1144 4676 1164 4721 a
1176 4661 1272 4723 robis
1282 4677 1498 4739 responsum:

1019 4758 1144 4831 Primo,
1163 4759 1292 4837 quodsi
1308 4760 1505 4836 Spoletanus
1521 4761 1705 4840 episcopua,
1721 4765 1781 4823 ln-

978 4857 1225 4918 teramnensem
1246 4857 1424 4919 ecclesiam
1447 4859 1635 4935 Spoletanae
1657 4861 1783 4936 subjec-

978 4955 1047 5015 tam
1069 4953 1110 5014 ab
1126 4954 1263 5031 antiquo
1278 4953 1381 5015 fuisse
1396 4957 1605 5032 proponeret,
1621 4958 1780 5033 praeteriti

979 5065 1113 5112 cursum
1142 5052 1444 5129 quantumcumque
1465 5053 1626 5128 temporis
1654 5053 1782 5130 allega-

978 5148 1039 5220 ret,
1063 5148 1158 5224 quasi
1172 5147 1380 5209 obstaculum
1397 5149 1659 5226 praescriptlonis
1675 5167 1783 5228 oppo-

980 5261 1072 5316 nens,
1101 5261 1201 5322 quum
1225 5261 1280 5306 res
1306 5261 1385 5307 snas
1407 5261 1504 5308 nemo
1527 5248 1733 5323 praescribat,
1750 5253 1783 5312 et

979 5343 1147 5404 nullorum
1176 5343 1328 5420 acquirat
1352 5343 1386 5404 in
1410 5343 1545 5420 proprio
1563 5346 1781 5412 servitutem:

979 5440 1064 5517 quod
1077 5441 1104 5500 si
1115 5455 1189 5502 eam
1205 5440 1311 5504 tenuit
1323 5441 1598 5515 commendatam,
1616 5443 1701 5507 sicut
1722 5446 1779 5506 in-

979 5537 1107 5601 terdum
1124 5538 1339 5601 Constantius.
1356 5539 1556 5600 Narniensis
1570 5540 1633 5607 fuit
1652 5545 1786 5620 episco-

980 5651 1059 5712 pus,
1096 5637 1174 5714 quia
1211 5635 1512 5700 commendatarius
1548 5637 1612 5700 sibi
1647 5641 1784 5702 nomine
