4162 6424
741 276 969 339 EPISTOLAE.
993 275 1071 336 LIB.
1096 277 1136 336 ll.

433 459 590 552 exunt

90 620 162 678 Ad
187 619 469 692 archiepiscopos,
491 616 666 690 episcopos
681 613 908 676 lterrttoaum

363 715 398 774 ct
415 715 654 774 occurerent.
687 723 690 728 ·

417 831 504 890 lileb.
520 833 598 892 1118.

267 947 387 1013 [[13110111,
398 945 536 1006 Italeaera,
552 954 572 998 t.
585 961 624 1006 ul,
642 963 667 1014 p.
687 942 766 1012 taut

171 1055 396 1144 archiepiscopo
411 1055 515 1112 Pisano
531 1054 683 1127 primulum
695 1053 855 1111 conllrmst.

150 1185 260 1255 Quum
276 1182 408 1259 quidam
421 1181 683 1258 praedecessores
698 1181 804 1242 nostri
815 1181 912 1242 Pisa-

95 1281 165 1342 nis
181 1279 440 1356 archiepiscopis
452 1279 655 1342 contulerint
665 1279 700 1338 in
710 1277 909 1351 Turritanae,

95 1377 311 1438 Arborensis
328 1378 361 1437 et
374 1375 572 1438 calaritanae
586 1375 767 1452 provinciis
780 1375 909 1452 prima-

96 1477 178 1546 tus,
193 1475 225 1536 et
239 1475 274 1534 in
288 1473 443 1534 Sardinia
457 1473 634 1550 legationis
659 1473 816 1544 honores,
841 1473 911 1534 Nos

97 1579 145 1638 V.
166 1573 202 1632 F.
219 1573 261 1632 N.
278 1571 379 1654 Vitali
400 1571 523 1632 Pisano
545 1571 795 1648 archiepiscopo
814 1569 912 1630 beni-

97 1684 177 1744 gne
187 1669 422 1741 concessimus,
434 1669 521 1746 quod
535 1669 639 1730 nostri
648 1667 911 1745 praedecessores

99 1767 360 1827 concesserunt.
386 1766 529 1842 Ideoque
557 1765 809 1828 universitatem
830 1780 911 1826 ves-

99 1862 200 1922 tram
215 1865 338 1925 attente
351 1879 535 1935 munemne,
546 1862 804 1940 parapostolica
818 1861 913 1924 vohis

98 1960 237 2034 scripta
253 1960 459 2031 mandantes,
477 1962 640 2037 quatenus
653 1960 759 2021 eidem
779 1960 913 2020 archie-

100 2056 250 2132 piscopo
274 2056 309 2116 in
330 2056 384 2126 iis,
402 2073 475 2132 quae
500 2056 535 2116 in
557 2057 716 2132 praedicta
735 2057 825 2118 terra
849 2056 913 2118 sibi

98 2154 192 2213 sunt
205 2152 246 2214 ab
258 2152 449 2229 apostoliea
460 2153 544 2214 Sede
558 2168 729 2224 concessa,
744 2153 912 2230 tamquam

98 2250 250 2332 primati
261 2251 383 2321 vestro,
398 2265 437 2312 ac
461 2249 776 2326 apostolicaesedis
802 2250 912 2326 legato

96 2347 261 2409 debitum
275 2347 437 2409 honorem
452 2349 484 2409 et
498 2347 721 2410 reverentiam
735 2348 912 2426 impenda-

97 2445 180 2516 tis,·
211 2445 349 2521 eJ'usque
387 2443 575 2505 salubribus
614 2444 751 2506 monitis
792 2443 914 2506 curetis

96 2541 246 2613 devote,
263 2556 303 2602 ec
318 2541 488 2602 humiliter
500 2540 647 2602 obedire.

145 2637 229 2700 Dat.
245 2638 401 2700 Laterani
416 2640 501 2699 Non.
517 2637 593 2699 seb.
612 2653 700 2698 auno
712 2639 742 2698 2.

453 2851 589 2938 CXXV

107 3001 378 3076 recapitulem,
386 3006 516 3064 clamem
524 3003 916 3077 clpcpctomauauom.

425 3133 443 3190 ll
457 3131 512 3190 101).
529 3133 609 3192 1218.

162 3256 262 3322 [Codex
276 3256 456 3322 diplomaticus
468 3257 600 3317 Sardinia,
611 3263 630 3308 t.
642 3258 663 3318 l,
676 3273 702 3322 p.
715 3257 803 3318 thim.
816 3255 868 3322 dh]

111 3371 252 3432 Notitioat
269 3373 411 3429 Honorius
420 3371 496 3444 quod
508 3371 633 3429 honores
648 3373 916 3445 primatus-ellege-

151 3461 242 3518 tionis
254 3461 284 3516 iu
297 3459 426 3517 Sardinia
439 3459 524 3519 111011
537 3459 753 3532 archiepiscopo
766 3461 917 3518 concessit.

159 3594 346 3665 Honorius,
362 3595 438 3666 etc,
457 3593 615 3670 capitulo,
632 3595 732 3666 clero,
750 3594 783 3657 et
796 3595 919 3672 populo

115 3691 255 3753 Pisano.

158 3789 251 3860 Quod
267 3789 356 3849 circa
379 3787 566 3859 ecelesiam,
592 3789 625 3850 et
646 3787 814 3850 civitatem
837 3803 917 3849 ves-

116 3889 206 3950 tram
223 3883 395 3946 exhiberet
409 3887 532 3947 nostrae
547 3885 755 3947 sinceritatis
767 3885 917 3958 affectus,

117 3996 196 4043 nam
212 3982 333 4059 praeter
347 3983 426 4050 alia,
441 3981 475 4042 in
487 3982 605 4059 quibus
616 3991 675 4045 vos
691 3979 920 4060 multiplieiter

119 4080 369 4152 honoravimus,
384 4083 424 4144 V.
441 4081 477 4140 Il.
494 4082 535 4140 N.
552 4080 655 4142 Vitali
667 4079 919 4157 archiepiscopo

119 4177 231 4238 vestro
245 4177 469 4238 concessimus
481 4177 714 4250 inTurritana,
726 4178 918 4250 Arborensi,

120 4275 154 4334 et
162 4273 364 4336 Callaritana
375 4273 559 4351 provinciis
571 4273 744 4351 primatus,
758 4275 791 4338 et
802 4275 836 4336 in
847 4277 922 4335 Sar-

121 4371 214 4432 dinia
238 4371 414 4447 legationis
441 4369 596 4443 honores,
624 4373 712 4433 sicut
733 4372 921 4450 praedeces-

120 4483 215 4528 rores
231 4469 336 4530 nostri
351 4468 502 4546 ejusdem
515 4468 762 4546 archiepiscopi
786 4469 919 4547 praede-

123 4565 310 4627 cessorihus
326 4565 573 4638 concesseruut,
585 4568 647 4628 ete.

443 4767 600 4857 CXXVI

160 4910 211 4969 Ad
222 4913 379 4984 priorem
391 4911 424 4972 et
438 4913 644 4974 conuectum
659 4915 898 4988 Conopendlch.
959 4965 963 4972 .

434 5037 521 5098 oles.
541 5042 619 5099 1118.

167 5161 274 5227 [Regesl.
287 5162 333 5212 lib.
347 5163 377 5221 ll,
391 5163 465 5226 epist.
476 5160 531 5212 838.
545 5162 602 5214 tiss.
614 5163 650 5215 La
660 5163 737 5215 Porto
746 5158 780 5214 du
789 5161 883 5232 rheti]

368 5277 523 5334 Confirmat
537 5277 674 5336 decimas.

167 5393 345 5468 Honorius
362 5395 437 5467 etc,
453 5394 584 5457 dilectis
595 5395 673 5456 111110
684 5395 789 5474 priori
801 5397 925 5460 01000-

136 5491 245 5554 0011101
261 5491 496 5569 compendien.
779 5563 781 5568 ,

169 5589 258 5650 Solet
275 5606 424 5651 annuere
439 5605 546 5664 cepoe
560 5590 735 5668 impertiri.
762 5593 808 5653 lla
824 5607 926 5669 prop-

1702 269 1761 328 622

962 435 1014 498 ter
1035 449 1146 508 aspare
1173 448 1329 498 assensu,
1356 430 1391 492 ut
1419 429 1564 490 decimas
1593 427 1762 488 novalium

962 532 1178 593 existentium
1194 530 1281 590 inira
1297 527 1468 598 terminos
1485 527 1519 586 ln
1533 525 1653 602 quibus
1667 526 1762 588 vete-

962 645 1016 691 res
1031 629 1178 690 decimas
1194 628 1355 688 haetenus
1363 625 1570 702 percepistis,
1584 621 1680 684 vobis
1690 638 1764 698 per·

964 727 1074 804 cipere
1088 727 1198 796 liceat,
1215 725 1323 802 etper
1344 739 1405 786 vos
1427 721 1630 784 monasterio
1650 722 1762 781 restro

964 821 1162 887 auctoritate
1186 822 1400 900 praesentium
1422 819 1642 894 indulgemus.
1669 816 1761 878 Nulli

888 947 893 955 ·
964 931 1044 997 ergo
1064 923 1187 982 nostrae
1203 917 1441 988 concessionis,
1458 918 1520 979 etc.
1539 917 1574 977 Si
1594 915 1668 992 quis
1696 931 1762 975 au-

964 1020 1041 1091 tem,
1059 1019 1120 1080 ete.
1142 1018 1261 1080 Datum
1277 1015 1436 1078 Laterani
1450 1016 1566 1076 octavo
1586 1013 1661 1074 idus
1679 1012 1762 1072 febr.
1835 1019 1838 1026 ’

964 1116 1176 1208 pontificatus
1192 1115 1297 1198 nostri
1311 1129 1398 1175 anuo
1414 1113 1569 1174 secundo.

1279 1301 1456 1388 GXXVH

1005 1447 1057 1507 Ad
1076 1447 1219 1508 tholem
1232 1447 1527 1518 cicchlcpc’scopum
1543 1444 1724 1503 Pisonum.

1275 1568 1292 1624 8
1307 1565 1363 1624 leb.
1378 1567 1457 1624 lile.

1057 1683 1152 1748 [Codex
1164 1682 1344 1748 diplomaticus
1356 1681 1488 1742 Sardiniae,
1497 1687 1518 1732 t.
1534 1682 1554 1738 I,
1568 1695 1593 1744 p.
1605 1679 1672 1742 3311]

1104 1791 1239 1848 Ecclesiae
1254 1789 1365 1848 Pisana
1380 1788 1530 1862 privilegia
1544 1787 1631 1845 auxit.

1007 1907 1175 1968 Honorius
1190 1919 1307 1968 servin
1322 1917 1493 1968 servorum
1506 1905 1576 1977 Dei,
1593 1905 1655 1965 etc.

1007 2004 1222 2080 Legationem
1246 2019 1376 2080 quoque
1403 2003 1566 2063 Sardiniae
1593 2017 1612 2062 a
1639 2001 1769 2078 praede-

968 2113 1100 2162 cessore
1124 2103 1239 2161 nostro
1263 2115 1348 2176 papa
1373 2100 1518 2168 Urbano,
1544 2099 1769 2176 praedecesso-

967 2197 1060 2258 ribus
1084 2197 1151 2258 tuis
1176 2212 1386 2268 con-cessam,
1415 2197 1448 2258 et
1471 2196 1578 2257 1011010
1600 2195 1769 2256 memoriae

970 2295 1153 2357 innocentii
1170 2295 1318 2363 secundi,
1336 2294 1487 2370 Eugenii,
1502 2293 1681 2364 anastasii,
1700 2293 1769 2353 1100-

969 2391 1098 2464 lestini,
1129 2393 1163 2453 et
1198 2391 1382 2452 innocentii
1410 2391 1517 2462 tertii,
1544 2394 1770 2452 Romanorum

970 2490 1178 2560 Pontificum,
1193 2488 1378 2565 privilegiis
1399 2489 1435 2548 in
1453 2489 1647 2564 perpetuum
1664 2487 1768 2548 roho-

969 2588 1088 2658 ratam,
1104 2585 1166 2648 tibi
1184 2585 1316 2662 tuisque
1332 2583 1580 2646 successoribus
1595 2585 1768 2661 praesentis

971 2684 1086 2760 scripti
1112 2683 1235 2760 pagina
1255 2682 1505 2754 confirmamus,
1534 2683 1567 2742 et
1591 2681 1770 2742 conflrma-

970 2780 1094 2842 tionem
1116 2781 1224 2858 ipsam
1244 2782 1363 2850 ratam,
1389 2780 1422 2840 et
1442 2779 1675 2840 inconcussam
1690 2791 1771 2854 per-

972 2879 1080 2954 petuis
1102 2877 1305 2954 temporibus
1330 2876 1539 2938 deceruimus
1563 2891 1768 2954 permanere.

972 2975 1120 3052 Denique
1135 2976 1172 3036 ut
1185 2976 1309 3036 Pisana
1324 2973 1454 3046 civitas,
1480 2989 1554 3051 quae
1576 2972 1774 3034 100000000-

972 3073 1066 3135 lestis
1080 3073 1228 3134 numinis
1243 3073 1283 3134 de
1297 3072 1446 3134 inimicis
1467 3071 1647 3133 Christiani
1663 3071 1773 3132 nomi-

971 3170 1025 3232 nis
1039 3171 1216 3233 victoriam
1230 3170 1422 3248 frequenter
1436 3169 1588 3242 obtinuit,
1612 3171 1645 3230 et
1659 3185 1773 3230 eorum

972 3263 1072 3326 urbes
1087 3265 1247 3341 plurimas
1270 3263 1470 3341 subjugavit,
1497 3263 1638 3339 amplius
1661 3262 1771 3324 hono·

972 3363 1076 3432 retur,
1104 3379 1187 3438 equo
1216 3360 1292 3422 albo
1319 3378 1393 3422 cum
1419 3375 1504 3421 neco
1531 3359 1606 3420 albo
1633 3360 1667 3419 in
1691 3377 1772 3437 pro-

973 3457 1180 3520 cessionibus
1212 3457 1340 3530 utendi‚
1375 3457 1408 3518 et
1434 3471 1583 3529 crucem,
1615 3455 1775 3518 vexillum

974 3555 1103 3616 scilieet
1133 3554 1352 3627 Dominicum,
1390 3569 1450 3631 per
1483 3553 1648 3630 subjectas
1681 3553 1774 3614 iobis

974 3651 1165 3730 provincias
1189 3651 1360 3727 portandi,
1388 3651 1451 3712 etc.
1476 3651 1595 3711 Datum
1620 3650 1775 3712 Laterani

974 3765 1034 3826 per
1048 3765 1183 3812 manum
1200 3749 1337 3811 Ranerii
1354 3751 1441 3810 SR.
1458 3751 1493 3808 ll.
1508 3747 1777 3810 vicecancellarii
1839 3779 1841 3786 ⁴

974 3851 1017 3909 Vl
1036 3846 1111 3908 idus
1136 3846 1297 3908 februarii
1325 3847 1507 3910 indictione
1530 3848 1585 3918 Vl,
1613 3849 1775 3906 lucarna-

973 3944 1074 4008 tionis
1097 3944 1279 4006 Dominicae
1303 3961 1391 4006 anno
1416 3944 1593 4006 millesimo
1616 3944 1777 4006 dueente-

975 4044 1058 4104 simo
1082 4043 1209 4105 decimo
1241 4043 1380 4119 septimo
1408 4040 1506 4120 (inita
1538 4042 1666 4104 scilicet
1695 4041 1776 4102 anni

975 4142 1106 4204 ratione
1119 4155 1138 4202 a
1150 4141 1234 4202 10010
1248 4141 1521 4203 hnullntiationis
1537 4139 1616 4218 die).
1635 4140 1774 4200 Pontili-

976 4240 1070 4300 catus
1086 4253 1165 4300 vero
1175 4238 1300 4300 domini
1311 4237 1451 4300 Houorii
1467 4241 1567 4314 Papae
1580 4237 1670 4299 tertii
1686 4250 1775 4298 auno

975 4335 1134 4398 secunde.

1277 4469 1474 4556 CXXVHI

974 4623 1027 4682 Ad
1040 4623 1312 4695 crchwplseopos
1330 4621 1364 4682 el
1383 4623 1609 4696 episcopusin
1628 4633 1775 4694 guorion

1015 4720 1212 4782 dlaecestolc
1234 4719 1315 4780 salet
1339 4721 1460 4780 0100000
1475 4721 1609 4780 ordiaris
1629 4719 1777 4780 0001100-

1014 4818 1150 4878 0100010.

1283 4891 1368 4950 lllch.
1387 4891 1467 4950 1118.

1186 5005 1484 5070 mu11.u0m.,t.1u,p.
1500 5005 1565 5070 lea]

977 5111 1057 5182 Quod
1071 5110 1174 5195 tratres
1191 5112 1298 5170 ordinis
1313 5112 1490 5171 carthusien.
1507 5111 1542 5170 ub
1557 5125 1657 5170 eorum
1676 5112 1774 5170 solitu-

1012 5201 1079 5258 dine
1100 5216 1150 5274 per
1174 5201 1319 5258 nemiuem
1343 5199 1548 5270 distrahantur,
1575 5201 1623 5258 vel
1648 5202 1775 5258 testimo·

1014 5291 1093 5346 nium
1126 5287 1214 5360 terre,
1242 5289 1473 5362 jurameutumve
1503 5289 1655 5346 calumniae
1682 5289 1778 5347 subire

1013 5379 1232 5450 compellentur.

1018 5495 1185 5556 Honorius
1200 5495 1386 5573 episeopus,
1396 5511 1512 5559 servus
1522 5511 1694 5558 servorum
1703 5497 1775 5570 Dei,

978 5592 1225 5654 venerabilibus
1256 5591 1414 5656 fratribus
1449 5594 1710 5672 archiepiscopis
1746 5598 1778 5656 et
