4104 6392
122 283 184 342 aas
747 281 975 340 emarcum.
999 279 1077 340 me.
1101 280 1142 339 11.
1603 253 1607 262 '
1712 281 1771 342 rae

1 417 3 429 ἱ
122 441 243 503 debeat
273 440 449 518 probibere
482 439 585 502 alium
616 439 830 512 benefacere,
861 439 919 500 sed
974 437 1167 500 violentiam
1196 437 1373 509 sustinere,
1399 437 1562 513 operariis
1583 438 1641 516 uui
1662 453 1683 501 a
1704 441 1771 502 Do-

1 595 2 598 ,
122 538 264 616 quilibet
278 540 306 599 si
328 539 436 616 potest
456 535 654 599 benefacere
675 538 839 607 teneatur,
853 551 920 597 non
976 535 1064 596 mino
1077 534 1207 596 invitati
1223 535 1264 596 ad
1278 535 1403 595 terram
1418 534 1510 596 illam
1521 535 1770 612 predicationis

121 637 231 698 solum
246 634 504 713 estimpiumsed
516 635 616 697 etiam
629 634 815 706 abusivum,
833 633 919 711 quod
975 635 1050 694 rore
1072 632 1245 708 rigandam
1261 631 1312 693 vel
1335 632 1419 692 alias
1438 631 1625 694 divinorum
1638 632 1772 694 exhibi-

122 736 211 796 sicut
225 734 265 800 ad
277 732 481 794 audientiam
496 733 707 811 Apostelatus
717 731 823 794 nostri
838 747 919 808 per·
974 730 1065 791 tione
1088 728 1262 791 fovendam
1277 729 1489 800 accesserint,
1508 729 1642 806 dignam
1658 730 1772 806 provi-

1 819 3 898 Ῐ
120 832 224 902 venit,
237 832 273 893 tu
286 846 353 902 eos,
367 831 423 908 qui
438 833 609 907 assumpto
625 831 733 891 crucis
747 829 920 906 signaculo
976 826 1084 887 dimus
1116 827 1294 904 specialem
1329 827 1472 902 gratiam
1511 827 1656 887 maxime
1682 827 1772 888 circa

1 922 3 1002 J
119 943 160 988 se
174 927 215 988 ad
231 943 425 988 succursum
446 927 594 988 Livoniae
609 925 822 998 devoverunt,
837 941 922 1002 utro·
975 924 1110 1000 propria
1124 923 1285 986 beneficia
1300 923 1477 1000 indulgeri,
1490 939 1565 984 cum
1580 924 1682 985 nullis
1695 924 1772 984 aliis

116 1025 358 1085 minusvotum
384 1025 628 1102 prosequantur
641 1023 811 1096 emissum,
827 1023 918 1086 mul·
977 1021 1203 1084 ecclesiastica
1215 1021 1378 1083 beneficia
1399 1037 1473 1098 quae
1492 1021 1641 1083 Christus
1661 1022 1695 1081 in
1712 1037 1772 1083 suc

115 1121 282 1198 tipliciter
291 1121 455 1200 praepedis
467 1124 500 1183 et
512 1121 748 1198 prosequentes
757 1120 837 1182 illuc
853 1135 920 1182 non
976 1119 1769 1196 sanguineacquisivit,meliuslocaricredantur,

1 1259 2 1262 =
116 1219 251 1294 pateris,
267 1219 494 1292 transfretare,
510 1221 545 1280 ut
558 1219 606 1280 sic
621 1219 835 1304 ipsiCbristo
848 1219 919 1279 ini·
976 1232 1074 1294 quam
1096 1216 1140 1276 iis
1167 1217 1224 1293 qui
1246 1216 1287 1277 ad
1306 1215 1530 1278 roborandam
1552 1216 1586 1278 et
1608 1216 1775 1294 amplian-

118 1315 920 1394 micitiasmovereuuodammodovidearis,dum
976 1314 1052 1374 dam
1074 1312 1171 1374 fidem
1200 1313 1305 1390 ipsius
1333 1313 1481 1376 totaliter
1503 1329 1539 1374 se
1568 1311 1770 1374 adscribunt.

118 1413 277 1475 fidelibus
304 1415 373 1474 suis
401 1412 603 1490 patientibus
630 1429 691 1491 pro
717 1412 832 1475 eodem
854 1413 922 1474 im·
976 1411 1115 1472 Clericis
1137 1410 1250 1488 itaque
1272 1411 1328 1488 qui
1345 1410 1450 1471 divini
1465 1410 1589 1471 amoris
1613 1409 1773 1472 instinctu

118 1512 224 1589 pendi
234 1513 397 1573 auxilium
411 1512 593 1584 interdicis,
603 1509 645 1573 ad
660 1511 745 1590 quod
759 1511 921 1574 debueras
976 1506 1056 1568 illuc
1071 1506 1274 1585 praedicandi
1290 1508 1418 1582 gratia,
1443 1506 1496 1567 vel
1515 1506 1599 1568 alias
1622 1507 1658 1567 in
1674 1507 1774 1568 cleri-

117 1610 316 1686 impendere
338 1610 487 1672 totaliter
508 1609 736 1687 temetipsum,
762 1609 792 1670 si
817 1609 921 1671 velles
976 1604 1042 1664 cali
1063 1603 1248 1666 ministerio
1267 1605 1407 1664 Domino
1429 1603 1597 1665 serviendi
1617 1603 1773 1664 duxerint

114 1705 247 1782 aliquid
273 1704 458 1782 rependere
492 1705 631 1768 Domino
663 1721 723 1783 pro
755 1704 919 1776 omnibus,
976 1701 1210 1774 accedendum,
1227 1702 1375 1779 quandiu
1385 1701 1615 1778 praedicationi
1630 1717 1670 1762 ac
1683 1700 1774 1777 ejns'-

113 1817 195 1877 quae
210 1801 327 1864 tribuit
346 1803 419 1880 ipse
437 1802 508 1864 tibi.
530 1804 581 1864 Ne
600 1801 705 1878 igitur
719 1819 779 1864 nos
792 1803 826 1864 et
837 1802 921 1863 alios
977 1799 1065 1859 modi
1081 1798 1266 1860 ministerio
1288 1797 1431 1859 fideliter
1444 1798 1641 1871 institerint,
1665 1797 1774 1874 perci-

115 1898 299 1960 audientes
343 1914 443 1976 super
480 1900 544 1961 boc
577 1900 618 1961 de
654 1899 776 1962 caetero
818 1914 920 1960 scan-
977 1895 1088 1974 piendi
1103 1895 1265 1956 beneficia
1281 1911 1341 1956 sua
1356 1895 1496 1970 integre,
1511 1911 1550 1956 ac
1565 1895 1595 1955 si
1608 1897 1721 1956 essent
1736 1895 1770 1954 in

112 1995 256 2067 dalizes,
289 1995 531 2070 fraternitatem
560 1998 650 2058 tuam
684 2011 856 2058 monemus
889 1998 922 2057 et
977 1992 1127 2054 ecclesiis
1154 2008 1173 2053 a
1198 1992 1318 2068 quibus
1345 2005 1384 2053 ea
1402 1992 1552 2053 obtinent
1574 1992 1771 2062 residentes,

116 2093 298 2154 hortamur
310 2094 444 2166 attente,
458 2093 713 2172 perApostolica
726 2093 785 2154 tibi
797 2093 921 2170 scripta
975 2090 1075 2164 prout
1095 2087 1191 2150 nobis
1215 2088 1387 2150 humiliter
1402 2088 1610 2168 supplicasti,
1625 2089 1773 2150 auctori-

112 2190 261 2252 flrmiter
283 2191 505 2268 praecipiendo
531 2191 737 2262 mandantes,
755 2193 920 2268 ullatenus
975 2185 1043 2247 tate
1057 2185 1269 2263 praesentium
1282 2184 1423 2246 liberam
1438 2185 1650 2246 concedimus
1665 2183 1773 2246 facul-

113 2287 222 2349 saluti
253 2289 320 2350 tuae
345 2289 524 2350 consulens
548 2289 581 2350 et
603 2288 735 2360 honori,
753 2287 920 2364 praedicta
976 2283 1088 2354 tatem,
1108 2283 1154 2345 ita
1175 2284 1286 2344 tamen
1302 2283 1387 2361 quod
1403 2299 1465 2344 nec
1482 2283 1569 2344 ultra
1588 2282 1771 2345 triennium

113 2385 221 2445 terras
234 2400 428 2446 succursum
442 2385 631 2446 nullatenus
653 2385 814 2462 impedire
830 2400 920 2460 prae-
974 2377 1053 2438 talis
1065 2377 1301 2438 beneficiorum
1313 2379 1480 2455 perceptio
1491 2379 1697 2454 prorogetur,
1709 2392 1772 2438 nec
1886 2429 1887 2432 ,

114 2497 253 2556 sumas;
270 2482 349 2559 quin
364 2482 475 2558 potius
489 2481 761 2543 succurrentibus
783 2483 921 2557 praestes
976 2474 1017 2535 ud
1036 2473 1233 2536 effrenatam
1248 2473 1494 2535 multitudinem
1503 2489 1651 2550 praeseus
1658 2472 1771 2534 indul-

115 2579 313 2652 consilium,
339 2579 502 2640 auxilium
522 2579 556 2640 et
576 2577 735 2640 favorem.
752 2578 918 2655 Alioquin,
976 2570 1089 2645 gentili
1104 2569 1315 2632 extendatur·

117 2674 270 2752 quiam
299 2675 410 2738 auum
436 2677 573 2738 monum
592 2676 813 2737 autoritatem
831 2676 921 2736 tuam
1015 2667 1134 2727 uatum
1149 2669 1262 2728 noma
1276 2666 1364 2742 apuu
1379 2666 1684 2728 sanctumretrum
1701 2667 1773 2730 ter-

118 2772 311 2834 evidentius
322 2772 497 2846 revelaret,
521 2789 580 2834 nos
603 2788 676 2834 eam
697 2772 921 2834 talitercasti-
974 2763 1023 2824 110
1037 2763 1250 2835 1011111111,
1264 2763 1524 2824 3111101601111110·

117 2869 290 2944 gabimus,
302 2871 388 2947 quod
404 2871 523 2947 quibus
544 2872 595 2931 est
609 2885 697 2930 nunc
716 2870 752 2932 in
779 2870 921 2930 scanda-

117 2967 205 3036 lum,
223 2967 266 3027 sit
278 2967 320 3027 ad
339 2965 556 3028 correctionis
570 2967 758 3043 exemplum
777 2967 810 3026 et
824 2982 920 3042 poena
1302 2929 1452 3018 CCXIX

115 3063 363 3139 poenitudinem
377 3064 590 3125 introducens
607 3064 650 3124 sit
665 3063 740 3123 aliis
756 3063 798 3123 ad
814 3064 921 3125 terro-
974 3065 1027 3124 Ad
1039 3064 1218 3136 1111111111,
1233 3063 1493 3126 1111111111111111
1507 3065 1774 3126 cthrnaruam

116 3175 207 3221 rem.
1015 3162 1057 3222 cle
1091 3163 1210 3224 11111111
1236 3164 1439 3224 canonicum
1474 3163 1586 3223 suuctt
1619 3162 1773 3229 (1111111111

158 3259 280 3319 Datum
314 3255 427 3319 Romae
463 3258 550 3334 apud
577 3258 735 3318 Sanctum
766 3255 918 3324 Petrum,
1015 3260 1218 3320 Noviomert.
1689 3271 1693 3278 ·

116 3357 148 3415 11
165 3353 329 3415 kalendas
351 3355 450 3426 maii,
472 3354 685 3431 pontificatus
709 3353 816 3414 nostri
831 3368 919 3413 anno
1272 3334 1290 3390 b
1310 3333 1377 3392 1111111
1394 3334 1473 3392 1²18·

114 3451 279 3514 secundo,
998 3439 1118 3502 moueat„
1131 3437 1178 3489 lib.
1190 3438 1221 3498 ll,
1235 3438 1311 3503 epist.
1322 3439 1392 3489 1082.
1406 3439 1464 3490 11111.
1474 3439 1510 3492 La
1522 3441 1598 3492 Porto
1610 3439 1645 3492 du
1658 3441 1750 3504 utut]

425 3574 619 3661 CCXVIII
1010 3545 1135 3604 11111111
1150 3543 1343 3604 ecclesiastica
1357 3552 1424 3646 post
1439 3545 1659 3618 appellationem
1676 3547 1732 3604 lata

1239 3641 1283 3691 est
1298 3641 1411 3706 penitus
1427 3635 1514 3692 nulla.

173 3711 472 3776 ecclesianam
486 3717 865 3792 rrmauepuconum.
1015 3741 1183 3802 Honorius
1198 3740 1329 3803 11111111
1344 3741 1423 3802 uns
1439 3741 1576 3812 uesano,
1592 3743 1773 3804 messma-

425 3827 525 3886 5111111
541 3827 620 3886 ¹²¹⁸·
975 3838 1037 3910 rio,
1062 3839 1096 3900 et
1116 3839 1285 3900 Benrardo
1307 3838 1347 3900 de
1364 3839 1476 3901 Insula
1491 3841 1652 3902 canonico
1667 3841 1774 3903 sancti

219 3931 314 3997 [eodm
324 3931 506 3997 diplomaticus
517 3932 638 3990 russia,
650 3933 670 3992 1,
684 3931 723 3992 ¹⁰,
736 3947 764 3983 11·
777 3931 815 3998 1·]
976 3935 1124 4008 Quintini
1139 3936 1334 3999 Noviomen.
1350 3937 1515 3999 dioecesis.

116 4039 257 4098 Notitlcat
268 4055 300 4096 se
310 4039 469 4097 concedere
479 4041 596 4098 liberem
610 4039 774 4098 facultatem
784 4049 815 4098 ut
825 4039 917 4114 perci·
1014 4033 1202 4098 Dilectifflii
1211 4036 1356 4096 decanus
1369 4036 1403 4097 et
1414 4035 1595 4112 capitulum
1607 4038 1772 4097 Peronen.

155 4142 228 4202 pere
248 4126 483 4200 possentfructus
503 4128 720 4202 prebendarum
735 4129 848 4187 clericis
863 4145 919 4187 neo
975 4147 1035 4192 sua
1057 4131 1152 4193 nobis
1167 4132 1411 4207 significatione
1426 4133 1664 4203 monstrarunt,
1685 4133 1772 4209 quod

154 4215 356 4285 residentibus,
373 4218 422 4288 qul
441 4217 470 4274 in
486 4218 632 4276 Pfusuldlll
659 4217 833 4292 pfoedlculldl
855 4233 918 4276 mu·
974 4245 1050 4289 cum
1077 4228 1279 4290 venerabilis
1299 4228 1403 4290 frater
1421 4229 1535 4290 noster
1553 4233 1689 4291 Romen,
1712 4245 1771 4290 ar.

155 4304 276 4362 mmihi
292 4304 447 4364 Vissffiffffi·
975 4325 1205 4404 cbiepiscopus
1221 4325 1488 4403 procurationem
1500 4325 1682 4388 indebitam
1698 4325 1773 4388 exi-

158 4422 329 4484 Honorius
342 4423 516 4500 episcopus
531 4437 648 4485 servus
664 4439 836 4485 servorum
847 4425 917 4499 Dei,
974 4421 1261 4499 geretabeisdem,
1278 4424 1334 4502 qui
1348 4423 1530 4486 sentientes
1538 4439 1582 4485 ex
1591 4425 1655 4485 hoc
1663 4421 1726 4485 sibi
1739 4426 1772 4485 et

117 4519 264 4581 salutem
279 4522 312 4581 et
326 4521 544 4597 apostolicam
566 4521 840 4594 benedictionem,
854 4537 918 4584 ve·
974 4535 1090 4582 eorum
1102 4521 1253 4582 ecclesia
1262 4521 1492 4599 praejudicium
1505 4521 1673 4598 generari,
1686 4537 1772 4583 nos-

118 4615 265 4678 nerabili
280 4615 375 4678 fratri
388 4619 571 4680 christiano
586 4619 742 4695 episcopo
757 4619 918 4681 Prusciae.
974 4618 1058 4679 mam
1082 4618 1288 4682 audientiam
1307 4619 1527 4696 appellarunt,
1553 4619 1769 4692 dominicam,

159 4714 232 4776 atsi
247 4716 430 4776 secundum
437 4717 628 4793 Apostolum
641 4717 813 4794 nequequi
828 4718 921 4794 plan·
975 4731 1039 4792 uua
1058 4717 1214 4778 cantatur
1234 4718 1372 4778 Laetare
1393 4719 1601 4790 Jerusalem,
1618 4718 1771 4794 proximo

117 4815 179 4883 tat,
200 4827 310 4888 neque
327 4813 384 4889 qui
401 4813 489 4889 rigat
504 4815 548 4876 sit
561 4814 697 4892 aliquid,
710 4815 767 4878 sed
786 4815 843 4892 uui
864 4815 921 4877 dat
974 4813 1177 4888 praeteritam
1188 4812 1404 4890 appellationi
1416 4813 1645 4891 prosequendo
1657 4815 1774 4876 termi-

120 4912 281 4973 Dominus
301 4911 553 4984 incrementum,
568 4927 611 4972 ue
631 4912 798 4974 tamenin
819 4911 919 4974 vinea
974 4926 1053 4971 num
1068 4911 1289 4987 praefigentes.
1305 4911 1369 4972 Sed
1393 4910 1481 4972 idem
1501 4911 1772 4988 archiepiscopus

121 5008 256 5070 Domini
273 5007 419 5069 Sabaoth
434 5008 577 5070 cultores
598 5009 698 5084 positi
719 5010 753 5070 et
766 5009 920 5071 custodes
974 5007 1052 5069 fecit
1073 5007 1108 5068 in
1130 5023 1187 5070 eos
1208 5009 1282 5086 post
1302 5008 1558 5084 appellationem
1579 5009 1771 5086 praedictam

119 5106 161 5166 de
181 5105 286 5166 nimia
303 5105 473 5166 valeamus
493 5105 582 5166 circa
597 5105 817 5168 ministerium
839 5123 922 5168 nos·
974 5104 1264 5181 pervenerabilem
1272 5103 1410 5166 fratrem
1419 5106 1771 5168 nostrumNoviomen.

118 5204 209 5264 trum
240 5201 441 5278 negligentia
465 5203 676 5279 reprehendi,
698 5219 778 5279 erga
799 5205 919 5266 novel·
974 5203 1164 5279 episcopum
1177 5203 1402 5264 dioecesanum
1417 5203 1565 5280 ipsorum
1584 5205 1772 5279 suspensio·

123 5299 187 5360 lam
212 5300 452 5377 plantationem
475 5300 516 5360 ad
535 5299 632 5361 tidem
652 5300 774 5362 uhristi
789 5303 920 5364 noviter
974 5301 1025 5361 nis
1061 5301 1261 5362 sententiam
1294 5300 1511 5377 promulgari.
1546 5301 1628 5365 Cum
1662 5303 1772 5363 autem

122 5397 157 5456 in
184 5398 324 5458 Pruseia
346 5413 582 5460 conversorum
601 5399 692 5461 tanto
716 5400 918 5462 exactiorem
973 5397 1060 5458 idem
1073 5396 1342 5475 archiepiscopus
1356 5397 1571 5473 procuratore
1581 5398 1721 5460 dimisso
1737 5401 1774 5462 in

123 5495 281 5556 adhibere
301 5494 508 5571 diligentiam
530 5497 711 5572 cupientes,
731 5499 854 5572 quanto
867 5498 920 5574 ip
973 5497 1085 5556 Terrae
1116 5497 1247 5556 Sanctae
1276 5495 1460 5556 subsidium
1482 5497 1704 5573 personaliter
1727 5499 1773 5560 sit

124 5592 191 5651 sius
224 5593 396 5654 temeritas
430 5595 540 5654 minus
574 5593 685 5670 p‘osset
716 5595 918 5657 contrariam
974 5592 1151 5668 profectus,
1165 5593 1359 5655 discretioni
1375 5597 1494 5656 vestrae
1508 5611 1567 5671 per
1579 5597 1772 5672 apostolica
