4234 6408
288 218 348 278 287

291 379 415 440 nostrae
427 375 689 440 confirmationis
704 377 766 439 etc.
779 375 898 438 Datum
915 374 1082 446 Laterani,

291 495 337 539 un
365 477 492 538 decimo
522 475 684 538 kalendas
707 471 836 547 Martii,
864 474 1075 551 pontificatus

289 575 397 638 nostri
411 590 500 636 anno
514 573 632 650 primo.

583 822 791 910 ccxxxii

289 1033 342 1092 Au
355 1028 561 1092 contuentem
575 1027 779 1090 ritortostcrtt
792 1031 827 1090 S.
842 1029 1088 1092 bortholomaei

559 1129 600 1187 cte
616 1126 812 1202 carpeneto.

579 1301 612 1359 19
630 1299 699 1360 febr.
718 1303 797 1361 ixit.

429 1406 548 1475 [Ughelti
562 1407 637 1460 ltalia
649 1408 734 1460 Sacra.
748 1410 777 1468 T,
790 1409 809 1460 l.
827 1423 852 1473 p.
865 1406 947 1475 lita]

288 1534 420 1606 Mandat,
444 1543 476 1593 ut
500 1550 588 1608 quum
612 1534 773 1593 Gualterius
802 1535 930 1608 ipsorum
949 1534 1038 1595 abbas
1058 1537 1088 1594 in

323 1628 504 1684 pennensem
519 1625 685 1697 episcopum
700 1623 738 1680 sit
751 1631 925 1697 assumptus,
937 1623 992 1683 sihi
1003 1626 1087 1684 telem

325 1713 481 1789 praeficiant
492 1713 520 1770 in
530 1720 685 1787 pastorem,
699 1713 747 1785 qui
760 1719 839 1771 tanto
852 1721 994 1788 congruat
1008 1715 1088 1772 oneri

322 1811 353 1862 et
366 1801 478 1859 honori.

318 1939 497 2012 'Honorius
512 1948 697 2026 episcopus,
708 1963 823 2010 servus
834 1964 1005 2011 servorum
1016 1947 1086 2009 bei.

330 2047 466 2109 Dilectis
481 2046 559 2108 filiis
574 2045 752 2108 conventui
768 2047 964 2108 monasterii
981 2045 1088 2108 sancti

289 2144 524 2206 Bartholomaei
535 2143 576 2206 de
589 2144 775 2221 carpineto,
793 2144 933 2206 salutem
949 2145 1090 2222 ethpos·

290 2241 423 2303 tolicam
436 2241 872 2313 benedictionem-Quum
885 2241 1086 2315 Gualterius,

289 2339 454 2417 quondam
469 2338 571 2400 abbas
586 2340 706 2411 vester,
724 2339 758 2399 in
774 2341 982 2401 Pennensem
997 2339 1090 2416 epis-

289 2453 408 2515 copum
423 2438 466 2498 sit
478 2439 677 2514 assumptae,
693 2453 735 2498 ne
750 2437 990 2499 monasterium
1003 2452 1085 2499 xes-

288 2534 377 2596 trum
402 2534 527 2596 diutius
551 2536 684 2620 maneat
708 2535 855 2598 Pastoris
883 2534 1001 2597 solatio
1016 2535 1087 2596 des·

289 2634 435 2706 titutum,
452 2632 664 2694 universitati
683 2633 803 2695 vestrae
826 2633 1087 2710 perhpostolicu

289 2730 413 2807 scripta
432 2730 643 2802 mandamus,
670 2731 833 2806 quatenus
856 2730 1090 2792 convenienti-

289 2826 351 2888 bus
361 2829 396 2888 in
407 2844 520 2899 unum,
532 2827 675 2904 Spiritus
684 2828 790 2889 sancti
801 2827 909 2904 gratia
920 2828 1086 2901 invocata,

291 2925 390 2986 talem
423 2924 517 2985 iobis
561 2923 752 3001 praeficiatis
790 2941 851 3002 per
894 2924 1089 2986 electionem

291 3021 486 3083 canonicam
502 3019 537 3080 in
556 3021 734 3097 pastorem,
750 3021 807 3097 qui
821 3021 914 3083 tanto
928 3025 1090 3097 congruat

290 3118 426 3180 oneriet
435 3117 565 3178 honori.
576 3117 693 3179 Datum
705 3119 1088 3192 Laterani,Xllialendas

291 3215 414 3288 martii,
428 3215 640 3294 pontificatus
654 3215 759 3278 nostri
774 3232 862 3280 anno
876 3217 994 3295 primo.

576 3475 807 3564 ccxxxiii
933 3433 936 3440 ’

383 3698 435 3758 Ad
448 3698 743 3770 arobtcptscopum
759 3697 794 3759 et
807 3699 996 3773 capitutum

563 3795 813 3856 bracarenses.

577 3936 613 3995 20
628 3935 700 3995 febr.
724 3938 803 3995 lali.

338 4050 439 4118 [blansi
448 4051 581 4104 Sacrorum
592 4051 761 4103 conciliorum
771 4065 839 4102 nove
849 4057 873 4103 et
883 4052 1044 4119 amplissima

487 4131 613 4185 collectio.
628 4137 648 4182 t.
670 4131 749 4192 XXII,
771 4147 796 4198 p.
818 4131 899 4199 loeti

291 4269 416 4339 liitlmat,
432 4282 464 4326 se
480 4267 507 4325 in
517 4267 567 4325 lite
581 4267 654 4326 inter
666 4281 717 4326 eos
732 4275 759 4325 et
773 4267 1020 4344 archiepiscopum
1033 4272 1087 4330 To·

324 4359 451 4416 letanum
460 4356 820 4430 superprimatiavertente
831 4359 988 4418 terminum
997 4375 1089 4434 usque

326 4447 362 4505 ad
379 4453 496 4505 octavas
509 4448 692 4504 Pentecostes
711 4447 840 4519 proxime
859 4446 979 4518 futuras,
1002 4465 1086 4524 prop·

326 4541 369 4593 ter
379 4535 597 4592 instructionem
611 4548 718 4604 causae,
734 4549 784 4606 per
797 4536 983 4594 restitutionis
1002 4538 1089 4596 bene·

327 4623 423 4680 licium
438 4622 481 4678 eis
495 4621 665 4696 indulgisse.

331 4764 688 4843 Honoriusepisoopus,
703 4781 819 4828 servus
837 4783 1009 4831 servorum
1016 4771 1087 4845 Dei,

290 4863 478 4928 venerabili
499 4863 596 4926 fratri
615 4864 878 4943 archiepiscopo,
904 4868 938 4929 et
960 4867 1089 4932 dilectis

290 4963 370 5027 tiliis
384 4961 522 5042 capituli
535 4963 768 5036 Bracarensis,
783 4963 967 5028 salutemet
978 4969 1088 5046 Apos-

290 5061 425 5126 tolioam
437 5059 715 5123 benedictionem.

331 5162 450 5222 Coram
467 5158 576 5221 felicis
591 5158 760 5222 memoriae
780 5161 892 5223 Innoc.
907 5177 993 5240 papa
1008 5178 1090 5240 prae·

906 213 1081 277 HONORII
1102 213 1147 275 iii
1169 215 1318 276 OPERA.

1880 217 1941 281 288

1140 375 1247 437 torius
1268 373 1429 438 terminus
1440 373 1647 451 assignatus,
1662 387 1727 454 quo
1741 391 1820 438 enm
1835 375 1943 444 ratio-

1140 473 1237 535 nibus
1252 475 1285 536 et
1299 473 1548 536 defensionibus
1563 473 1685 536 vestris
1705 476 1941 554 procuratores

1141 571 1277 634 idoneos
1299 572 1341 633 ad
1364 572 1481 634 Sedem
1509 572 1735 649 Apostolioam
1751 573 1940 638 mitteretis.

1140 671 1209 732 Nos
1233 671 1344 732 autem
1366 669 1527 732 habentes
1549 671 1622 732 rata
1652 671 1824 748 praedicta,
1846 672 1940 736 vobis

1141 768 1818 846 denunciavimus,nedennoexpectaretis
1829 771 1940 845 citari,

1142 865 1220 944 quia
1243 865 1309 928 nisi
1329 866 1566 944 compareretis
1585 866 1729 929 termino
1751 867 1937 946 assignato,

1140 964 1188 1036 tu,
1198 963 1302 1026 frater
1310 965 1639 1042 archiepiscope,per
1647 964 1689 1037 te,
1703 965 1756 1027 vel
1772 983 1834 1043 per
1848 967 1942 1029 suffl-

1142 1063 1284 1124 cientem
1303 1063 1563 1140 procuratorem,
1588 1077 1713 1141 rosque
1732 1065 1795 1126 filii
1808 1066 1939 1142 capitu-

1142 1160 1210 1220 lum
1226 1175 1286 1237 per
1300 1159 1437 1222 idoneos
1452 1159 1675 1238 responsales,
1692 1177 1753 1224 nos
1766 1161 1939 1226 nihilomi-

1143 1273 1205 1318 nus
1220 1257 1475 1335 procederemus
1487 1257 1523 1319 in
1537 1258 1610 1334 ipso
1623 1259 1769 1335 negotio,
1784 1261 1942 1336 qtiantum

1138 1353 1270 1432 justitia
1293 1355 1487 1433 postularet.
1512 1358 1636 1418 Verum
1665 1357 1780 1434 elapso
1798 1358 1941 1420 termino

1143 1453 1332 1527 constituto,
1358 1454 1432 1532 post
1454 1453 1719 1530 expectationem
1744 1471 1811 1517 non
1833 1457 1941 1518 modi-

1143 1567 1226 1623 cam,
1254 1552 1512 1629 comparuerunt
1540 1552 1654 1615 dilecti
1692 1552 1755 1615 filii
1782 1553 1942 1630 magister

1143 1648 1333 1710 scholarum
1356 1649 1389 1711 et
1407 1649 1567 1726 magister
1591 1650 1783 1712 Dominicus
1802 1650 1942 1713 canoni-

1143 1764 1202 1809 cus
1216 1747 1444 1817 Bracarensis,
1458 1748 1587 1809 vestras
1600 1747 1695 1810 nobis
1711 1749 1838 1811 litteras
1851 1765 1940 1826 prae-

1143 1845 1330 1918 sectantes,
1360 1845 1480 1922 quibus
1514 1861 1571 1907 eos
1606 1861 1680 1907 esse
1708 1847 1940 1924 procuratores

1142 1933 1271 2006 vestros
1283 1944 1319 2004 in
1331 1958 1433 2005 causa
1452 1942 1623 2021 praedicta,
1640 1943 1686 2005 ita
1701 1943 1786 2021 quod
1800 1943 1940 2022 uterque

1142 2042 1178 2102 in
1201 2041 1342 2103 solidum
1361 2041 1554 2119 apparebat.
1582 2041 1645 2103 Sed
1671 2041 1760 2119 quia,
1785 2043 1822 2104 ut
1844 2041 1940 2103 dice-

1143 2138 1233 2212 bant,
1249 2155 1316 2201 non
1331 2139 1512 2202 attulerant
1534 2139 1774 2218 depositionem
1793 2140 1938 2213 testium,

1144 2237 1253 2300 etalia
1268 2238 1489 2310 munimenta,
1509 2237 1701 2299 dilationem
1722 2254 1796 2298 cuni
1811 2239 1942 2300 instan-

1142 2337 1190 2398 tia
1210 2336 1430 2413 postularunt.
1453 2336 1631 2413 Postquam
1650 2351 1731 2397 vero
1753 2337 1868 2398 contra
1885 2351 1941 2414 eos

1143 2433 1333 2498 interlocuti
1357 2433 1480 2495 fuimus
1516 2449 1615 2511 snper
1640 2433 1801 2496 dilatione
1826 2434 1938 2512 petita,

1142 2533 1275 2595 tandem
1298 2531 1465 2608 indulgeri
1487 2531 1637 2593 ecclesiae
1658 2531 1856 2594 Bracarensi
1883 2531 1938 2592 di-

1143 2629 1301 2692 lationem
1344 2627 1478 2707 propter
1517 2629 1769 2692 instructionem
1810 2645 1937 2702 oausae,

1144 2744 1203 2807 per
1215 2727 1378 2789 auxilium
1392 2727 1613 2789 restitutionis
1628 2726 1663 2787 in
1676 2727 1844 2803 integrum
1859 2743 1939 2804 pos-

1143 2825 1317 2890 tularunt:
1342 2825 1538 2888 exhibentes
1564 2839 1665 2904 super
1692 2825 1756 2888 hoo
1782 2826 1940 2902 exparte

1143 2926 1253 2987 vestra
1277 2923 1422 3002 speciale
1445 2923 1648 2986 mandatum.
1671 2924 1741 2986 Nos
1766 2924 1877 2985 antem
1901 2922 1940 2984 de

1143 3021 1282 3084 fratrum
1296 3021 1485 3083 nostrorum
1498 3021 1649 3094 consilio,
1666 3036 1770 3099 usque
1785 3021 1826 3082 ad
1843 3022 1937 3084 octa-

1142 3136 1202 3195 vas
1219 3121 1430 3182 pentecostes
1449 3119 1600 3198 proxime
1614 3119 1754 3193 futuras,
1769 3135 1829 3198 per
1839 3118 1941 3181 resti·

1143 3218 1280 3280 tutionis
1299 3218 1507 3290 beneficium,
1527 3217 1620 3280 adid
1644 3216 1739 3279 robis
1762 3218 1942 3281 terminum

1144 3316 1298 3378 duximus
1324 3315 1593 3393 indulgendum:
1625 3330 1684 3393 per
1715 3315 1942 3393 Apostolioam

1142 3415 1237 3477 vobis
1257 3414 1455 3490 sententiam
1485 3413 1708 3492 praecipiendo
1732 3413 1940 3487 mandantes,

1144 3514 1307 3591 quatenus
1331 3513 1380 3574 sic
1396 3512 1551 3574 instructi
1571 3510 1789 3588 compareatis
1811 3510 1847 3572 in
1865 3512 1942 3573 ter·
1966 3513 1972 3528 '

1144 3611 1245 3684 mino,
1261 3609 1346 3688 quod
1362 3625 1463 3671 causa
1478 3625 1574 3670 suum
1588 3609 1700 3672 sortiri
1715 3609 1819 3687 possit
1839 3608 1943 3671 effee-

1142 3710 1246 3771 tum:
1278 3706 1356 3786 quia
1400 3723 1512 3785 quum,
1553 3707 1642 3769 ultra
1683 3707 1943 3786 peremptorium

1143 3807 1360 3882 assignatum,
1377 3805 1436 3868 diu
1450 3805 1493 3867 sit
1514 3805 1548 3866 in
1573 3805 1679 3882 ipsius
1704 3804 1855 3866 Toletani
1867 3804 1942 3865 dis-

1021 3945 1026 3952 -
1144 3904 1311 3983 pendium,
1329 3903 1477 3980 ejusdem
1490 3917 1601 3965 causae
1622 3902 1748 3964 decisio
1768 3903 1941 3980 protelata,

1144 4003 1222 4064 tunc
1236 4001 1382 4080 profecto
1408 4001 1442 4063 in
1464 4017 1504 4062 ea
1518 4000 1678 4078 quantum
1698 4000 1878 4078 postulabit
1891 4017 1945 4062 ra-

1144 4099 1190 4161 tio
1207 4097 1434 4177 procedemus.
1451 4098 1570 4160 Datum
1581 4097 1749 4168 Laterani,
1765 4099 1796 4160 X
1810 4095 1940 4160 lialend.

1144 4195 1267 4266 martii,
1283 4195 1495 4274 pontificatus
1514 4195 1620 4259 nostri
1634 4209 1723 4258 anno
1738 4197 1763 4256 i.

1429 4399 1652 4511 ccxxxix

1224 4570 1276 4630 Act
1300 4571 1539 4632 Wtodtstuoum
1559 4571 1682 4632 ducem
1696 4572 1738 4632 de
1753 4569 1857 4631 Ketis.

1425 4735 1460 4794 11
1479 4734 1549 4794 febr.
1581 4737 1636 4794 iti

1208 4875 1337 4941 [Thalnam
1348 4877 1513 4928 documenta
1528 4877 1652 4930 folonia.
1664 4884 1684 4929 t.
1696 4879 1716 4939 l,
1732 4892 1758 4943 p.
1768 4876 1793 4940 3,
1807 4888 1835 4930 n·
1845 4875 1882 4941 a]

1209 5039 1355 5107 Hortatur,
1368 5046 1399 5097 ut
1413 5036 1478 5097 duel
1489 5039 1598 5098 Sileslee
1611 5045 1738 5098 eastmm
1757 5037 1793 5097 de
1804 5038 1881 5097 lialis

1472 5129 1614 5186 restituat.

291 5259 464 5322 decessore
479 5258 592 5320 nostro
605 5256 663 5320 lite
675 5257 763 5320 inter
773 5257 998 5322 venerabilem
1013 5261 1087 5323 fra·
1182 5255 1349 5317 Honorius
1359 5255 1643 5334 episcopus,etc...
1653 5253 1774 5318 dilecto
1789 5254 1858 5315 illio
1873 5269 1940 5315 no-

289 5359 374 5420 trem
398 5357 546 5418 nostrum
568 5355 856 5432 archiepiscopum
879 5356 1086 5430 Toletannm,
1142 5351 1203 5414 bili
1222 5353 1296 5416 viro
1314 5352 1521 5416 Wlodislavo
1547 5353 1623 5414 duci
1652 5351 1693 5414 de
1720 5351 1831 5425 italic,
1854 5351 1948 5413 salu-

290 5458 324 5518 et
336 5457 380 5526 te,
399 5454 503 5516 frater
520 5453 781 5530 archiepiscope,
808 5469 909 5530 super
930 5455 1087 5531 primatia
1142 5451 1209 5512 tem
1224 5453 1299 5512 etc..
1316 5451 1474 5529 Exposita
1494 5450 1590 5512 nobis
1613 5449 1726 5512 dilecti
1741 5449 1802 5510 filii
1818 5449 1942 5511 nobilis

291 5551 484 5614 solemniter
504 5551 711 5614 contestata:
736 5550 831 5612 vobis
852 5550 914 5613 fuit
928 5568 1086 5634 peremp-
1142 5549 1206 5612 viri
1226 5551 1266 5612 H.
1293 5549 1369 5612 duci
1395 5549 1524 5613 Silesiae
1551 5549 1745 5627 conquestio
1775 5547 1942 5626 patefecit,
