<?xml version="1.0" encoding="UTF-8"?>
<!DOCTYPE html PUBLIC "-//W3C//DTD XHTML 1.0 Transitional//EN"
    "http://www.w3.org/TR/xhtml1/DTD/xhtml1-transitional.dtd">
<html xmlns="http://www.w3.org/1999/xhtml" xml:lang="en" lang="en">
 <head>
  <title>
</title>
<meta http-equiv="Content-Type" content="text/html;charset=utf-8" />
  <meta name='ocr-system' content='tesseract 3.04.00' />
  <meta name='ocr-capabilities' content='ocr_page ocr_carea ocr_par ocr_line ocrx_word'/>
</head>
<body>
  <div class='ocr_page' id='page_1' title='image "./mediiaevibiblio02unkngoog_0429.png"; bbox 0 0 4234 6442; ppageno 0'>
   <div class='ocr_carea' id='block_1_1' title="bbox 334 173 397 234">
    <p class='ocr_par' dir='ltr' id='par_1_1' title="bbox 334 173 397 234">
     <span class='ocr_line' id='line_1_1' title="bbox 334 173 397 234; baseline -0.032 0"><span class='ocrx_word' id='word_1_1' title='bbox 334 173 397 234; x_wconf 83' lang='lat'>375</span> 
     </span>
    </p>
   </div>
   <div class='ocr_carea' id='block_1_2' title="bbox 331 330 1132 2072">
    <p class='ocr_par' dir='ltr' id='par_1_2' title="bbox 331 330 1132 2072">
     <span class='ocr_line' id='line_1_2' title="bbox 332 330 1129 410; baseline 0.009 -18"><span class='ocrx_word' id='word_1_2' title='bbox 332 330 508 410; x_wconf 88' lang='lat' dir='ltr'>probatum</span> <span class='ocrx_word' id='word_1_3' title='bbox 536 331 634 409; x_wconf 83' lang='lat' dir='ltr'>juxta</span> <span class='ocrx_word' id='word_1_4' title='bbox 664 332 916 395; x_wconf 82' lang='lat' dir='ltr'><strong>constitutiones</strong></span> <span class='ocrx_word' id='word_1_5' title='bbox 951 337 1129 399; x_wconf 89' lang='lat' dir='ltr'>canonicas</span> 
     </span>
     <span class='ocr_line' id='line_1_3' title="bbox 331 429 1131 508; baseline 0.009 -19"><span class='ocrx_word' id='word_1_6' title='bbox 331 445 464 507; x_wconf 90' lang='lat' dir='ltr'>poenam</span> <span class='ocrx_word' id='word_1_7' title='bbox 492 429 709 506; x_wconf 78' lang='lat' dir='ltr'>depositionis</span> <span class='ocrx_word' id='word_1_8' title='bbox 732 430 883 503; x_wconf 89' lang='lat' dir='ltr'>inducat,</span> <span class='ocrx_word' id='word_1_9' title='bbox 918 433 1025 508; x_wconf 90' lang='lat' dir='ltr'>possis</span> <span class='ocrx_word' id='word_1_10' title='bbox 1055 451 1131 496; x_wconf 92' lang='lat' dir='ltr'>con·</span> 
     </span>
     <span class='ocr_line' id='line_1_4' title="bbox 332 527 1129 609; baseline 0.008 -22"><span class='ocrx_word' id='word_1_11' title='bbox 332 527 386 589; x_wconf 89' lang='lat' dir='ltr'>tra</span> <span class='ocrx_word' id='word_1_12' title='bbox 398 528 516 604; x_wconf 90' lang='lat' dir='ltr'>ipsum,</span> <span class='ocrx_word' id='word_1_13' title='bbox 531 527 669 603; x_wconf 91' lang='lat' dir='ltr'>probato</span> <span class='ocrx_word' id='word_1_14' title='bbox 689 529 828 590; x_wconf 90' lang='lat' dir='ltr'>crimine</span> <span class='ocrx_word' id='word_1_15' title='bbox 843 530 1024 591; x_wconf 90' lang='lat' dir='ltr'>secundum</span> <span class='ocrx_word' id='word_1_16' title='bbox 1042 533 1129 609; x_wconf 91' lang='lat' dir='ltr'>juris</span> 
     </span>
     <span class='ocr_line' id='line_1_5' title="bbox 336 625 1131 706; baseline 0.006 -22"><span class='ocrx_word' id='word_1_17' title='bbox 336 625 496 696; x_wconf 84' lang='lat' dir='ltr'>ordinem,</span> <span class='ocrx_word' id='word_1_18' title='bbox 512 625 728 702; x_wconf 81' lang='lat' dir='ltr'>depositionis</span> <span class='ocrx_word' id='word_1_19' title='bbox 755 629 961 700; x_wconf 73' lang='lat' dir='ltr'>sententiam,</span> <span class='ocrx_word' id='word_1_20' title='bbox 983 630 1131 706; x_wconf 92' lang='lat' dir='ltr'>promul-</span> 
     </span>
     <span class='ocr_line' id='line_1_6' title="bbox 331 723 1131 801; baseline 0.008 -18"><span class='ocrx_word' id='word_1_21' title='bbox 331 738 424 798; x_wconf 83' lang='lat' dir='ltr'>gare.</span> <span class='ocrx_word' id='word_1_22' title='bbox 442 723 555 784; x_wconf 80' lang='lat' dir='ltr'>Liceat</span> <span class='ocrx_word' id='word_1_23' title='bbox 578 739 708 801; x_wconf 92' lang='lat' dir='ltr'>quoque</span> <span class='ocrx_word' id='word_1_24' title='bbox 729 725 789 787; x_wconf 88' lang='lat' dir='ltr'>tibi</span> <span class='ocrx_word' id='word_1_25' title='bbox 804 727 963 788; x_wconf 88' lang='lat' dir='ltr'>ecclesias</span> <span class='ocrx_word' id='word_1_26' title='bbox 983 726 1131 790; x_wconf 89' lang='lat' dir='ltr'>dividere</span> 
     </span>
     <span class='ocr_line' id='line_1_7' title="bbox 334 820 1128 902; baseline 0.009 -23"><span class='ocrx_word' id='word_1_27' title='bbox 334 836 374 880; x_wconf 87' lang='lat' dir='ltr'>ac</span> <span class='ocrx_word' id='word_1_28' title='bbox 392 820 499 894; x_wconf 91' lang='lat' dir='ltr'>unire,</span> <span class='ocrx_word' id='word_1_29' title='bbox 521 821 689 883; x_wconf 81' lang='lat' dir='ltr'>cessiones</span> <span class='ocrx_word' id='word_1_30' title='bbox 708 824 937 902; x_wconf 89' lang='lat' dir='ltr'>episcoporum</span> <span class='ocrx_word' id='word_1_31' title='bbox 960 825 1128 902; x_wconf 86' lang='lat' dir='ltr'>recipere;</span> 
     </span>
     <span class='ocr_line' id='line_1_8' title="bbox 333 919 1128 1002; baseline 0.008 -24"><span class='ocrx_word' id='word_1_32' title='bbox 333 933 462 980; x_wconf 83' lang='lat' dir='ltr'>necnon</span> <span class='ocrx_word' id='word_1_33' title='bbox 476 919 504 978; x_wconf 90' lang='lat' dir='ltr'>si</span> <span class='ocrx_word' id='word_1_34' title='bbox 520 919 665 996; x_wconf 85' lang='lat' dir='ltr'>aliquem</span> <span class='ocrx_word' id='word_1_35' title='bbox 680 920 826 996; x_wconf 91' lang='lat' dir='ltr'>ipsorum</span> <span class='ocrx_word' id='word_1_36' title='bbox 843 924 883 984; x_wconf 88' lang='lat' dir='ltr'>ad</span> <span class='ocrx_word' id='word_1_37' title='bbox 901 923 1128 1002; x_wconf 88' lang='lat' dir='ltr'>episcopatum</span> 
     </span>
     <span class='ocr_line' id='line_1_9' title="bbox 334 1017 1132 1099; baseline 0.009 -23"><span class='ocrx_word' id='word_1_38' title='bbox 334 1017 438 1077; x_wconf 91' lang='lat' dir='ltr'>alium</span> <span class='ocrx_word' id='word_1_39' title='bbox 456 1017 632 1094; x_wconf 85' lang='lat' dir='ltr'>contigerit</span> <span class='ocrx_word' id='word_1_40' title='bbox 647 1021 819 1096; x_wconf 91' lang='lat' dir='ltr'>postulari,</span> <span class='ocrx_word' id='word_1_41' title='bbox 838 1023 1058 1099; x_wconf 74' lang='lat' dir='ltr'>postulatione</span> <span class='ocrx_word' id='word_1_42' title='bbox 1075 1039 1132 1083; x_wconf 91' lang='lat' dir='ltr'>re-</span> 
     </span>
     <span class='ocr_line' id='line_1_10' title="bbox 334 1115 1128 1192; baseline 0.008 -18"><span class='ocrx_word' id='word_1_43' title='bbox 334 1115 429 1190; x_wconf 89' lang='lat' dir='ltr'>cepta</span> <span class='ocrx_word' id='word_1_44' title='bbox 442 1115 545 1175; x_wconf 90' lang='lat' dir='ltr'>libere</span> <span class='ocrx_word' id='word_1_45' title='bbox 556 1116 666 1192; x_wconf 90' lang='lat' dir='ltr'>ipsum</span> <span class='ocrx_word' id='word_1_46' title='bbox 678 1118 872 1192; x_wconf 88' lang='lat' dir='ltr'>transieras,</span> <span class='ocrx_word' id='word_1_47' title='bbox 890 1121 920 1180; x_wconf 92' lang='lat' dir='ltr'>si</span> <span class='ocrx_word' id='word_1_48' title='bbox 931 1121 1128 1192; x_wconf 82' lang='lat' dir='ltr'>necessitas,</span> 
     </span>
     <span class='ocr_line' id='line_1_11' title="bbox 334 1212 1131 1293; baseline 0.008 -20"><span class='ocrx_word' id='word_1_49' title='bbox 334 1212 366 1273; x_wconf 91' lang='lat' dir='ltr'>et</span> <span class='ocrx_word' id='word_1_50' title='bbox 395 1212 521 1274; x_wconf 88' lang='lat' dir='ltr'>utilitas</span> <span class='ocrx_word' id='word_1_51' title='bbox 545 1214 608 1275; x_wconf 91' lang='lat' dir='ltr'>boc</span> <span class='ocrx_word' id='word_1_52' title='bbox 637 1217 803 1293; x_wconf 80' lang='lat' dir='ltr'>exposcit3</span> <span class='ocrx_word' id='word_1_53' title='bbox 827 1218 1131 1280; x_wconf 79' lang='lat' dir='ltr'>excommunicatos</span> 
     </span>
     <span class='ocr_line' id='line_1_12' title="bbox 333 1309 1131 1393; baseline 0.011 -25"><span class='ocrx_word' id='word_1_54' title='bbox 333 1309 563 1380; x_wconf 88' lang='lat' dir='ltr'>nihilominus,</span> <span class='ocrx_word' id='word_1_55' title='bbox 573 1313 605 1373; x_wconf 88' lang='lat' dir='ltr'>et</span> <span class='ocrx_word' id='word_1_56' title='bbox 616 1313 812 1376; x_wconf 88' lang='lat' dir='ltr'>auctoritate</span> <span class='ocrx_word' id='word_1_57' title='bbox 826 1315 1131 1393; x_wconf 71' lang='lat' dir='ltr'>sedisapostolicae</span> 
     </span>
     <span class='ocr_line' id='line_1_13' title="bbox 332 1407 1131 1482; baseline 0.009 -15"><span class='ocrx_word' id='word_1_58' title='bbox 332 1407 528 1470; x_wconf 89' lang='lat' dir='ltr'>interdictos</span> <span class='ocrx_word' id='word_1_59' title='bbox 564 1408 732 1482; x_wconf 80' lang='lat' dir='ltr'>absolvaS,</span> <span class='ocrx_word' id='word_1_60' title='bbox 765 1411 872 1474; x_wconf 86' lang='lat' dir='ltr'>forma</span> <span class='ocrx_word' id='word_1_61' title='bbox 901 1412 1131 1476; x_wconf 87' lang='lat' dir='ltr'>ecclesiastica</span> 
     </span>
     <span class='ocr_line' id='line_1_14' title="bbox 334 1503 1132 1588; baseline 0.006 -21"><span class='ocrx_word' id='word_1_62' title='bbox 334 1503 521 1577; x_wconf 89' lang='lat' dir='ltr'>observata,</span> <span class='ocrx_word' id='word_1_63' title='bbox 534 1506 571 1568; x_wconf 85' lang='lat' dir='ltr'>et</span> <span class='ocrx_word' id='word_1_64' title='bbox 585 1507 628 1568; x_wconf 91' lang='lat' dir='ltr'>iis</span> <span class='ocrx_word' id='word_1_65' title='bbox 648 1507 802 1585; x_wconf 80' lang='lat' dir='ltr'>injungas</span> <span class='ocrx_word' id='word_1_66' title='bbox 815 1510 901 1587; x_wconf 92' lang='lat' dir='ltr'>quod</span> <span class='ocrx_word' id='word_1_67' title='bbox 918 1511 957 1572; x_wconf 92' lang='lat' dir='ltr'>de</span> <span class='ocrx_word' id='word_1_68' title='bbox 966 1513 1043 1588; x_wconf 91' lang='lat' dir='ltr'>jure</span> <span class='ocrx_word' id='word_1_69' title='bbox 1058 1511 1132 1572; x_wconf 84' lang='lat' dir='ltr'>tue-</span> 
     </span>
     <span class='ocr_line' id='line_1_15' title="bbox 333 1602 1132 1686; baseline 0.01 -24"><span class='ocrx_word' id='word_1_70' title='bbox 333 1602 379 1664; x_wconf 90' lang='lat' dir='ltr'>rit</span> <span class='ocrx_word' id='word_1_71' title='bbox 389 1603 640 1680; x_wconf 80' lang='lat' dir='ltr'>injungendum.</span> <span class='ocrx_word' id='word_1_72' title='bbox 657 1607 826 1668; x_wconf 86' lang='lat' dir='ltr'>Tutamen</span> <span class='ocrx_word' id='word_1_73' title='bbox 842 1607 928 1670; x_wconf 93' lang='lat' dir='ltr'>sicut</span> <span class='ocrx_word' id='word_1_74' title='bbox 941 1609 995 1670; x_wconf 81' lang='lat' dir='ltr'>vir</span> <span class='ocrx_word' id='word_1_75' title='bbox 1015 1609 1132 1686; x_wconf 80' lang='lat' dir='ltr'>provi-</span> 
     </span>
     <span class='ocr_line' id='line_1_16' title="bbox 332 1700 1132 1783; baseline 0.008 -23"><span class='ocrx_word' id='word_1_76' title='bbox 332 1700 406 1771; x_wconf 91' lang='lat' dir='ltr'>dus,</span> <span class='ocrx_word' id='word_1_77' title='bbox 421 1703 454 1762; x_wconf 90' lang='lat' dir='ltr'>et</span> <span class='ocrx_word' id='word_1_78' title='bbox 468 1701 643 1776; x_wconf 91' lang='lat' dir='ltr'>discretus,</span> <span class='ocrx_word' id='word_1_79' title='bbox 660 1703 695 1767; x_wconf 92' lang='lat' dir='ltr'>in</span> <span class='ocrx_word' id='word_1_80' title='bbox 712 1704 764 1765; x_wconf 89' lang='lat' dir='ltr'>his</span> <span class='ocrx_word' id='word_1_81' title='bbox 779 1705 898 1767; x_wconf 92' lang='lat' dir='ltr'>honori</span> <span class='ocrx_word' id='word_1_82' title='bbox 915 1705 1009 1766; x_wconf 88' lang='lat' dir='ltr'>Sedis</span> <span class='ocrx_word' id='word_1_83' title='bbox 1024 1709 1132 1783; x_wconf 83' lang='lat' dir='ltr'>Apos-</span> 
     </span>
     <span class='ocr_line' id='line_1_17' title="bbox 332 1797 1132 1880; baseline 0.008 -21"><span class='ocrx_word' id='word_1_84' title='bbox 332 1797 442 1860; x_wconf 88' lang='lat' dir='ltr'>tolicee</span> <span class='ocrx_word' id='word_1_85' title='bbox 464 1797 605 1872; x_wconf 86' lang='lat' dir='ltr'>deleres,</span> <span class='ocrx_word' id='word_1_86' title='bbox 632 1818 706 1862; x_wconf 92' lang='lat' dir='ltr'>cum</span> <span class='ocrx_word' id='word_1_87' title='bbox 730 1802 855 1865; x_wconf 84' lang='lat' dir='ltr'>videris</span> <span class='ocrx_word' id='word_1_88' title='bbox 874 1803 1042 1880; x_wconf 83' lang='lat' dir='ltr'>expedire.</span> <span class='ocrx_word' id='word_1_89' title='bbox 1063 1806 1132 1865; x_wconf 88' lang='lat' dir='ltr'>Da-</span> 
     </span>
     <span class='ocr_line' id='line_1_18' title="bbox 331 1895 1131 1978; baseline 0.005 -22"><span class='ocrx_word' id='word_1_90' title='bbox 331 1895 402 1956; x_wconf 92' lang='lat' dir='ltr'>tum</span> <span class='ocrx_word' id='word_1_91' title='bbox 425 1897 593 1969; x_wconf 81' lang='lat' dir='ltr'>Laterani,</span> <span class='ocrx_word' id='word_1_92' title='bbox 613 1901 689 1960; x_wconf 86' lang='lat' dir='ltr'>VIll</span> <span class='ocrx_word' id='word_1_93' title='bbox 710 1899 778 1961; x_wconf 87' lang='lat' dir='ltr'>kal.</span> <span class='ocrx_word' id='word_1_94' title='bbox 799 1901 891 1974; x_wconf 90' lang='lat' dir='ltr'>maii,</span> <span class='ocrx_word' id='word_1_95' title='bbox 917 1900 1131 1978; x_wconf 83' lang='lat' dir='ltr'>pontificatus</span> 
     </span>
     <span class='ocr_line' id='line_1_19' title="bbox 333 1993 674 2072; baseline 0.012 -20"><span class='ocrx_word' id='word_1_96' title='bbox 333 1993 439 2055; x_wconf 90' lang='lat' dir='ltr'>nostri</span> <span class='ocrx_word' id='word_1_97' title='bbox 454 2009 541 2055; x_wconf 92' lang='lat' dir='ltr'>anno</span> <span class='ocrx_word' id='word_1_98' title='bbox 557 1995 674 2072; x_wconf 87' lang='lat' dir='ltr'>primo.</span> 
     </span>
    </p>
   </div>
   <div class='ocr_carea' id='block_1_3' title="bbox 635 2292 823 2380">
    <p class='ocr_par' dir='ltr' id='par_1_3' title="bbox 635 2292 823 2380">
     <span class='ocr_line' id='line_1_20' title="bbox 635 2292 823 2380; baseline 0.011 -2"><span class='ocrx_word' id='word_1_99' title='bbox 635 2292 823 2380; x_wconf 77' lang='lat' dir='ltr'>totvm</span> 
     </span>
    </p>
   </div>
   <div class='ocr_carea' id='block_1_4' title="bbox 331 2495 1130 2670">
    <p class='ocr_par' dir='ltr' id='par_1_4' title="bbox 331 2495 1130 2670">
     <span class='ocr_line' id='line_1_21' title="bbox 331 2495 1130 2572; baseline 0 -16"><span class='ocrx_word' id='word_1_100' title='bbox 331 2497 384 2556; x_wconf 81' lang='lat' dir='ltr'>Ad</span> <span class='ocrx_word' id='word_1_101' title='bbox 410 2495 572 2558; x_wconf 79' lang='lat' dir='ltr'>Othonem</span> <span class='ocrx_word' id='word_1_102' title='bbox 597 2498 811 2559; x_wconf 81' lang='lat' dir='ltr'>Janncnsem</span> <span class='ocrx_word' id='word_1_103' title='bbox 836 2499 1130 2572; x_wconf 76' lang='lat' dir='ltr'>archiepiscopum</span> 
     </span>
     <span class='ocr_line' id='line_1_22' title="bbox 537 2597 923 2670; baseline 0.003 -15"><span class='ocrx_word' id='word_1_104' title='bbox 537 2597 678 2670; x_wconf 80' lang='lat' dir='ltr'>ejusque</span> <span class='ocrx_word' id='word_1_105' title='bbox 698 2610 923 2658; x_wconf 78' lang='lat' dir='ltr'>successores.</span> 
     </span>
    </p>
   </div>
   <div class='ocr_carea' id='block_1_5' title="bbox 627 2752 832 2824">
    <p class='ocr_par' dir='ltr' id='par_1_5' title="bbox 627 2752 832 2824">
     <span class='ocr_line' id='line_1_23' title="bbox 627 2752 832 2824; baseline -0.005 -16"><span class='ocrx_word' id='word_1_106' title='bbox 627 2752 662 2808; x_wconf 67' lang='lat' dir='ltr'>bb</span> <span class='ocrx_word' id='word_1_107' title='bbox 675 2765 735 2824; x_wconf 87' lang='lat' dir='ltr'>apr.</span> <span class='ocrx_word' id='word_1_108' title='bbox 752 2753 832 2809; x_wconf 77' lang='lat'>1217.</span> 
     </span>
    </p>
   </div>
   <div class='ocr_carea' id='block_1_6' title="bbox 332 2907 1130 3054">
    <p class='ocr_par' dir='ltr' id='par_1_6' title="bbox 332 2907 1130 3054">
     <span class='ocr_line' id='line_1_24' title="bbox 332 2907 1130 2974; baseline -0.001 -15"><span class='ocrx_word' id='word_1_109' title='bbox 332 2907 488 2972; x_wconf 74' lang='lat' dir='ltr'>[Bullatium</span> <span class='ocrx_word' id='word_1_110' title='bbox 514 2909 673 2968; x_wconf 85' lang='lat' dir='ltr'>Romanum,</span> <span class='ocrx_word' id='word_1_111' title='bbox 695 2914 714 2958; x_wconf 90' lang='lat' dir='ltr'>t.</span> <span class='ocrx_word' id='word_1_112' title='bbox 736 2910 781 2968; x_wconf 92' lang='lat' dir='ltr'>lll,</span> <span class='ocrx_word' id='word_1_113' title='bbox 804 2925 830 2974; x_wconf 87' lang='lat' dir='ltr'>p.</span> <span class='ocrx_word' id='word_1_114' title='bbox 853 2908 911 2970; x_wconf 80' lang='lat' dir='ltr'>tte,</span> <span class='ocrx_word' id='word_1_115' title='bbox 931 2925 956 2959; x_wconf 92' lang='lat' dir='ltr'>n.</span> <span class='ocrx_word' id='word_1_116' title='bbox 979 2910 1003 2968; x_wconf 78' lang='grc'>9,</span> <span class='ocrx_word' id='word_1_117' title='bbox 1022 2909 1130 2974; x_wconf 81' lang='lat' dir='ltr'>Ughelli,</span> 
     </span>
     <span class='ocr_line' id='line_1_25' title="bbox 588 2989 882 3054; baseline -0.007 -14"><span class='ocrx_word' id='word_1_118' title='bbox 588 2989 663 3041; x_wconf 85' lang='lat' dir='ltr'>ltalia</span> <span class='ocrx_word' id='word_1_119' title='bbox 673 2989 747 3040; x_wconf 85' lang='lat' dir='ltr'>Sarra</span> <span class='ocrx_word' id='word_1_120' title='bbox 759 2991 802 3049; x_wconf 83' lang='lat' dir='ltr'>tv,</span> <span class='ocrx_word' id='word_1_121' title='bbox 815 2989 882 3054; x_wconf 65' lang='lat'>883]</span> 
     </span>
    </p>
   </div>
   <div class='ocr_carea' id='block_1_7' title="bbox 332 3147 1130 3223">
    <p class='ocr_par' dir='ltr' id='par_1_7' title="bbox 332 3147 1130 3223">
     <span class='ocr_line' id='line_1_26' title="bbox 332 3147 1130 3223; baseline -0.001 -16"><span class='ocrx_word' id='word_1_122' title='bbox 332 3147 515 3207; x_wconf 78' lang='lat' dir='ltr'>Confirmatio</span> <span class='ocrx_word' id='word_1_123' title='bbox 553 3149 767 3223; x_wconf 84' lang='lat' dir='ltr'>privilegiorum</span> <span class='ocrx_word' id='word_1_124' title='bbox 806 3150 935 3208; x_wconf 80' lang='lat' dir='ltr'>ecclesiae</span> <span class='ocrx_word' id='word_1_125' title='bbox 967 3151 1130 3218; x_wconf 82' lang='lat' dir='ltr'>laudensis,</span> 
     </span>
    </p>
   </div>
   <div class='ocr_carea' id='block_1_8' title="bbox 366 3237 1132 3310">
    <p class='ocr_par' dir='ltr' id='par_1_8' title="bbox 366 3237 1132 3310">
     <span class='ocr_line' id='line_1_27' title="bbox 366 3237 1132 3310; baseline 0.004 -17"><span class='ocrx_word' id='word_1_126' title='bbox 366 3237 485 3310; x_wconf 86' lang='lat' dir='ltr'>ejusque</span> <span class='ocrx_word' id='word_1_127' title='bbox 504 3239 611 3296; x_wconf 87' lang='lat' dir='ltr'>civitati</span> <span class='ocrx_word' id='word_1_128' title='bbox 631 3237 793 3297; x_wconf 79' lang='lat' dir='ltr'>medietatis</span> <span class='ocrx_word' id='word_1_129' title='bbox 811 3239 912 3296; x_wconf 73' lang='lat' dir='ltr'>insulae</span> <span class='ocrx_word' id='word_1_130' title='bbox 931 3240 1052 3298; x_wconf 73' lang='lat' dir='ltr'>Corsicae</span> <span class='ocrx_word' id='word_1_131' title='bbox 1067 3254 1132 3296; x_wconf 92' lang='lat' dir='ltr'>con·</span> 
     </span>
    </p>
   </div>
   <div class='ocr_carea' id='block_1_9' title="bbox 365 3327 1045 3386">
    <p class='ocr_par' dir='ltr' id='par_1_9' title="bbox 365 3327 1045 3386">
     <span class='ocr_line' id='line_1_28' title="bbox 365 3327 1045 3386; baseline -0.003 -2"><span class='ocrx_word' id='word_1_132' title='bbox 365 3329 459 3384; x_wconf 77' lang='lat' dir='ltr'>cessio</span> <span class='ocrx_word' id='word_1_133' title='bbox 477 3327 530 3385; x_wconf 89' lang='lat' dir='ltr'>sub</span> <span class='ocrx_word' id='word_1_134' title='bbox 549 3341 646 3384; x_wconf 86' lang='lat' dir='ltr'>annuo</span> <span class='ocrx_word' id='word_1_135' title='bbox 664 3343 753 3386; x_wconf 90' lang='lat' dir='ltr'>censu</span> <span class='ocrx_word' id='word_1_136' title='bbox 773 3329 856 3386; x_wconf 75' lang='lat' dir='ltr'>utrius</span> <span class='ocrx_word' id='word_1_137' title='bbox 876 3327 954 3385; x_wconf 74' lang='lat' dir='ltr'>libras</span> <span class='ocrx_word' id='word_1_138' title='bbox 974 3329 1045 3385; x_wconf 92' lang='lat' dir='ltr'>auri.</span> 
     </span>
    </p>
   </div>
   <div class='ocr_carea' id='block_1_10' title="bbox 325 3490 1130 5612">
    <p class='ocr_par' dir='ltr' id='par_1_10' title="bbox 330 3490 1130 3936">
     <span class='ocr_line' id='line_1_29' title="bbox 370 3490 1129 3567; baseline 0 -17"><span class='ocrx_word' id='word_1_139' title='bbox 370 3490 537 3552; x_wconf 88' lang='lat' dir='ltr'>Honorius</span> <span class='ocrx_word' id='word_1_140' title='bbox 573 3490 763 3567; x_wconf 89' lang='lat' dir='ltr'>episcopus,</span> <span class='ocrx_word' id='word_1_141' title='bbox 801 3505 917 3552; x_wconf 86' lang='lat' dir='ltr'>servus</span> <span class='ocrx_word' id='word_1_142' title='bbox 956 3505 1129 3552; x_wconf 82' lang='lat' dir='ltr'>servorum</span> 
     </span>
     <span class='ocr_line' id='line_1_30' title="bbox 330 3587 1128 3665; baseline -0.001 -16"><span class='ocrx_word' id='word_1_143' title='bbox 330 3587 400 3659; x_wconf 89' lang='lat' dir='ltr'>Dei,</span> <span class='ocrx_word' id='word_1_144' title='bbox 418 3587 538 3648; x_wconf 91' lang='lat' dir='ltr'>Othoni</span> <span class='ocrx_word' id='word_1_145' title='bbox 562 3588 723 3648; x_wconf 85' lang='lat' dir='ltr'>Januensi</span> <span class='ocrx_word' id='word_1_146' title='bbox 748 3587 1009 3664; x_wconf 89' lang='lat' dir='ltr'>archiepiscopo,</span> <span class='ocrx_word' id='word_1_147' title='bbox 1034 3591 1128 3665; x_wconf 84' lang='lat' dir='ltr'>ejus-</span> 
     </span>
     <span class='ocr_line' id='line_1_31' title="bbox 331 3683 1129 3760; baseline 0.001 -17"><span class='ocrx_word' id='word_1_148' title='bbox 331 3699 394 3760; x_wconf 91' lang='lat' dir='ltr'>que</span> <span class='ocrx_word' id='word_1_149' title='bbox 425 3683 673 3760; x_wconf 88' lang='lat' dir='ltr'>successoribus</span> <span class='ocrx_word' id='word_1_150' title='bbox 704 3684 865 3744; x_wconf 88' lang='lat' dir='ltr'>canonice</span> <span class='ocrx_word' id='word_1_151' title='bbox 892 3683 1129 3745; x_wconf 88' lang='lat' dir='ltr'>substituendis</span> 
     </span>
     <span class='ocr_line' id='line_1_32' title="bbox 330 3779 1130 3856; baseline 0.003 -16"><span class='ocrx_word' id='word_1_152' title='bbox 330 3781 366 3840; x_wconf 93' lang='lat' dir='ltr'>in</span> <span class='ocrx_word' id='word_1_153' title='bbox 388 3782 594 3856; x_wconf 90' lang='lat' dir='ltr'>perpetuum,</span> <span class='ocrx_word' id='word_1_154' title='bbox 610 3779 749 3840; x_wconf 89' lang='lat' dir='ltr'>salutem</span> <span class='ocrx_word' id='word_1_155' title='bbox 770 3781 803 3842; x_wconf 89' lang='lat' dir='ltr'>et</span> <span class='ocrx_word' id='word_1_156' title='bbox 823 3781 1047 3856; x_wconf 81' lang='lat' dir='ltr'>Apostolicam</span> <span class='ocrx_word' id='word_1_157' title='bbox 1070 3781 1130 3842; x_wconf 91' lang='lat' dir='ltr'>be-</span> 
     </span>
     <span class='ocr_line' id='line_1_33' title="bbox 331 3875 565 3936; baseline -0.004 -1"><span class='ocrx_word' id='word_1_158' title='bbox 331 3875 565 3936; x_wconf 89' lang='lat' dir='ltr'>nedictionem.</span> 
     </span>
    </p>

    <p class='ocr_par' dir='ltr' id='par_1_11' title="bbox 325 3971 1129 5612">
     <span class='ocr_line' id='line_1_34' title="bbox 372 3971 1129 4052; baseline 0.003 -18"><span class='ocrx_word' id='word_1_159' title='bbox 372 3975 524 4050; x_wconf 85' lang='lat' dir='ltr'>Superna</span> <span class='ocrx_word' id='word_1_160' title='bbox 539 3973 572 4036; x_wconf 92' lang='lat' dir='ltr'>et</span> <span class='ocrx_word' id='word_1_161' title='bbox 584 3971 763 4034; x_wconf 85' lang='lat' dir='ltr'>ineffabilis</span> <span class='ocrx_word' id='word_1_162' title='bbox 781 3972 989 4050; x_wconf 88' lang='lat' dir='ltr'>providentia</span> <span class='ocrx_word' id='word_1_163' title='bbox 1010 3977 1129 4052; x_wconf 90' lang='lat' dir='ltr'>majes-</span> 
     </span>
     <span class='ocr_line' id='line_1_35' title="bbox 328 4071 1128 4136; baseline -0.003 0"><span class='ocrx_word' id='word_1_164' title='bbox 328 4072 408 4136; x_wconf 85' lang='lat' dir='ltr'>tatis</span> <span class='ocrx_word' id='word_1_165' title='bbox 438 4071 559 4133; x_wconf 83' lang='lat' dir='ltr'>divinae</span> <span class='ocrx_word' id='word_1_166' title='bbox 592 4071 839 4132; x_wconf 88' lang='lat' dir='ltr'>sacrosanctam</span> <span class='ocrx_word' id='word_1_167' title='bbox 860 4073 1044 4133; x_wconf 87' lang='lat' dir='ltr'>Romanam</span> <span class='ocrx_word' id='word_1_168' title='bbox 1065 4075 1128 4134; x_wconf 81' lang='lat' dir='ltr'>Ec-</span> 
     </span>
     <span class='ocr_line' id='line_1_36' title="bbox 328 4169 1128 4236; baseline -0.004 -2"><span class='ocrx_word' id='word_1_169' title='bbox 328 4171 465 4236; x_wconf 91' lang='lat' dir='ltr'>clesiam</span> <span class='ocrx_word' id='word_1_170' title='bbox 485 4169 871 4232; x_wconf 82' lang='lat' dir='ltr'>omnium&#39;ecclesiarum</span> <span class='ocrx_word' id='word_1_171' title='bbox 891 4171 1033 4232; x_wconf 91' lang='lat' dir='ltr'>matrem</span> <span class='ocrx_word' id='word_1_172' title='bbox 1056 4171 1128 4232; x_wconf 91' lang='lat' dir='ltr'>ins-</span> 
     </span>
     <span class='ocr_line' id='line_1_37' title="bbox 328 4267 1127 4344; baseline -0.001 -13"><span class='ocrx_word' id='word_1_173' title='bbox 328 4269 433 4341; x_wconf 88' lang='lat' dir='ltr'>tituit,</span> <span class='ocrx_word' id='word_1_174' title='bbox 463 4267 497 4329; x_wconf 91' lang='lat' dir='ltr'>et</span> <span class='ocrx_word' id='word_1_175' title='bbox 524 4268 732 4344; x_wconf 82' lang='lat' dir='ltr'>magistram,</span> <span class='ocrx_word' id='word_1_176' title='bbox 764 4268 800 4329; x_wconf 89' lang='lat' dir='ltr'>ut</span> <span class='ocrx_word' id='word_1_177' title='bbox 826 4268 966 4344; x_wconf 88' lang='lat' dir='ltr'>praelata</span> <span class='ocrx_word' id='word_1_178' title='bbox 996 4269 1127 4330; x_wconf 86' lang='lat' dir='ltr'>caeteris</span> 
     </span>
     <span class='ocr_line' id='line_1_38' title="bbox 327 4365 1128 4440; baseline -0.001 -13"><span class='ocrx_word' id='word_1_179' title='bbox 327 4366 446 4428; x_wconf 87' lang='lat' dir='ltr'>merita</span> <span class='ocrx_word' id='word_1_180' title='bbox 468 4365 649 4440; x_wconf 80' lang='lat' dir='ltr'>respiceret</span> <span class='ocrx_word' id='word_1_181' title='bbox 668 4365 887 4440; x_wconf 83' lang='lat' dir='ltr'>singulorum,</span> <span class='ocrx_word' id='word_1_182' title='bbox 900 4367 934 4426; x_wconf 92' lang='lat' dir='ltr'>et</span> <span class='ocrx_word' id='word_1_183' title='bbox 949 4366 990 4426; x_wconf 90' lang='lat' dir='ltr'>ad</span> <span class='ocrx_word' id='word_1_184' title='bbox 1006 4367 1128 4427; x_wconf 91' lang='lat' dir='ltr'>simili-</span> 
     </span>
     <span class='ocr_line' id='line_1_39' title="bbox 327 4461 1126 4540; baseline -0.001 -15"><span class='ocrx_word' id='word_1_185' title='bbox 327 4463 477 4525; x_wconf 90' lang='lat' dir='ltr'>tudinem</span> <span class='ocrx_word' id='word_1_186' title='bbox 499 4461 628 4529; x_wconf 87' lang='lat' dir='ltr'>aeterni,</span> <span class='ocrx_word' id='word_1_187' title='bbox 645 4461 678 4522; x_wconf 89' lang='lat' dir='ltr'>et</span> <span class='ocrx_word' id='word_1_188' title='bbox 691 4461 772 4537; x_wconf 91' lang='lat' dir='ltr'>justi</span> <span class='ocrx_word' id='word_1_189' title='bbox 791 4461 930 4535; x_wconf 87' lang='lat' dir='ltr'>Judicis,</span> <span class='ocrx_word' id='word_1_190' title='bbox 948 4463 1126 4540; x_wconf 91' lang='lat' dir='ltr'>unicuique</span> 
     </span>
     <span class='ocr_line' id='line_1_40' title="bbox 328 4557 1124 4637; baseline 0 -17"><span class='ocrx_word' id='word_1_191' title='bbox 328 4575 388 4637; x_wconf 93' lang='lat' dir='ltr'>pro</span> <span class='ocrx_word' id='word_1_192' title='bbox 419 4557 613 4619; x_wconf 92' lang='lat' dir='ltr'>meritorum</span> <span class='ocrx_word' id='word_1_193' title='bbox 648 4557 862 4633; x_wconf 90' lang='lat' dir='ltr'>qualitatibus</span> <span class='ocrx_word' id='word_1_194' title='bbox 897 4561 1124 4636; x_wconf 85' lang='lat' dir='ltr'>responderet.</span> 
     </span>
     <span class='ocr_line' id='line_1_41' title="bbox 328 4654 1126 4734; baseline 0.001 -16"><span class='ocrx_word' id='word_1_195' title='bbox 328 4656 434 4724; x_wconf 90' lang='lat' dir='ltr'>Unde,</span> <span class='ocrx_word' id='word_1_196' title='bbox 451 4655 483 4716; x_wconf 90' lang='lat' dir='ltr'>et</span> <span class='ocrx_word' id='word_1_197' title='bbox 498 4654 614 4715; x_wconf 90' lang='lat' dir='ltr'>eadem</span> <span class='ocrx_word' id='word_1_198' title='bbox 637 4655 758 4715; x_wconf 84' lang='lat' dir='ltr'>Sancta</span> <span class='ocrx_word' id='word_1_199' title='bbox 779 4655 927 4718; x_wconf 87' lang='lat' dir='ltr'>Ecclesia</span> <span class='ocrx_word' id='word_1_200' title='bbox 949 4673 1017 4728; x_wconf 90' lang='lat' dir='ltr'>eos,</span> <span class='ocrx_word' id='word_1_201' title='bbox 1045 4675 1126 4734; x_wconf 89' lang='lat' dir='ltr'>quos</span> 
     </span>
     <span class='ocr_line' id='line_1_42' title="bbox 327 4753 1126 4830; baseline 0.005 -14"><span class='ocrx_word' id='word_1_202' title='bbox 327 4755 442 4816; x_wconf 87' lang='lat' dir='ltr'>ildeles</span> <span class='ocrx_word' id='word_1_203' title='bbox 469 4753 556 4814; x_wconf 86' lang='lat' dir='ltr'>illios</span> <span class='ocrx_word' id='word_1_204' title='bbox 582 4753 721 4830; x_wconf 91' lang='lat' dir='ltr'>reperit,</span> <span class='ocrx_word' id='word_1_205' title='bbox 750 4753 956 4816; x_wconf 87' lang='lat' dir='ltr'>clementiori</span> <span class='ocrx_word' id='word_1_206' title='bbox 982 4757 1126 4820; x_wconf 87' lang='lat' dir='ltr'>tractare</span> 
     </span>
     <span class='ocr_line' id='line_1_43' title="bbox 326 4849 1125 4931; baseline 0.001 -16"><span class='ocrx_word' id='word_1_207' title='bbox 326 4852 436 4931; x_wconf 82' lang='lat' dir='ltr'>gratia</span> <span class='ocrx_word' id='word_1_208' title='bbox 456 4851 638 4922; x_wconf 89' lang='lat' dir='ltr'>consuevit,</span> <span class='ocrx_word' id='word_1_209' title='bbox 657 4849 690 4912; x_wconf 91' lang='lat' dir='ltr'>et</span> <span class='ocrx_word' id='word_1_210' title='bbox 707 4866 789 4928; x_wconf 89' lang='lat' dir='ltr'>quos</span> <span class='ocrx_word' id='word_1_211' title='bbox 804 4851 1023 4916; x_wconf 80' lang='lat' dir='ltr'>ferventiores</span> <span class='ocrx_word' id='word_1_212' title='bbox 1036 4855 1125 4916; x_wconf 91' lang='lat' dir='ltr'>circa</span> 
     </span>
     <span class='ocr_line' id='line_1_44' title="bbox 327 4949 1127 5032; baseline 0.001 -18"><span class='ocrx_word' id='word_1_213' title='bbox 327 4965 424 5014; x_wconf 91' lang='lat' dir='ltr'>suum</span> <span class='ocrx_word' id='word_1_214' title='bbox 443 4949 638 5027; x_wconf 89' lang='lat' dir='ltr'>obsequium</span> <span class='ocrx_word' id='word_1_215' title='bbox 661 4950 819 5022; x_wconf 90' lang='lat' dir='ltr'>intuetur,</span> <span class='ocrx_word' id='word_1_216' title='bbox 841 4951 1017 5029; x_wconf 91' lang='lat' dir='ltr'>multiplici</span> <span class='ocrx_word' id='word_1_217' title='bbox 1037 4969 1127 5032; x_wconf 85' lang='lat' dir='ltr'>prae·</span> 
     </span>
     <span class='ocr_line' id='line_1_45' title="bbox 325 5047 1125 5127; baseline -0.003 -14"><span class='ocrx_word' id='word_1_218' title='bbox 325 5049 477 5127; x_wconf 83' lang='lat' dir='ltr'>rogativa</span> <span class='ocrx_word' id='word_1_219' title='bbox 501 5047 638 5110; x_wconf 91' lang='lat' dir='ltr'>honoris</span> <span class='ocrx_word' id='word_1_220' title='bbox 661 5049 712 5109; x_wconf 89' lang='lat' dir='ltr'>est</span> <span class='ocrx_word' id='word_1_221' title='bbox 733 5048 831 5110; x_wconf 90' lang='lat' dir='ltr'>solita</span> <span class='ocrx_word' id='word_1_222' title='bbox 847 5049 1038 5112; x_wconf 90' lang='lat' dir='ltr'>sublimare.</span> <span class='ocrx_word' id='word_1_223' title='bbox 1057 5053 1125 5113; x_wconf 93' lang='lat' dir='ltr'>Nos</span> 
     </span>
     <span class='ocr_line' id='line_1_46' title="bbox 325 5144 1124 5224; baseline -0.001 -15"><span class='ocrx_word' id='word_1_224' title='bbox 325 5149 439 5224; x_wconf 85' lang='lat' dir='ltr'>igitur,</span> <span class='ocrx_word' id='word_1_225' title='bbox 460 5146 516 5223; x_wconf 93' lang='lat' dir='ltr'>qui</span> <span class='ocrx_word' id='word_1_226' title='bbox 538 5145 573 5206; x_wconf 92' lang='lat' dir='ltr'>in</span> <span class='ocrx_word' id='word_1_227' title='bbox 598 5144 681 5205; x_wconf 87' lang='lat' dir='ltr'>Sede</span> <span class='ocrx_word' id='word_1_228' title='bbox 705 5146 894 5222; x_wconf 89' lang='lat' dir='ltr'>Apostolica</span> <span class='ocrx_word' id='word_1_229' title='bbox 913 5146 1011 5209; x_wconf 90' lang='lat' dir='ltr'>beato</span> <span class='ocrx_word' id='word_1_230' title='bbox 1026 5149 1124 5210; x_wconf 91' lang='lat' dir='ltr'>Petro</span> 
     </span>
     <span class='ocr_line' id='line_1_47' title="bbox 326 5242 1126 5321; baseline 0 -15"><span class='ocrx_word' id='word_1_231' title='bbox 326 5243 559 5320; x_wconf 82' lang='lat' dir='ltr'>Apostolorum</span> <span class='ocrx_word' id='word_1_232' title='bbox 574 5242 734 5320; x_wconf 89' lang='lat' dir='ltr'>principi,</span> <span class='ocrx_word' id='word_1_233' title='bbox 756 5243 834 5305; x_wconf 88' lang='lat' dir='ltr'>licet</span> <span class='ocrx_word' id='word_1_234' title='bbox 853 5259 918 5304; x_wconf 90' lang='lat' dir='ltr'>non</span> <span class='ocrx_word' id='word_1_235' title='bbox 941 5245 1126 5321; x_wconf 83' lang='lat' dir='ltr'>suffragan·</span> 
     </span>
     <span class='ocr_line' id='line_1_48' title="bbox 325 5340 1126 5418; baseline 0.001 -16"><span class='ocrx_word' id='word_1_236' title='bbox 325 5341 414 5402; x_wconf 91' lang='lat' dir='ltr'>tibus</span> <span class='ocrx_word' id='word_1_237' title='bbox 430 5341 569 5412; x_wconf 89' lang='lat' dir='ltr'>meritis,</span> <span class='ocrx_word' id='word_1_238' title='bbox 582 5356 624 5400; x_wconf 80' lang='lat' dir='ltr'>ex</span> <span class='ocrx_word' id='word_1_239' title='bbox 636 5340 750 5402; x_wconf 84' lang='lat' dir='ltr'>divina</span> <span class='ocrx_word' id='word_1_240' title='bbox 767 5341 984 5418; x_wconf 88' lang='lat' dir='ltr'>dispositione</span> <span class='ocrx_word' id='word_1_241' title='bbox 997 5358 1126 5403; x_wconf 90' lang='lat' dir='ltr'>succes-</span> 
     </span>
     <span class='ocr_line' id='line_1_49' title="bbox 325 5437 1126 5510; baseline 0.004 -12"><span class='ocrx_word' id='word_1_242' title='bbox 325 5437 441 5508; x_wconf 88' lang='lat' dir='ltr'>simus,</span> <span class='ocrx_word' id='word_1_243' title='bbox 455 5437 689 5510; x_wconf 85' lang='lat' dir='ltr'>reverentiam,</span> <span class='ocrx_word' id='word_1_244' title='bbox 698 5437 906 5501; x_wconf 83' lang='lat' dir='ltr'>devotionem</span> <span class='ocrx_word' id='word_1_245' title='bbox 922 5440 956 5501; x_wconf 91' lang='lat' dir='ltr'>et</span> <span class='ocrx_word' id='word_1_246' title='bbox 965 5439 1126 5501; x_wconf 87' lang='lat' dir='ltr'>sedulita-</span> 
     </span>
     <span class='ocr_line' id='line_1_50' title="bbox 325 5534 1126 5612; baseline 0.004 -14"><span class='ocrx_word' id='word_1_247' title='bbox 325 5535 392 5598; x_wconf 82' lang='lat' dir='ltr'>tem</span> <span class='ocrx_word' id='word_1_248' title='bbox 409 5534 576 5612; x_wconf 90' lang='lat' dir='ltr'>obsequii,</span> <span class='ocrx_word' id='word_1_249' title='bbox 597 5551 695 5612; x_wconf 88' lang='lat' dir='ltr'>quam</span> <span class='ocrx_word' id='word_1_250' title='bbox 720 5536 898 5598; x_wconf 84' lang='lat' dir='ltr'>Januensis</span> <span class='ocrx_word' id='word_1_251' title='bbox 918 5536 1071 5610; x_wconf 89' lang='lat' dir='ltr'>ecclesia,</span> <span class='ocrx_word' id='word_1_252' title='bbox 1093 5541 1126 5602; x_wconf 91' lang='lat' dir='ltr'>et</span> 
     </span>
    </p>
   </div>
   <div class='ocr_carea' id='block_1_11' title="bbox 946 176 1359 245">
    <p class='ocr_par' dir='ltr' id='par_1_12' title="bbox 946 176 1359 245">
     <span class='ocr_line' id='line_1_51' title="bbox 946 176 1359 245; baseline 0.015 -10"><span class='ocrx_word' id='word_1_253' title='bbox 946 176 1122 239; x_wconf 85' lang='lat' dir='ltr'>HONORII</span> <span class='ocrx_word' id='word_1_254' title='bbox 1144 179 1191 239; x_wconf 88' lang='lat'>111</span> <span class='ocrx_word' id='word_1_255' title='bbox 1211 181 1359 245; x_wconf 81' lang='lat' dir='ltr'>OPERA.</span> 
     </span>
    </p>
   </div>
   <div class='ocr_carea' id='block_1_12' title="bbox 1934 199 1997 262">
    <p class='ocr_par' dir='ltr' id='par_1_13' title="bbox 1934 199 1997 262">
     <span class='ocr_line' id='line_1_52' title="bbox 1934 199 1997 262; baseline 0.032 -2"><span class='ocrx_word' id='word_1_256' title='bbox 1934 199 1997 262; x_wconf 73' lang='lat' dir='ltr'>sto</span> 
     </span>
    </p>
   </div>
   <div class='ocr_carea' id='block_1_13' title="bbox 1180 339 1997 5613">
    <p class='ocr_par' dir='ltr' id='par_1_14' title="bbox 1180 339 1997 5613">
     <span class='ocr_line' id='line_1_53' title="bbox 1183 339 1997 430; baseline 0.025 -29"><span class='ocrx_word' id='word_1_257' title='bbox 1183 339 1997 430; x_wconf 84' lang='lat' dir='ltr'>totacivitasEcclesiaeRomanaetemporeneces-</span> 
     </span>
     <span class='ocr_line' id='line_1_54' title="bbox 1185 437 1996 528; baseline 0.026 -30"><span class='ocrx_word' id='word_1_258' title='bbox 1185 437 1292 501; x_wconf 87' lang='lat' dir='ltr'>sitatis</span> <span class='ocrx_word' id='word_1_259' title='bbox 1303 442 1454 506; x_wconf 84' lang='lat' dir='ltr'>exhibuit</span> <span class='ocrx_word' id='word_1_260' title='bbox 1471 443 1663 521; x_wconf 86' lang='lat' dir='ltr'>diligentius</span> <span class='ocrx_word' id='word_1_261' title='bbox 1673 450 1896 528; x_wconf 88' lang='lat' dir='ltr'>attendentes,</span> <span class='ocrx_word' id='word_1_262' title='bbox 1909 473 1996 518; x_wconf 90' lang='lat' dir='ltr'>con-</span> 
     </span>
     <span class='ocr_line' id='line_1_55' title="bbox 1185 537 1995 620; baseline 0.027 -25"><span class='ocrx_word' id='word_1_263' title='bbox 1185 537 1475 602; x_wconf 88' lang='lat' dir='ltr'>siderantesetiam</span> <span class='ocrx_word' id='word_1_264' title='bbox 1490 545 1727 620; x_wconf 90' lang='lat' dir='ltr'>quantanobis,</span> <span class='ocrx_word' id='word_1_265' title='bbox 1737 551 1770 610; x_wconf 92' lang='lat' dir='ltr'>et</span> <span class='ocrx_word' id='word_1_266' title='bbox 1782 558 1995 616; x_wconf 88' lang='lat' dir='ltr'>successori·</span> 
     </span>
     <span class='ocr_line' id='line_1_56' title="bbox 1184 633 1996 726; baseline 0.026 -33"><span class='ocrx_word' id='word_1_267' title='bbox 1184 633 1246 694; x_wconf 92' lang='lat' dir='ltr'>bus</span> <span class='ocrx_word' id='word_1_268' title='bbox 1255 637 1377 698; x_wconf 86' lang='lat' dir='ltr'>nostris</span> <span class='ocrx_word' id='word_1_269' title='bbox 1390 639 1607 716; x_wconf 92' lang='lat' dir='ltr'>incrementa,</span> <span class='ocrx_word' id='word_1_270' title='bbox 1624 644 1656 705; x_wconf 90' lang='lat' dir='ltr'>et</span> <span class='ocrx_word' id='word_1_271' title='bbox 1669 649 1840 710; x_wconf 92' lang='lat' dir='ltr'>commoda</span> <span class='ocrx_word' id='word_1_272' title='bbox 1855 667 1922 726; x_wconf 89' lang='lat' dir='ltr'>per</span> <span class='ocrx_word' id='word_1_273' title='bbox 1935 656 1954 714; x_wconf 87' lang='lat' dir='ltr'>J</span> <span class='ocrx_word' id='word_1_274' title='bbox 1958 670 1996 714; x_wconf 89' lang='lat' dir='ltr'>a-</span> 
     </span>
     <span class='ocr_line' id='line_1_57' title="bbox 1185 736 1996 822; baseline 0.027 -31"><span class='ocrx_word' id='word_1_275' title='bbox 1185 748 1344 795; x_wconf 91' lang='lat' dir='ltr'>nuensem</span> <span class='ocrx_word' id='word_1_276' title='bbox 1363 736 1531 799; x_wconf 88' lang='lat' dir='ltr'>civitatem</span> <span class='ocrx_word' id='word_1_277' title='bbox 1546 740 1726 817; x_wconf 91' lang='lat' dir='ltr'>potuerunt</span> <span class='ocrx_word' id='word_1_278' title='bbox 1746 749 1944 822; x_wconf 76' lang='lat' dir='ltr'>provenire,</span> <span class='ocrx_word' id='word_1_279' title='bbox 1963 755 1996 814; x_wconf 88' lang='lat' dir='ltr'>et</span> 
     </span>
     <span class='ocr_line' id='line_1_58' title="bbox 1186 831 1996 910; baseline 0.025 -20"><span class='ocrx_word' id='word_1_280' title='bbox 1186 831 1407 894; x_wconf 89' lang='lat' dir='ltr'>antecessoris</span> <span class='ocrx_word' id='word_1_281' title='bbox 1430 837 1536 897; x_wconf 90' lang='lat' dir='ltr'>nostri</span> <span class='ocrx_word' id='word_1_282' title='bbox 1560 839 1667 900; x_wconf 88' lang='lat' dir='ltr'>lelicis</span> <span class='ocrx_word' id='word_1_283' title='bbox 1691 845 1862 906; x_wconf 89' lang='lat' dir='ltr'>memoriae</span> <span class='ocrx_word' id='word_1_284' title='bbox 1885 849 1996 910; x_wconf 92' lang='lat' dir='ltr'>Inno-</span> 
     </span>
     <span class='ocr_line' id='line_1_59' title="bbox 1186 929 1997 1020; baseline 0.026 -33"><span class='ocrx_word' id='word_1_285' title='bbox 1186 929 1287 989; x_wconf 90' lang='lat' dir='ltr'>centii</span> <span class='ocrx_word' id='word_1_286' title='bbox 1313 933 1412 1008; x_wconf 88' lang='lat' dir='ltr'>Papae</span> <span class='ocrx_word' id='word_1_287' title='bbox 1441 934 1591 1011; x_wconf 79' lang='lat' dir='ltr'>vestigiis</span> <span class='ocrx_word' id='word_1_288' title='bbox 1619 937 1832 1015; x_wconf 87' lang='lat' dir='ltr'>inhaerentes,</span> <span class='ocrx_word' id='word_1_289' title='bbox 1851 946 1912 1020; x_wconf 91' lang='lat' dir='ltr'>qui</span> <span class='ocrx_word' id='word_1_290' title='bbox 1933 947 1997 1008; x_wconf 86' lang='lat' dir='ltr'>Ja-</span> 
     </span>
     <span class='ocr_line' id='line_1_60' title="bbox 1186 1031 1994 1119; baseline 0.024 -34"><span class='ocrx_word' id='word_1_291' title='bbox 1186 1041 1346 1090; x_wconf 89' lang='lat' dir='ltr'>nuensem</span> <span class='ocrx_word' id='word_1_292' title='bbox 1376 1031 1552 1093; x_wconf 89' lang='lat' dir='ltr'>ecclesiam</span> <span class='ocrx_word' id='word_1_293' title='bbox 1587 1037 1883 1117; x_wconf 88' lang='lat' dir='ltr'>archiepiscopalis</span> <span class='ocrx_word' id='word_1_294' title='bbox 1917 1043 1994 1119; x_wconf 86' lang='lat' dir='ltr'>dig-</span> 
     </span>
     <span class='ocr_line' id='line_1_61' title="bbox 1185 1128 1991 1210; baseline 0.017 -22"><span class='ocrx_word' id='word_1_295' title='bbox 1185 1128 1300 1190; x_wconf 89' lang='lat' dir='ltr'>nitatis</span> <span class='ocrx_word' id='word_1_296' title='bbox 1320 1128 1518 1190; x_wconf 87' lang='lat' dir='ltr'>excellentia</span> <span class='ocrx_word' id='word_1_297' title='bbox 1541 1130 1731 1196; x_wconf 85' lang='lat' dir='ltr'>sublimavit</span> <span class='ocrx_word' id='word_1_298' title='bbox 1745 1136 1787 1196; x_wconf 92' lang='lat' dir='ltr'>ad</span> <span class='ocrx_word' id='word_1_299' title='bbox 1811 1137 1991 1210; x_wconf 88' lang='lat' dir='ltr'>honorem,</span> 
     </span>
     <span class='ocr_line' id='line_1_62' title="bbox 1187 1223 1990 1309; baseline 0.012 -25"><span class='ocrx_word' id='word_1_300' title='bbox 1187 1223 1422 1286; x_wconf 86' lang='lat' dir='ltr'>exaltationem</span> <span class='ocrx_word' id='word_1_301' title='bbox 1442 1225 1475 1287; x_wconf 90' lang='lat' dir='ltr'>et</span> <span class='ocrx_word' id='word_1_302' title='bbox 1493 1227 1634 1302; x_wconf 85' lang='lat' dir='ltr'>gloriam</span> <span class='ocrx_word' id='word_1_303' title='bbox 1656 1229 1802 1305; x_wconf 84' lang='lat' dir='ltr'>praelatae</span> <span class='ocrx_word' id='word_1_304' title='bbox 1824 1234 1990 1309; x_wconf 80' lang='lat' dir='ltr'>civitatis,</span> 
     </span>
     <span class='ocr_line' id='line_1_63' title="bbox 1186 1322 1991 1400; baseline 0.016 -18"><span class='ocrx_word' id='word_1_305' title='bbox 1186 1337 1259 1400; x_wconf 85' lang='lat' dir='ltr'>quae</span> <span class='ocrx_word' id='word_1_306' title='bbox 1271 1322 1369 1384; x_wconf 90' lang='lat' dir='ltr'>beato</span> <span class='ocrx_word' id='word_1_307' title='bbox 1385 1325 1483 1386; x_wconf 89' lang='lat' dir='ltr'>Petro</span> <span class='ocrx_word' id='word_1_308' title='bbox 1499 1325 1532 1387; x_wconf 90' lang='lat' dir='ltr'>ct</span> <span class='ocrx_word' id='word_1_309' title='bbox 1553 1327 1676 1389; x_wconf 87' lang='lat' dir='ltr'>sanctae</span> <span class='ocrx_word' id='word_1_310' title='bbox 1694 1331 1852 1392; x_wconf 81' lang='lat' dir='ltr'>Romanae</span> <span class='ocrx_word' id='word_1_311' title='bbox 1867 1334 1991 1395; x_wconf 84' lang='lat' dir='ltr'>Eccle-</span> 
     </span>
     <span class='ocr_line' id='line_1_64' title="bbox 1186 1418 1991 1502; baseline 0.015 -22"><span class='ocrx_word' id='word_1_312' title='bbox 1186 1419 1244 1481; x_wconf 90' lang='lat' dir='ltr'>siae</span> <span class='ocrx_word' id='word_1_313' title='bbox 1267 1418 1470 1494; x_wconf 88' lang='lat' dir='ltr'>fldelissima,</span> <span class='ocrx_word' id='word_1_314' title='bbox 1492 1421 1525 1484; x_wconf 90' lang='lat' dir='ltr'>et</span> <span class='ocrx_word' id='word_1_315' title='bbox 1545 1423 1587 1484; x_wconf 93' lang='lat' dir='ltr'>ad</span> <span class='ocrx_word' id='word_1_316' title='bbox 1612 1426 1822 1488; x_wconf 84' lang='lat' dir='ltr'>serviendum</span> <span class='ocrx_word' id='word_1_317' title='bbox 1840 1430 1885 1502; x_wconf 91' lang='lat' dir='ltr'>ei,</span> <span class='ocrx_word' id='word_1_318' title='bbox 1902 1432 1991 1492; x_wconf 86' lang='lat' dir='ltr'>sicut</span> 
     </span>
     <span class='ocr_line' id='line_1_65' title="bbox 1186 1517 1990 1600; baseline 0.016 -22"><span class='ocrx_word' id='word_1_319' title='bbox 1186 1517 1309 1579; x_wconf 92' lang='lat' dir='ltr'>dictum</span> <span class='ocrx_word' id='word_1_320' title='bbox 1330 1519 1381 1581; x_wconf 92' lang='lat' dir='ltr'>est</span> <span class='ocrx_word' id='word_1_321' title='bbox 1404 1521 1651 1597; x_wconf 90' lang='lat' dir='ltr'>promptissima</span> <span class='ocrx_word' id='word_1_322' title='bbox 1670 1528 1873 1600; x_wconf 83' lang='lat' dir='ltr'>perseverat,</span> <span class='ocrx_word' id='word_1_323' title='bbox 1892 1529 1929 1590; x_wconf 91' lang='lat' dir='ltr'>et</span> <span class='ocrx_word' id='word_1_324' title='bbox 1950 1529 1990 1590; x_wconf 92' lang='lat' dir='ltr'>de</span> 
     </span>
     <span class='ocr_line' id='line_1_66' title="bbox 1186 1616 1985 1702; baseline 0.015 -27"><span class='ocrx_word' id='word_1_325' title='bbox 1186 1616 1306 1677; x_wconf 88' lang='lat' dir='ltr'>caetero</span> <span class='ocrx_word' id='word_1_326' title='bbox 1320 1616 1408 1677; x_wconf 92' lang='lat' dir='ltr'>idem</span> <span class='ocrx_word' id='word_1_327' title='bbox 1424 1633 1461 1678; x_wconf 94' lang='lat' dir='ltr'>se</span> <span class='ocrx_word' id='word_1_328' title='bbox 1484 1617 1648 1682; x_wconf 87' lang='lat' dir='ltr'>iacturum</span> <span class='ocrx_word' id='word_1_329' title='bbox 1663 1623 1860 1699; x_wconf 90' lang='lat' dir='ltr'>propensius</span> <span class='ocrx_word' id='word_1_330' title='bbox 1876 1626 1985 1702; x_wconf 93' lang='lat' dir='ltr'>polli-</span> 
     </span>
     <span class='ocr_line' id='line_1_67' title="bbox 1186 1712 1987 1796; baseline 0.015 -23"><span class='ocrx_word' id='word_1_331' title='bbox 1186 1712 1289 1786; x_wconf 89' lang='lat' dir='ltr'>cetur,</span> <span class='ocrx_word' id='word_1_332' title='bbox 1307 1716 1347 1776; x_wconf 90' lang='lat' dir='ltr'>ad</span> <span class='ocrx_word' id='word_1_333' title='bbox 1364 1716 1551 1793; x_wconf 81' lang='lat' dir='ltr'>exemplum</span> <span class='ocrx_word' id='word_1_334' title='bbox 1566 1718 1634 1779; x_wconf 92' lang='lat' dir='ltr'>tam</span> <span class='ocrx_word' id='word_1_335' title='bbox 1657 1719 1760 1795; x_wconf 90' lang='lat' dir='ltr'>ipsius</span> <span class='ocrx_word' id='word_1_336' title='bbox 1785 1723 1987 1796; x_wconf 90' lang='lat' dir='ltr'>Innocentii,</span> 
     </span>
     <span class='ocr_line' id='line_1_68' title="bbox 1186 1811 1987 1895; baseline 0.015 -24"><span class='ocrx_word' id='word_1_337' title='bbox 1186 1826 1284 1887; x_wconf 93' lang='lat' dir='ltr'>quam</span> <span class='ocrx_word' id='word_1_338' title='bbox 1295 1811 1402 1875; x_wconf 83' lang='lat' dir='ltr'>felicis</span> <span class='ocrx_word' id='word_1_339' title='bbox 1411 1814 1577 1877; x_wconf 89' lang='lat' dir='ltr'>recordat.</span> <span class='ocrx_word' id='word_1_340' title='bbox 1587 1815 1780 1892; x_wconf 80' lang='lat' dir='ltr'>Alexandri,</span> <span class='ocrx_word' id='word_1_341' title='bbox 1793 1819 1987 1895; x_wconf 87' lang='lat' dir='ltr'>Clementis,</span> 
     </span>
     <span class='ocr_line' id='line_1_69' title="bbox 1186 1909 1986 1994; baseline 0.015 -26"><span class='ocrx_word' id='word_1_342' title='bbox 1186 1909 1355 1972; x_wconf 83' lang='lat' dir='ltr'>Goelestini</span> <span class='ocrx_word' id='word_1_343' title='bbox 1397 1911 1430 1973; x_wconf 94' lang='lat' dir='ltr'>et</span> <span class='ocrx_word' id='word_1_344' title='bbox 1471 1913 1655 1976; x_wconf 92' lang='lat' dir='ltr'>Innocentii</span> <span class='ocrx_word' id='word_1_345' title='bbox 1698 1917 1986 1994; x_wconf 85' lang='lat' dir='ltr'>praedecessorum</span> 
     </span>
     <span class='ocr_line' id='line_1_70' title="bbox 1186 2009 1990 2090; baseline 0.015 -22"><span class='ocrx_word' id='word_1_346' title='bbox 1186 2009 1385 2082; x_wconf 89' lang='lat' dir='ltr'>nostrorum,</span> <span class='ocrx_word' id='word_1_347' title='bbox 1412 2013 1636 2074; x_wconf 86' lang='lat' dir='ltr'>Romanorum</span> <span class='ocrx_word' id='word_1_348' title='bbox 1660 2015 1868 2090; x_wconf 82' lang='lat' dir='ltr'>Pontificum,</span> <span class='ocrx_word' id='word_1_349' title='bbox 1892 2035 1990 2079; x_wconf 90' lang='lat' dir='ltr'>eam-</span> 
     </span>
     <span class='ocr_line' id='line_1_71' title="bbox 1186 2106 1988 2182; baseline 0.019 -17"><span class='ocrx_word' id='word_1_350' title='bbox 1186 2106 1259 2166; x_wconf 89' lang='lat' dir='ltr'>dem</span> <span class='ocrx_word' id='word_1_351' title='bbox 1282 2106 1475 2182; x_wconf 86' lang='lat' dir='ltr'>dignitatem</span> <span class='ocrx_word' id='word_1_352' title='bbox 1498 2110 1559 2172; x_wconf 91' lang='lat' dir='ltr'>tibi</span> <span class='ocrx_word' id='word_1_353' title='bbox 1585 2111 1891 2176; x_wconf 89' lang='lat' dir='ltr'>et.successoribus</span> <span class='ocrx_word' id='word_1_354' title='bbox 1918 2119 1988 2180; x_wconf 88' lang='lat' dir='ltr'>tuis</span> 
     </span>
     <span class='ocr_line' id='line_1_72' title="bbox 1186 2203 1988 2276; baseline 0.012 -10"><span class='ocrx_word' id='word_1_355' title='bbox 1186 2204 1353 2266; x_wconf 91' lang='lat' dir='ltr'>communi</span> <span class='ocrx_word' id='word_1_356' title='bbox 1368 2203 1507 2269; x_wconf 79' lang='lat' dir='ltr'>fratrum</span> <span class='ocrx_word' id='word_1_357' title='bbox 1522 2210 1711 2271; x_wconf 89' lang='lat' dir='ltr'>nostrorum</span> <span class='ocrx_word' id='word_1_358' title='bbox 1726 2212 1867 2275; x_wconf 90' lang='lat' dir='ltr'>consilio</span> <span class='ocrx_word' id='word_1_359' title='bbox 1883 2214 1988 2276; x_wconf 82' lang='lat' dir='ltr'>duxi-</span> 
     </span>
     <span class='ocr_line' id='line_1_73' title="bbox 1185 2306 1990 2388; baseline 0.01 -23"><span class='ocrx_word' id='word_1_360' title='bbox 1185 2321 1259 2366; x_wconf 91' lang='lat' dir='ltr'>mus</span> <span class='ocrx_word' id='word_1_361' title='bbox 1285 2306 1555 2368; x_wconf 86' lang='lat' dir='ltr'>confirmandam.</span> <span class='ocrx_word' id='word_1_362' title='bbox 1573 2308 1664 2380; x_wconf 90' lang='lat' dir='ltr'>Quod</span> <span class='ocrx_word' id='word_1_363' title='bbox 1691 2309 1780 2370; x_wconf 91' lang='lat' dir='ltr'>enim</span> <span class='ocrx_word' id='word_1_364' title='bbox 1804 2313 1874 2388; x_wconf 91' lang='lat' dir='ltr'>jam</span> <span class='ocrx_word' id='word_1_365' title='bbox 1902 2313 1990 2374; x_wconf 88' lang='lat' dir='ltr'>dicti</span> 
     </span>
     <span class='ocr_line' id='line_1_74' title="bbox 1185 2403 1985 2484; baseline 0.01 -20"><span class='ocrx_word' id='word_1_366' title='bbox 1185 2403 1538 2475; x_wconf 91' lang='lat' dir='ltr'>antecessoresnostri,</span> <span class='ocrx_word' id='word_1_367' title='bbox 1548 2407 1771 2479; x_wconf 89' lang='lat' dir='ltr'>Innocentius,</span> <span class='ocrx_word' id='word_1_368' title='bbox 1781 2408 1985 2484; x_wconf 75' lang='lat' dir='ltr'>Alexander,</span> 
     </span>
     <span class='ocr_line' id='line_1_75' title="bbox 1186 2501 1990 2576; baseline 0.01 -15"><span class='ocrx_word' id='word_1_369' title='bbox 1186 2501 1353 2575; x_wconf 76' lang='lat' dir='ltr'>ClemenS,</span> <span class='ocrx_word' id='word_1_370' title='bbox 1381 2503 1593 2576; x_wconf 85' lang='lat' dir='ltr'>Caelestinus,</span> <span class='ocrx_word' id='word_1_371' title='bbox 1625 2505 1657 2566; x_wconf 88' lang='lat' dir='ltr'>et</span> <span class='ocrx_word' id='word_1_372' title='bbox 1685 2507 1899 2568; x_wconf 90' lang='lat' dir='ltr'>Innocentius</span> <span class='ocrx_word' id='word_1_373' title='bbox 1927 2511 1990 2571; x_wconf 90' lang='lat' dir='ltr'>Ja-</span> 
     </span>
     <span class='ocr_line' id='line_1_76' title="bbox 1185 2600 1986 2680; baseline 0.011 -21"><span class='ocrx_word' id='word_1_374' title='bbox 1185 2616 1345 2661; x_wconf 91' lang='lat' dir='ltr'>nuensem</span> <span class='ocrx_word' id='word_1_375' title='bbox 1370 2600 1537 2663; x_wconf 83' lang='lat' dir='ltr'>civitatem</span> <span class='ocrx_word' id='word_1_376' title='bbox 1561 2601 1725 2679; x_wconf 85' lang='lat' dir='ltr'>insignem</span> <span class='ocrx_word' id='word_1_377' title='bbox 1753 2604 1986 2680; x_wconf 91' lang='lat' dir='ltr'>reddiderunt,</span> 
     </span>
     <span class='ocr_line' id='line_1_77' title="bbox 1186 2697 1989 2775; baseline 0.011 -18"><span class='ocrx_word' id='word_1_378' title='bbox 1186 2699 1293 2774; x_wconf 82' lang='lat' dir='ltr'>gratia</span> <span class='ocrx_word' id='word_1_379' title='bbox 1306 2697 1461 2775; x_wconf 92' lang='lat' dir='ltr'>ampliori</span> <span class='ocrx_word' id='word_1_380' title='bbox 1474 2716 1534 2760; x_wconf 90' lang='lat' dir='ltr'>nos</span> <span class='ocrx_word' id='word_1_381' title='bbox 1547 2700 1654 2761; x_wconf 90' lang='lat' dir='ltr'>ratam</span> <span class='ocrx_word' id='word_1_382' title='bbox 1669 2701 1840 2775; x_wconf 70' lang='lat' dir='ltr'>babentes</span> <span class='ocrx_word' id='word_1_383' title='bbox 1853 2705 1887 2765; x_wconf 91' lang='lat' dir='ltr'>et</span> <span class='ocrx_word' id='word_1_384' title='bbox 1903 2721 1989 2767; x_wconf 91' lang='lat' dir='ltr'>auo-</span> 
     </span>
     <span class='ocr_line' id='line_1_78' title="bbox 1185 2795 1987 2878; baseline 0.01 -21"><span class='ocrx_word' id='word_1_385' title='bbox 1185 2795 1319 2858; x_wconf 89' lang='lat' dir='ltr'>toritate</span> <span class='ocrx_word' id='word_1_386' title='bbox 1333 2797 1522 2873; x_wconf 82' lang='lat' dir='ltr'>Apostolica</span> <span class='ocrx_word' id='word_1_387' title='bbox 1536 2796 1742 2872; x_wconf 88' lang='lat' dir='ltr'>roborantes,</span> <span class='ocrx_word' id='word_1_388' title='bbox 1759 2800 1827 2861; x_wconf 88' lang='lat' dir='ltr'>tres</span> <span class='ocrx_word' id='word_1_389' title='bbox 1847 2801 1987 2878; x_wconf 91' lang='lat' dir='ltr'>episco-</span> 
     </span>
     <span class='ocr_line' id='line_1_79' title="bbox 1187 2893 1986 2972; baseline 0.009 -19"><span class='ocrx_word' id='word_1_390' title='bbox 1187 2893 1282 2969; x_wconf 88' lang='lat' dir='ltr'>patus</span> <span class='ocrx_word' id='word_1_391' title='bbox 1317 2894 1352 2954; x_wconf 93' lang='lat' dir='ltr'>in</span> <span class='ocrx_word' id='word_1_392' title='bbox 1390 2895 1541 2967; x_wconf 87' lang='lat' dir='ltr'>Corsica,</span> <span class='ocrx_word' id='word_1_393' title='bbox 1581 2897 1771 2968; x_wconf 82' lang='lat' dir='ltr'>Marenen,</span> <span class='ocrx_word' id='word_1_394' title='bbox 1815 2897 1986 2972; x_wconf 82' lang='lat' dir='ltr'>videlicet,</span> 
     </span>
     <span class='ocr_line' id='line_1_80' title="bbox 1186 2991 1988 3070; baseline 0.006 -18"><span class='ocrx_word' id='word_1_395' title='bbox 1186 2991 1360 3063; x_wconf 90' lang='lat' dir='ltr'>Neholen.,</span> <span class='ocrx_word' id='word_1_396' title='bbox 1384 2993 1418 3052; x_wconf 91' lang='lat' dir='ltr'>et</span> <span class='ocrx_word' id='word_1_397' title='bbox 1440 2993 1576 3054; x_wconf 87' lang='lat' dir='ltr'>tertium</span> <span class='ocrx_word' id='word_1_398' title='bbox 1601 2996 1696 3070; x_wconf 80' lang='lat' dir='ltr'>quus</span> <span class='ocrx_word' id='word_1_399' title='bbox 1719 2994 1830 3056; x_wconf 88' lang='lat' dir='ltr'>sedem</span> <span class='ocrx_word' id='word_1_400' title='bbox 1852 3013 1988 3058; x_wconf 89' lang='lat' dir='ltr'>memo-</span> 
     </span>
     <span class='ocr_line' id='line_1_81' title="bbox 1186 3089 1987 3163; baseline 0.009 -15"><span class='ocrx_word' id='word_1_401' title='bbox 1186 3089 1278 3149; x_wconf 92' lang='lat' dir='ltr'>ratus</span> <span class='ocrx_word' id='word_1_402' title='bbox 1303 3090 1532 3163; x_wconf 76' lang='lat' dir='ltr'>InnocentiuS,</span> <span class='ocrx_word' id='word_1_403' title='bbox 1560 3091 1736 3153; x_wconf 90' lang='lat' dir='ltr'>ecclesiam</span> <span class='ocrx_word' id='word_1_404' title='bbox 1761 3094 1793 3153; x_wconf 87' lang='lat' dir='ltr'>S.</span> <span class='ocrx_word' id='word_1_405' title='bbox 1823 3095 1915 3154; x_wconf 89' lang='lat' dir='ltr'>Petri</span> <span class='ocrx_word' id='word_1_406' title='bbox 1944 3095 1987 3156; x_wconf 91' lang='lat' dir='ltr'>de</span> 
     </span>
     <span class='ocr_line' id='line_1_82' title="bbox 1186 3185 1986 3267; baseline 0.009 -21"><span class='ocrx_word' id='word_1_407' title='bbox 1186 3185 1271 3247; x_wconf 87' lang='lat' dir='ltr'>Atho</span> <span class='ocrx_word' id='word_1_408' title='bbox 1300 3185 1481 3259; x_wconf 90' lang='lat' dir='ltr'>constituit,</span> <span class='ocrx_word' id='word_1_409' title='bbox 1510 3189 1543 3248; x_wconf 90' lang='lat' dir='ltr'>et</span> <span class='ocrx_word' id='word_1_410' title='bbox 1575 3189 1628 3249; x_wconf 91' lang='lat' dir='ltr'>cui</span> <span class='ocrx_word' id='word_1_411' title='bbox 1657 3205 1758 3250; x_wconf 91' lang='lat' dir='ltr'>unam</span> <span class='ocrx_word' id='word_1_412' title='bbox 1783 3189 1912 3267; x_wconf 91' lang='lat' dir='ltr'>plebem</span> <span class='ocrx_word' id='word_1_413' title='bbox 1941 3191 1986 3253; x_wconf 91' lang='lat' dir='ltr'>de</span> 
     </span>
     <span class='ocr_line' id='line_1_83' title="bbox 1187 3285 1986 3366; baseline 0.008 -22"><span class='ocrx_word' id='word_1_414' title='bbox 1187 3287 1364 3357; x_wconf 88' lang='lat' dir='ltr'>Maranna,</span> <span class='ocrx_word' id='word_1_415' title='bbox 1390 3286 1423 3346; x_wconf 91' lang='lat' dir='ltr'>et</span> <span class='ocrx_word' id='word_1_416' title='bbox 1448 3285 1549 3347; x_wconf 91' lang='lat' dir='ltr'>aliam</span> <span class='ocrx_word' id='word_1_417' title='bbox 1575 3286 1616 3347; x_wconf 92' lang='lat' dir='ltr'>de</span> <span class='ocrx_word' id='word_1_418' title='bbox 1638 3286 1767 3360; x_wconf 81' lang='lat' dir='ltr'>Aleria,</span> <span class='ocrx_word' id='word_1_419' title='bbox 1796 3291 1986 3366; x_wconf 80' lang='lat' dir='ltr'>concessit3</span> 
     </span>
     <span class='ocr_line' id='line_1_84' title="bbox 1185 3383 1987 3462; baseline 0.007 -19"><span class='ocrx_word' id='word_1_420' title='bbox 1185 3383 1381 3444; x_wconf 89' lang='lat' dir='ltr'>Bobiensem</span> <span class='ocrx_word' id='word_1_421' title='bbox 1393 3398 1522 3462; x_wconf 90' lang='lat' dir='ltr'>quoque</span> <span class='ocrx_word' id='word_1_422' title='bbox 1540 3385 1777 3462; x_wconf 90' lang='lat' dir='ltr'>episcopatum,</span> <span class='ocrx_word' id='word_1_423' title='bbox 1790 3389 1822 3448; x_wconf 89' lang='lat' dir='ltr'>et</span> <span class='ocrx_word' id='word_1_424' title='bbox 1833 3387 1930 3447; x_wconf 90' lang='lat' dir='ltr'>illum</span> <span class='ocrx_word' id='word_1_425' title='bbox 1944 3389 1987 3449; x_wconf 90' lang='lat' dir='ltr'>de</span> 
     </span>
     <span class='ocr_line' id='line_1_85' title="bbox 1185 3481 1984 3562; baseline 0.006 -21"><span class='ocrx_word' id='word_1_426' title='bbox 1185 3481 1341 3542; x_wconf 88' lang='lat' dir='ltr'>Brumate</span> <span class='ocrx_word' id='word_1_427' title='bbox 1357 3499 1431 3542; x_wconf 92' lang='lat' dir='ltr'>cum</span> <span class='ocrx_word' id='word_1_428' title='bbox 1451 3483 1602 3544; x_wconf 87' lang='lat' dir='ltr'>ecclesiis</span> <span class='ocrx_word' id='word_1_429' title='bbox 1625 3484 1704 3556; x_wconf 89' lang='lat' dir='ltr'>suis,</span> <span class='ocrx_word' id='word_1_430' title='bbox 1722 3501 1804 3562; x_wconf 88' lang='lat' dir='ltr'>quas</span> <span class='ocrx_word' id='word_1_431' title='bbox 1821 3485 1910 3546; x_wconf 90' lang='lat' dir='ltr'>circa</span> <span class='ocrx_word' id='word_1_432' title='bbox 1935 3503 1984 3560; x_wconf 90' lang='lat' dir='ltr'>se,</span> 
     </span>
     <span class='ocr_line' id='line_1_86' title="bbox 1185 3577 1985 3659; baseline 0.009 -21"><span class='ocrx_word' id='word_1_433' title='bbox 1185 3577 1218 3640; x_wconf 91' lang='lat' dir='ltr'>et</span> <span class='ocrx_word' id='word_1_434' title='bbox 1231 3579 1266 3639; x_wconf 92' lang='lat' dir='ltr'>in</span> <span class='ocrx_word' id='word_1_435' title='bbox 1288 3580 1435 3641; x_wconf 90' lang='lat' dir='ltr'>castellis</span> <span class='ocrx_word' id='word_1_436' title='bbox 1450 3581 1519 3641; x_wconf 90' lang='lat' dir='ltr'>suis</span> <span class='ocrx_word' id='word_1_437' title='bbox 1539 3581 1648 3654; x_wconf 89' lang='lat' dir='ltr'>babet,</span> <span class='ocrx_word' id='word_1_438' title='bbox 1666 3598 1762 3659; x_wconf 92' lang='lat' dir='ltr'>quem</span> <span class='ocrx_word' id='word_1_439' title='bbox 1776 3582 1862 3644; x_wconf 91' lang='lat' dir='ltr'>idem</span> <span class='ocrx_word' id='word_1_440' title='bbox 1882 3585 1985 3645; x_wconf 89' lang='lat' dir='ltr'>ante-</span> 
     </span>
     <span class='ocr_line' id='line_1_87' title="bbox 1185 3677 1985 3754; baseline 0.008 -17"><span class='ocrx_word' id='word_1_441' title='bbox 1185 3692 1297 3738; x_wconf 90' lang='lat' dir='ltr'>cessor</span> <span class='ocrx_word' id='word_1_442' title='bbox 1312 3679 1425 3739; x_wconf 89' lang='lat' dir='ltr'>noster</span> <span class='ocrx_word' id='word_1_443' title='bbox 1447 3677 1488 3740; x_wconf 93' lang='lat' dir='ltr'>de</span> <span class='ocrx_word' id='word_1_444' title='bbox 1506 3695 1593 3741; x_wconf 84' lang='lat' dir='ltr'>novo</span> <span class='ocrx_word' id='word_1_445' title='bbox 1609 3681 1789 3750; x_wconf 89' lang='lat' dir='ltr'>constituit,</span> <span class='ocrx_word' id='word_1_446' title='bbox 1805 3681 1876 3754; x_wconf 90' lang='lat' dir='ltr'>tibi,</span> <span class='ocrx_word' id='word_1_447' title='bbox 1895 3682 1985 3743; x_wconf 90' lang='lat' dir='ltr'>tuis-</span> 
     </span>
     <span class='ocr_line' id='line_1_88' title="bbox 1185 3775 1985 3856; baseline 0.008 -22"><span class='ocrx_word' id='word_1_448' title='bbox 1185 3791 1248 3851; x_wconf 88' lang='lat' dir='ltr'>que</span> <span class='ocrx_word' id='word_1_449' title='bbox 1268 3775 1527 3848; x_wconf 88' lang='lat' dir='ltr'>successoribus,</span> <span class='ocrx_word' id='word_1_450' title='bbox 1546 3777 1632 3839; x_wconf 87' lang='lat' dir='ltr'>sicut</span> <span class='ocrx_word' id='word_1_451' title='bbox 1654 3778 1687 3839; x_wconf 91' lang='lat' dir='ltr'>et</span> <span class='ocrx_word' id='word_1_452' title='bbox 1705 3778 1775 3856; x_wconf 93' lang='lat' dir='ltr'>ipse</span> <span class='ocrx_word' id='word_1_453' title='bbox 1790 3779 1985 3840; x_wconf 89' lang='lat' dir='ltr'>antecessor</span> 
     </span>
     <span class='ocr_line' id='line_1_89' title="bbox 1183 3873 1982 3954; baseline 0.008 -21"><span class='ocrx_word' id='word_1_454' title='bbox 1183 3874 1296 3934; x_wconf 90' lang='lat' dir='ltr'>noster</span> <span class='ocrx_word' id='word_1_455' title='bbox 1326 3873 1444 3934; x_wconf 84' lang='lat' dir='ltr'>iecisse</span> <span class='ocrx_word' id='word_1_456' title='bbox 1473 3874 1693 3950; x_wconf 83' lang='lat' dir='ltr'>dignoscitur,</span> <span class='ocrx_word' id='word_1_457' title='bbox 1725 3877 1982 3954; x_wconf 89' lang='lat' dir='ltr'>metropolitano</span> 
     </span>
     <span class='ocr_line' id='line_1_90' title="bbox 1180 3970 1979 4052; baseline 0.01 -23"><span class='ocrx_word' id='word_1_458' title='bbox 1180 3973 1258 4047; x_wconf 91' lang='lat' dir='ltr'>jure</span> <span class='ocrx_word' id='word_1_459' title='bbox 1274 3970 1480 4048; x_wconf 88' lang='lat' dir='ltr'>subjicimus.</span> <span class='ocrx_word' id='word_1_460' title='bbox 1492 3973 1737 4035; x_wconf 78' lang='lat' dir='ltr'>verumtamem</span> <span class='ocrx_word' id='word_1_461' title='bbox 1752 3975 1979 4052; x_wconf 86' lang='lat' dir='ltr'>episcopatum</span> 
     </span>
     <span class='ocr_line' id='line_1_91' title="bbox 1182 4069 1982 4149; baseline 0.005 -19"><span class='ocrx_word' id='word_1_462' title='bbox 1182 4071 1395 4141; x_wconf 88' lang='lat' dir='ltr'>Januensem,</span> <span class='ocrx_word' id='word_1_463' title='bbox 1413 4069 1490 4132; x_wconf 88' lang='lat' dir='ltr'>otte</span> <span class='ocrx_word' id='word_1_464' title='bbox 1504 4071 1671 4144; x_wconf 81' lang='lat' dir='ltr'>videlicet,</span> <span class='ocrx_word' id='word_1_465' title='bbox 1686 4087 1725 4133; x_wconf 93' lang='lat' dir='ltr'>ac</span> <span class='ocrx_word' id='word_1_466' title='bbox 1743 4071 1893 4149; x_wconf 89' lang='lat' dir='ltr'>posteros</span> <span class='ocrx_word' id='word_1_467' title='bbox 1906 4075 1982 4136; x_wconf 90' lang='lat' dir='ltr'>tuos</span> 
     </span>
     <span class='ocr_line' id='line_1_92' title="bbox 1183 4165 1983 4247; baseline 0.006 -20"><span class='ocrx_word' id='word_1_468' title='bbox 1183 4165 1224 4227; x_wconf 91' lang='lat' dir='ltr'>ab</span> <span class='ocrx_word' id='word_1_469' title='bbox 1252 4167 1343 4227; x_wconf 90' lang='lat' dir='ltr'>omni</span> <span class='ocrx_word' id='word_1_470' title='bbox 1369 4169 1595 4245; x_wconf 86' lang='lat' dir='ltr'>emancipatos</span> <span class='ocrx_word' id='word_1_471' title='bbox 1612 4169 1817 4247; x_wconf 90' lang='lat' dir='ltr'>subjectione</span> <span class='ocrx_word' id='word_1_472' title='bbox 1830 4170 1865 4230; x_wconf 92' lang='lat' dir='ltr'>in</span> <span class='ocrx_word' id='word_1_473' title='bbox 1880 4187 1983 4232; x_wconf 93' lang='lat' dir='ltr'>manu</span> 
     </span>
     <span class='ocr_line' id='line_1_93' title="bbox 1182 4263 1983 4342; baseline 0.009 -18"><span class='ocrx_word' id='word_1_474' title='bbox 1182 4264 1318 4340; x_wconf 90' lang='lat' dir='ltr'>propria</span> <span class='ocrx_word' id='word_1_475' title='bbox 1349 4263 1454 4326; x_wconf 88' lang='lat' dir='ltr'>libere</span> <span class='ocrx_word' id='word_1_476' title='bbox 1483 4265 1676 4328; x_wconf 90' lang='lat' dir='ltr'>retinemus.</span> <span class='ocrx_word' id='word_1_477' title='bbox 1713 4267 1917 4342; x_wconf 74' lang='lat' dir='ltr'>StatuenteS,</span> <span class='ocrx_word' id='word_1_478' title='bbox 1946 4271 1983 4331; x_wconf 91' lang='lat' dir='ltr'>ut</span> 
     </span>
     <span class='ocr_line' id='line_1_94' title="bbox 1181 4363 1981 4442; baseline 0.004 -18"><span class='ocrx_word' id='word_1_479' title='bbox 1181 4363 1360 4424; x_wconf 85' lang='lat' dir='ltr'>Januensis</span> <span class='ocrx_word' id='word_1_480' title='bbox 1396 4363 1666 4442; x_wconf 88' lang='lat' dir='ltr'>archiepiscopus</span> <span class='ocrx_word' id='word_1_481' title='bbox 1704 4381 1725 4426; x_wconf 92' lang='lat' dir='ltr'>a</span> <span class='ocrx_word' id='word_1_482' title='bbox 1760 4365 1981 4442; x_wconf 80' lang='lat' dir='ltr'>suffraganeis</span> 
     </span>
     <span class='ocr_line' id='line_1_95' title="bbox 1182 4460 1979 4542; baseline 0.006 -23"><span class='ocrx_word' id='word_1_483' title='bbox 1182 4460 1252 4521; x_wconf 88' lang='lat' dir='ltr'>suis</span> <span class='ocrx_word' id='word_1_484' title='bbox 1279 4460 1444 4536; x_wconf 90' lang='lat' dir='ltr'>episcopis</span> <span class='ocrx_word' id='word_1_485' title='bbox 1472 4463 1701 4535; x_wconf 88' lang='lat' dir='ltr'>consecretur,</span> <span class='ocrx_word' id='word_1_486' title='bbox 1731 4463 1868 4540; x_wconf 91' lang='lat' dir='ltr'>pallium</span> <span class='ocrx_word' id='word_1_487' title='bbox 1892 4479 1979 4542; x_wconf 81' lang='lat' dir='ltr'>pon—</span> 
     </span>
     <span class='ocr_line' id='line_1_96' title="bbox 1181 4558 1978 4637; baseline 0.005 -18"><span class='ocrx_word' id='word_1_488' title='bbox 1181 4558 1317 4630; x_wconf 85' lang='lat' dir='ltr'>tincale,</span> <span class='ocrx_word' id='word_1_489' title='bbox 1338 4558 1465 4621; x_wconf 86' lang='lat' dir='ltr'>scilicet</span> <span class='ocrx_word' id='word_1_490' title='bbox 1486 4559 1588 4621; x_wconf 86' lang='lat' dir='ltr'>oiiicii</span> <span class='ocrx_word' id='word_1_491' title='bbox 1608 4560 1845 4637; x_wconf 90' lang='lat' dir='ltr'>plenitudinem</span> <span class='ocrx_word' id='word_1_492' title='bbox 1861 4579 1880 4622; x_wconf 89' lang='lat' dir='ltr'>a</span> <span class='ocrx_word' id='word_1_493' title='bbox 1894 4563 1978 4623; x_wconf 91' lang='lat' dir='ltr'>Sede</span> 
     </span>
     <span class='ocr_line' id='line_1_97' title="bbox 1181 4655 1978 4732; baseline 0.004 -15"><span class='ocrx_word' id='word_1_494' title='bbox 1181 4655 1372 4732; x_wconf 87' lang='lat' dir='ltr'>Apostolica</span> <span class='ocrx_word' id='word_1_495' title='bbox 1385 4658 1591 4732; x_wconf 89' lang='lat' dir='ltr'>recepturus.</span> <span class='ocrx_word' id='word_1_496' title='bbox 1609 4659 1775 4720; x_wconf 86' lang='lat' dir='ltr'>Praeterea</span> <span class='ocrx_word' id='word_1_497' title='bbox 1796 4659 1890 4720; x_wconf 93' lang='lat' dir='ltr'>illam</span> <span class='ocrx_word' id='word_1_498' title='bbox 1907 4660 1978 4720; x_wconf 91' lang='lat' dir='ltr'>sin-</span> 
     </span>
     <span class='ocr_line' id='line_1_98' title="bbox 1182 4753 1976 4840; baseline 0.003 -25"><span class='ocrx_word' id='word_1_499' title='bbox 1182 4753 1359 4815; x_wconf 87' lang='lat' dir='ltr'>cerrimam</span> <span class='ocrx_word' id='word_1_500' title='bbox 1396 4753 1618 4840; x_wconf 81' lang='lat' dir='ltr'>devotionem,</span> <span class='ocrx_word' id='word_1_501' title='bbox 1649 4755 1716 4818; x_wconf 91' lang='lat' dir='ltr'>tam</span> <span class='ocrx_word' id='word_1_502' title='bbox 1746 4757 1849 4830; x_wconf 90' lang='lat' dir='ltr'>tuam,</span> <span class='ocrx_word' id='word_1_503' title='bbox 1880 4774 1976 4835; x_wconf 88' lang='lat' dir='ltr'>quam</span> 
     </span>
     <span class='ocr_line' id='line_1_99' title="bbox 1181 4851 1977 4932; baseline 0.001 -19"><span class='ocrx_word' id='word_1_504' title='bbox 1181 4851 1327 4914; x_wconf 89' lang='lat' dir='ltr'>civitatis</span> <span class='ocrx_word' id='word_1_505' title='bbox 1353 4852 1430 4924; x_wconf 73' lang='lat' dir='ltr'>tum,</span> <span class='ocrx_word' id='word_1_506' title='bbox 1448 4853 1642 4914; x_wconf 89' lang='lat' dir='ltr'>multimoda</span> <span class='ocrx_word' id='word_1_507' title='bbox 1658 4852 1892 4932; x_wconf 90' lang='lat' dir='ltr'>obsequiorum</span> <span class='ocrx_word' id='word_1_508' title='bbox 1906 4871 1977 4915; x_wconf 89' lang='lat' dir='ltr'>ser-</span> 
     </span>
     <span class='ocr_line' id='line_1_100' title="bbox 1181 4949 1974 5026; baseline 0.001 -16"><span class='ocrx_word' id='word_1_509' title='bbox 1181 4949 1273 5022; x_wconf 76' lang='lat' dir='ltr'>vitia,</span> <span class='ocrx_word' id='word_1_510' title='bbox 1317 4965 1389 5026; x_wconf 89' lang='lat' dir='ltr'>quae</span> <span class='ocrx_word' id='word_1_511' title='bbox 1431 4953 1589 5012; x_wconf 84' lang='lat' dir='ltr'>Romanae</span> <span class='ocrx_word' id='word_1_512' title='bbox 1624 4951 1782 5012; x_wconf 83' lang='lat' dir='ltr'>Ecclesiae</span> <span class='ocrx_word' id='word_1_513' title='bbox 1824 4951 1974 5024; x_wconf 86' lang='lat' dir='ltr'>fideliter,</span> 
     </span>
     <span class='ocr_line' id='line_1_101' title="bbox 1181 5046 1976 5124; baseline 0.004 -17"><span class='ocrx_word' id='word_1_514' title='bbox 1181 5063 1219 5108; x_wconf 91' lang='lat' dir='ltr'>ac</span> <span class='ocrx_word' id='word_1_515' title='bbox 1256 5046 1441 5108; x_wconf 91' lang='lat' dir='ltr'>liberaliter</span> <span class='ocrx_word' id='word_1_516' title='bbox 1484 5047 1710 5124; x_wconf 88' lang='lat' dir='ltr'>impendistis,</span> <span class='ocrx_word' id='word_1_517' title='bbox 1748 5049 1784 5109; x_wconf 94' lang='lat' dir='ltr'>in</span> <span class='ocrx_word' id='word_1_518' title='bbox 1818 5049 1976 5111; x_wconf 90' lang='lat' dir='ltr'>memoria</span> 
     </span>
     <span class='ocr_line' id='line_1_102' title="bbox 1180 5145 1977 5224; baseline 0 -19"><span class='ocrx_word' id='word_1_519' title='bbox 1180 5145 1373 5217; x_wconf 88' lang='lat' dir='ltr'>retinentes,</span> <span class='ocrx_word' id='word_1_520' title='bbox 1391 5146 1427 5207; x_wconf 89' lang='lat' dir='ltr'>ut</span> <span class='ocrx_word' id='word_1_521' title='bbox 1447 5146 1626 5207; x_wconf 89' lang='lat' dir='ltr'>Januensis</span> <span class='ocrx_word' id='word_1_522' title='bbox 1647 5145 1767 5218; x_wconf 87' lang='lat' dir='ltr'>clerus,</span> <span class='ocrx_word' id='word_1_523' title='bbox 1788 5149 1821 5209; x_wconf 88' lang='lat' dir='ltr'>et</span> <span class='ocrx_word' id='word_1_524' title='bbox 1840 5147 1977 5224; x_wconf 91' lang='lat' dir='ltr'>populus</span> 
     </span>
     <span class='ocr_line' id='line_1_103' title="bbox 1180 5242 1976 5314; baseline 0.001 -13"><span class='ocrx_word' id='word_1_525' title='bbox 1180 5243 1222 5301; x_wconf 90' lang='lat' dir='ltr'>ad</span> <span class='ocrx_word' id='word_1_526' title='bbox 1246 5243 1431 5314; x_wconf 86' lang='lat' dir='ltr'>servitium,</span> <span class='ocrx_word' id='word_1_527' title='bbox 1457 5242 1491 5304; x_wconf 92' lang='lat' dir='ltr'>et</span> <span class='ocrx_word' id='word_1_528' title='bbox 1516 5243 1676 5303; x_wconf 90' lang='lat' dir='ltr'>bonorem</span> <span class='ocrx_word' id='word_1_529' title='bbox 1703 5243 1861 5305; x_wconf 83' lang='lat' dir='ltr'>Ecclesiae</span> <span class='ocrx_word' id='word_1_530' title='bbox 1886 5245 1976 5304; x_wconf 92' lang='lat' dir='ltr'>tanto</span> 
     </span>
     <span class='ocr_line' id='line_1_104' title="bbox 1180 5339 1974 5417; baseline 0.001 -18"><span class='ocrx_word' id='word_1_531' title='bbox 1180 5339 1363 5403; x_wconf 81' lang='lat' dir='ltr'>terrentius</span> <span class='ocrx_word' id='word_1_532' title='bbox 1392 5341 1610 5412; x_wconf 89' lang='lat' dir='ltr'>accendatur,</span> <span class='ocrx_word' id='word_1_533' title='bbox 1639 5340 1761 5417; x_wconf 89' lang='lat' dir='ltr'>quanto</span> <span class='ocrx_word' id='word_1_534' title='bbox 1790 5340 1974 5412; x_wconf 88' lang='lat' dir='ltr'>ecclesiam,</span> 
     </span>
     <span class='ocr_line' id='line_1_105' title="bbox 1180 5437 1976 5516; baseline 0.001 -17"><span class='ocrx_word' id='word_1_535' title='bbox 1180 5439 1213 5500; x_wconf 86' lang='lat' dir='ltr'>et</span> <span class='ocrx_word' id='word_1_536' title='bbox 1236 5439 1403 5501; x_wconf 86' lang='lat' dir='ltr'>civitatem</span> <span class='ocrx_word' id='word_1_537' title='bbox 1424 5441 1625 5500; x_wconf 90' lang='lat' dir='ltr'>Januensem</span> <span class='ocrx_word' id='word_1_538' title='bbox 1645 5437 1764 5500; x_wconf 87' lang='lat' dir='ltr'>aSede</span> <span class='ocrx_word' id='word_1_539' title='bbox 1788 5439 1976 5516; x_wconf 78' lang='lat' dir='ltr'>Apostolica</span> 
     </span>
     <span class='ocr_line' id='line_1_106' title="bbox 1181 5535 1977 5613; baseline 0.001 -16"><span class='ocrx_word' id='word_1_540' title='bbox 1181 5537 1374 5612; x_wconf 77' lang='lat' dir='ltr'>cognoverit</span> <span class='ocrx_word' id='word_1_541' title='bbox 1389 5535 1531 5613; x_wconf 92' lang='lat' dir='ltr'>amplius</span> <span class='ocrx_word' id='word_1_542' title='bbox 1546 5535 1718 5608; x_wconf 90' lang='lat' dir='ltr'>honorari,</span> <span class='ocrx_word' id='word_1_543' title='bbox 1737 5535 1977 5600; x_wconf 89' lang='lat' dir='ltr'>communicato</span> 
     </span>
    </p>
   </div>
   <div class='ocr_carea' id='block_1_14' title="bbox 0 0 2122 6438">
    <p class='ocr_par' dir='ltr' id='par_1_15' title="bbox 0 0 2122 6438">
     <span class='ocr_line' id='line_1_107' title="bbox 0 0 2122 6438; baseline 0 0"><span class='ocrx_word' id='word_1_544' title='bbox 0 0 2122 6438; x_wconf 95' lang='lat' dir='ltr'> </span> 
     </span>
    </p>
   </div>
  </div>
 </body>
</html>
