4200 6404
157 334 219 396 elo
582 333 670 394 xxi.
684 362 726 378 -
743 333 788 393 IN
811 331 942 394 linaro
966 329 1116 395 saNc'ri
1136 321 1377 396 na‘dnnnnn.
1745 331 1807 398 etc

156 489 417 556 sollicitudinem
432 505 532 569 super
552 491 649 566 alios,
667 492 754 555 sicut
768 493 846 555 sunt
867 507 957 571 pra-
1013 491 1298 570 lmpcenltantibus
1316 507 1396 556 vero
1417 505 1484 554 non
1508 492 1615 554 solnm
1636 493 1809 570 manased

155 591 229 652 lati.
252 589 464 650 correctione
485 589 520 649 in
535 588 726 652 hominibus
741 587 856 666 malim
872 590 958 651 sicut
1012 605 1142 668 semper
1167 592 1218 652 ast
1240 605 1428 663 onerosum,
1446 590 1502 652 aad
1521 591 1620 654 etiam
1636 592 1808 668 periculo-

156 688 239 748 sunt
252 687 303 747 illi
326 686 404 748 laici
419 687 476 764 qui
501 686 625 749 hahent
645 689 839 764 potestatem
859 703 959 764 super
1012 703 1084 748 sum
1097 705 1157 764 pro
1169 689 1294 750 aetsrna
1310 703 1406 766 qnam
1422 688 1565 752 subeunt
1583 690 1807 751 damnatione.

155 786 258 846 malis
271 784 473 867 hominibus,
489 785 576 847 ment
587 801 695 862 reges,
709 786 886 862 principes,
904 801 958 846 se-
1052 788 1174 846 Eorum
1190 801 1263 864 qua
1279 789 1504 864 postmortem
1520 803 1593 848 esse
1608 803 1809 848 commemo-

156 885 306 954 natores,
319 882 451 959 judices
465 884 498 945 et
512 882 607 944 multi
621 883 690 945 alii.
711 883 958 946 Sustentatione
1012 883 1170 955 ravimus,
1198 883 1341 960 primum
1372 885 1422 945 est
1452 885 1691 962 purgatorium,
1722 883 1809 961 quod

154 995 360 1058 pauperum3
386 978 483 1050 idest,
511 979 743 1057 eleemosynis,
770 980 857 1042 siout
881 981 958 1041 stunt
1012 981 1086 1057 pot
1109 983 1247 1043 mortem
1263 979 1438 1042 animabus
1453 981 1678 1058 expurgandis
1700 981 1809 1058 depu-

153 1078 209 1138 illi
221 1077 278 1155 qui
292 1076 415 1138 hahent
427 1091 542 1138 curam
557 1079 590 1138 et
601 1077 858 1140 sollicitudinem
875 1093 959 1154 pau·
1011 1077 1114 1139 tatum
1130 1080 1190 1140 est.
1208 1079 1393 1140 Secundum
1409 1079 1625 1151 exactorium,
1640 1078 1718 1157 qnia
1734 1078 1810 1139 ani-

153 1189 274 1252 perum
309 1173 345 1234 in
379 1172 600 1252 eleemosynis
632 1178 666 1236 et
690 1176 768 1236 aliis
802 1175 958 1252 operibus
1013 1173 1807 1254 mabussemperpuniendisestpraedestinatum.

152 1272 343 1334 charitatis.
358 1271 416 1333 isti
431 1272 567 1334 audient
583 1276 747 1334 ιΕεῖινῖυῖ
769 1273 803 1334 et
817 1269 958 1334 dedetis
1012 1273 1083 1334 Hoc
1096 1273 1137 1334 ad
1152 1273 1346 1337 memoriam
1359 1277 1505 1336 nostram
1521 1291 1589 1336 non
1602 1273 1810 1338 incommodo

152 1374 243 1433 mibi
254 1371 467 1432 manducare
483 1367 615 1448 (Matth.
631 1384 710 1441 xxv,
725 1368 791 1448 35).
911 1427 914 1434 ,
1012 1371 1198 1442 revocatur,
1225 1371 1303 1448 quia
1318 1367 1435 1433 saltem
1450 1387 1509 1448 per
1519 1372 1656 1434 timores
1678 1371 1809 1449 suppli·-

197 1467 356 1544 Sequitur
372 1481 380 1527 t
396 1468 453 1528 Mc
470 1468 649 1540 aequatur,
665 1465 762 1539 idest,
787 1483 841 1528 me
853 1465 959 1528 imite-
1013 1466 1140 1528 ciorum
1159 1481 1253 1528 mens
1268 1467 1434 1530 excitatur
1447 1468 1488 1529 ad
1505 1469 1702 1529 celebranda
1727 1467 1811 1530 testa

153 1565 225 1637 tur,
241 1565 278 1626 ut
292 1563 378 1626 siout
388 1577 450 1639 ego
465 1579 538 1624 sum
551 1564 640 1625 mitis
653 1566 686 1626 θῖ
700 1563 835 1626 humilis
846 1563 955 1636 corde,
1013 1565 1136 1626 civium
1149 1579 1380 1643 supernorum.
1398 1567 1472 1626 Non
1487 1565 1540 1626 est
1558 1565 1737 1642 superflua,
1753 1564 1810 1626 sed

154 1662 206 1724 ita
222 1664 255 1724 et
269 1661 341 1738 ipse
361 1662 416 1722 sit.
437 1659 477 1722 nt
498 1660 585 1722 sicut
599 1677 660 1738 ego
679 1661 719 1722 de
737 1660 890 1722 omnibus
902 1659 957 1720 ai·
1012 1661 1110 1724 valde
1133 1663 1323 1748 necessaria
1348 1664 1400 1724 est
1419 1663 1606 1726 recordatio
1622 1662 1809 1740 supplicio-

155 1759 302 1822 fluenter
326 1761 359 1821 θῖ
386 1773 452 1820 non
478 1759 679 1836 impropero,
705 1759 752 1820 ita
772 1759 805 1820 et
821 1757 959 1836 quilibet
1012 1775 1098 1832 rum,
1123 1761 1312 1836 invigilanti
1347 1760 1483 1824 cuilibet
1505 1760 1680 1837 acquisitio
1706 1758 1811 1836 spiri·

159 1857 367 1918 christianus
391 1854 493 1917 iaciat
507 1856 688 1916 secundum
704 1855 957 1932 possibilitatem
1012 1857 1153 1919 tualium
1164 1857 1373 1934 gaudiorum,
1388 1859 1465 1935 qula
1476 1873 1536 1934 per
1545 1857 1811 1919 recordationem

157 1952 348 2024 suamvel,
363 1955 611 2028 prosequatur,
628 1953 724 2025 idest,
744 1967 796 2014 me
809 1953 959 2015 imitetur
1014 1955 1147 2017 aeternae
1162 1953 1385 2017 damnationis
1396 1956 1562 2032 expellite
1579 1971 1614 2016 se
1628 1969 1722 2014 mens
1734 1953 1812 2013 dul-

157 2049 194 2110 in
213 2049 450 2128 predicatione
464 2049 670 2126 prudentem,
687 2051 722 2111 in
738 2051 874 2112 servitio
890 2049 958 2110 hu·
1013 2052 1164 2114 oedinem
1180 2053 1325 2114 carnalis
1336 2053 1558 2114 dilectationis
1572 2075 1580 2128 3
1604 2053 1637 2114 et
1651 2050 1810 2129 quidquid

155 2149 281 2220 mitem,
297 2148 333 2208 in
345 2147 552 2209 correctione
567 2147 788 2220 mansuetum,
805 2148 840 2208 in
854 2147 960 2223 largi·-
1013 2151 1180 2213 contraxit
1193 2165 1237 2211 ex
1251 2150 1325 2211 labe
1349 2149 1503 2212 humanas
1518 2150 1741 2226 cogitationis,
1756 2149 1813 2210 to·

155 2246 227 2307 tate
253 2244 444 2321 benignum.
476 2245 523 2306 nt
558 2249 616 2306 ubt
649 2261 728 2308 sum
753 2259 826 2321 eqo,
854 2248 900 2306 ibt
926 2245 959 2306 et
1013 2248 1082 2310 tum
1098 2247 1203 2310 abluit
1215 2263 1258 2310 en
1268 2262 1354 2325 aqua
1365 2248 1640 2326 compunctionis,
1653 2248 1688 2308 ut
1698 2246 1812 2323 postea

155 2344 322 2405 minister·
337 2357 437 2408 naeus
455 2343 524 2404 ent
541 2339 728 2420 (Joan.x11,
749 2342 814 2422 26).
831 2341 959 2420 Ubique
1014 2345 1180 2408 exhilaret
1194 2345 1313 2406 faciem
1331 2346 1366 2407 in
1383 2345 1456 2408 oleo
1471 2344 1697 2407 exultationis.
1714 2342 1812 2404 Prius

156 2441 210 2503 est
233 2439 384 2502 Christus
406 2455 465 2516 per
484 2439 747 2516 magnitudinem
762 2455 831 2502 susa
846 2439 960 2500 intini-
1015 2443 1103 2502 enirn
1127 2442 1224 2503 datur
1245 2443 1340 2504 nobis
1363 2443 1525 2518 irriguum
1547 2441 1699 2512 interius,
1725 2441 1812 2502 unde

158 2538 253 2608 tatis,
283 2536 380 2609 idest,
416 2535 835 2613 incomprehensibilitatis.
866 2537 960 2598 Unde
1015 2541 1127 2616 potum
1140 2541 1354 2616 propinamus
1367 2539 1402 2600 in
1418 2539 1618 2616 lacrymisin
1633 2552 1811 2612 mensura,

157 2635 338 2698 Psalmista
352 2658 360 2695 :
373 2637 523 2710 Mopsum
546 2639 713 2696 omnious
733 2633 766 2696 et
783 2634 961 2699 modoooss
1015 2637 1129 2712 postea
1158 2637 1321 2712 irriguum
1350 2636 1514 2713 superius,
1545 2633 1677 2714 quando
1713 2635 1811 2694 fietus

155 2736 276 2805 rttmts,
298 2733 333 2794 et
354 2733 604 2808 mopottudtnts
617 2736 693 2805 ejus
712 2747 781 2794 non
806 2733 859 2793 est
880 2731 961 2804 nats
1017 2733 1160 2811 erumpit
1170 2749 1230 2811 pro
1245 2733 1366 2810 gaudio
1381 2733 1421 2794 de
1436 2734 1534 2796 venia
1549 2732 1725 2793 consecuta
1739 2753 1746 2790 ε
1758 2731 1813 2792 vel

158 2829 232 2908 (Ρε.
248 2845 353 2900 xnnu,
369 2827 416 2906 2).
439 2831 476 2890 ln
490 2829 575 2890 coelo
587 2829 639 2890 est
658 2827 876 2890 manifestans
888 2827 962 2904 glo-
1016 2831 1103 2908 qnod
1134 2832 1222 2908 sapit
1242 2831 1384 2904 dulcius,
1406 2831 1539 2910 quando
1563 2844 1657 2890 mens
1683 2828 1814 2890 sertore

157 2927 248 2988 riam
262 2925 457 3004 majestatis,
474 2926 508 2986 in
524 2926 646 2992 mundo
661 2925 843 3003 perferens,
862 2925 959 2997 idest,
1016 2929 1188 2991 charitatis
1204 2931 1360 3002 aestuans,
1378 2931 1410 2990 et
1425 2943 1551 2989 moram
1565 2927 1635 3006 pati
1661 2925 1814 2986 nesciens

160 3024 259 3086 valde
275 3024 385 3086 serens
399 3024 541 3100 gratiam
563 3023 732 3086 bonitatis.
749 3024 864 3085 Gratia
877 3023 962 3084 dici·
1015 3025 1124 3089 fundit
1137 3026 1314 3104 lacrymas,
1327 3027 1413 3104 quod
1428 3025 1485 3087 diu
1500 3024 1691 3086 retardetur
1705 3039 1725 3084 a
1739 3023 1814 3099 glo-

158 3125 227 3195 tur,
252 3121 331 3198 quia
354 3121 459 3198 gratis
483 3121 589 3194 datur,
606 3122 639 3183 et
662 3124 712 3184 est
733 3123 853 3198 gratia,
876 3121 962 3182 idest
1015 3124 1078 3196 ria,
1096 3124 1210 3186 dicens
1230 3125 1318 3186 intra
1340 3139 1469 3186 sevoco
1483 3121 1631 3200 quaerula
1649 3143 1656 3183 ε
1674 3123 1814 3188 Quando

157 3218 375 3296 acceptabilis
388 3219 577 3296 accipienti.
599 3222 637 3282 In
652 3219 785 3282 interno
800 3233 961 3280 exercens
1016 3227 1154 3284 aeratam
1172 3223 1207 3285 et
1220 3226 1393 3297 apparebo
1414 3222 1634 3296 patefactam
1653 3219 1814 3282 nomenti

152 3317 320 3399 judicium
332 3318 515 3394 potestatis,
533 3318 587 3378 his
602 3317 658 3394 qui
673 3319 752 3379 sunt
766 3317 914 3378 damnati
925 3317 960 3377 in
1017 3317 1087 3398 (Ps.
1104 3322 1153 3392 41,
1170 3319 1216 3399 3).

155 3415 289 3476 interno
302 3415 410 3476 reddit
420 3431 480 3492 pro
489 3413 663 3476 maleficiis
676 3415 775 3491 digna
785 3415 959 3491 supplicia,
1057 3417 1116 3480 Ille
1129 3418 1388 3493 potestclamare
1399 3415 1454 3493 qui
1466 3415 1516 3476 est
1530 3415 1565 3474 in
1580 3413 1711 3475 inferno
1722 3436 1729 3473 :
1742 3416 1815 3474 Heu

156 3513 246 3574 sicut
259 3527 320 3588 pro
341 3513 437 3573 suavi
450 3512 551 3574 odore
577 3511 740 3584 ioetorem,
757 3528 816 3589 pro
833 3511 961 3572 carnali
1016 3531 1079 3586 me,
1099 3515 1205 3575 mater
1226 3529 1311 3586 mea,
1327 3514 1363 3574 ut
1377 3511 1456 3590 quid
1478 3528 1529 3572 me
1544 3510 1691 3587 genuisti
1710 3509 1815 3570 fllium
1873 3529 1876 3534 ·

160 3609 339 3674 dulcedine
350 3610 619 3672 amaritudinem.
1018 3612 1152 3684 doloris,
1166 3611 1271 3672 illium
1285 3607 1517 3671 amaritudinis
1529 3609 1562 3669 et
1576 3605 1815 3682 indignationis

199 3707 357 3782 Legimus
372 3707 458 3784 quod
474 3708 619 3786 quinque
634 3707 712 3768 sunt
730 3719 854 3782 genma
877 3722 961 3784 sup·
1018 3710 1050 3770 et
1060 3707 1255 3784 plorationis
1266 3703 1813 3781 aeternae.Curexceptusgenibus,

159 3802 359 3880 pliciorum:
386 3804 450 3866 duo
476 3807 554 3867 ante
582 3805 733 3874 mortem,
762 3803 898 3865 tertium
926 3804 962 3864 in
1018 3804 1231 3866 ourlactatus
1252 3801 1421 3876 uberibus,
1443 3803 1540 3864 natus
1557 3803 1593 3863 in
1611 3799 1815 3864 combustio-

158 3902 277 3970 morte‚
302 3902 335 3963 et
362 3901 426 3963 duo
451 3902 524 3980 post
548 3901 700 3962 mortem.
731 3900 866 3961 Illorum
889 3917 962 3979 qua
1017 3919 1104 3972 nem,
1114 3911 1147 3964 θῖ
1159 3903 1252 3964 cibus
1263 3902 1817 3979 ignisroooredeomoaeoaetstt

88 4065 89 4068 ,
159 4001 237 4064 ante
256 3997 963 4077 mortemsuntprimumlaboriosumestet
1016 4001 1818 4073 melodiuttuomconsumptueessemmeoou·

159 4095 414 4165 infructuosum,
439 4113 504 4173 quo
519 4097 699 4158 saeculares
721 4111 835 4156 curam
850 4095 962 4162 carnis
1017 4101 1069 4159 lus
1084 4113 1139 4159 me
1156 4098 1301 4159 videret.
1317 4101 1476 4160 Fuissem
1492 4100 1591 4172 quast
1606 4099 1665 4172 qut
1677 4111 1746 4159 nort
1760 4111 1817 4156 cs-

160 4195 196 4254 in
209 4193 384 4256 desideriis
397 4194 556 4256 iacientes
567 4193 770 4255 cruciantur.
786 4193 848 4266 Qui
861 4193 962 4258 nimi·
1017 4210 1099 4267 sera,
1118 4196 1328 4258 sacratarum
1346 4197 1391 4256 ad
1406 4195 1579 4255 tumulum
1591 4191 1677 4271 (tob.
1694 4209 1728 4264 x,
1746 4189 1811 4269 18).

159 4307 234 4352 rum
249 4291 357 4368 poenis
370 4294 402 4354 et
416 4292 525 4354 taediis
536 4290 747 4368 gravioribus
757 4290 960 4364 alliciuntur,
1019 4293 1187 4369 Siquidem
1201 4292 1321 4352 melius
1334 4292 1406 4352 erat
1417 4291 1460 4360 el,
1469 4290 1496 4350 si
1509 4291 1606 4352 natus
1618 4304 1684 4350 non
1695 4289 1814 4351 luisset

160 4389 258 4475 quasi
270 4389 328 4466 qui
343 4392 539 4468 paupertate
553 4389 742 4452 voluntaria
757 4389 960 4464 affliguntur.
1018 4390 1115 4450 homo
1139 4389 1207 4461 ille;
1232 4389 1310 4467 qula
1325 4387 1416 4451 ducit
1434 4387 1566 4465 quidem
1582 4386 1727 4448 inbonis
1743 4386 1813 4448 dies

161 4487 351 4552 Secundum
375 4503 442 4548 non
463 4487 513 4549 ost
528 4503 705 4548 onerosum
732 4485 789 4546 sed
814 4486 963 4550 fructuo-
1018 4501 1106 4560 suos,
1139 4487 1172 4554 et
1192 4487 1227 4547 in
1262 4487 1384 4563 puncto
1409 4485 1451 4546 ad
1473 4484 1605 4546 interna
1631 4483 1812 4548 descendit.

161 4599 245 4656 sum,
262 4585 535 4662 quopoenltentes
551 4583 962 4661 saeculolideetoperibus
1017 4586 1101 4649 Ecce
1129 4584 1235 4662 judex
1262 4583 1340 4645 ante
1361 4585 1500 4660 januam
1528 4583 1664 4644 assistit.
1690 4585 1815 4650 Tamen

160 4679 392 4744 renuntiantes
422 4683 586 4758 castigant
609 4699 729 4761 corpus
753 4697 849 4745 sunm
874 4681 961 4743 etin
1017 4681 1127 4756 etlam,
1149 4681 1329 4744 secundum
1348 4681 1597 4758 Philosophum,
1617 4679 1814 4774 meticulosa

162 4779 356 4841 servitutem
376 4779 542 4856 redigunt.
565 4779 712 4845 Tertium
727 4795 806 4841 vero
822 4779 908 4856 quod
928 4779 962 4840 in
1017 4795 1071 4842 res
1086 4781 1136 4843 est
1150 4781 1244 4842 adire
1254 4780 1402 4858 judicem
1417 4780 1450 4841 et
1463 4795 1584 4856 pavere
1601 4777 1724 4856 judicis
1739 4778 1816 4839 vul-

160 4879 268 4938 morte
282 4877 343 4946 est,
359 4878 426 4938 tam
439 4877 675 4954 penitentibus
690 4892 789 4954 quarn
806 4876 963 4955 imposui
1018 4879 1097 4940 tum.
1115 4879 1174 4939 His
1193 4879 1248 4955 qui
1263 4881 1340 4941 sunt
1354 4878 1389 4946 in
1399 4876 1522 4938 mundo
1535 4876 1591 4938 dat
1602 4877 1706 4952 gratis
1720 4875 1815 4936 varia

160 4973 308 5036 tentibus
323 4977 386 5036 etsi
402 4991 468 5037 non
491 4975 654 5048 omnibus,
670 4975 713 5037 sit
726 4975 960 5051 periculosum,
1016 4975 1176 5036 beneficia
1192 4977 1225 5037 θῖ
1238 4981 1387 5052 tempora
1399 4973 1581 5036 fructifera.
1599 4974 1669 5044 His,
1685 4971 1741 5049 qui
1748 4971 1817 5050 glo·

161 5069 315 5133 omnibus
330 5075 443 5136 tamen
458 5087 560 5148 grave
575 5077 625 5136 est
648 5075 682 5134 et
699 5072 960 5142 formidolosum,
1017 5073 1193 5135 rideantur
1213 5072 1247 5137 in
1267 5073 1363 5145 clete,
1380 5073 1516 5150 praemia
1539 5071 1751 5148 sempiterna.
1762 5069 1811 5130 lbi

162 5169 321 5231 Omnibus
337 5169 600 5240 formidolosum,
631 5171 709 5248 quia
736 5170 888 5232 omnibus
911 5170 963 5232 est
1018 5171 1083 5234 erit
1102 5169 1386 5234 ministerGhristi
1401 5183 1476 5229 oum
1487 5169 1628 5230 Christo.

162 5267 780 5345 onerosum,quandiuanniaexeundi
794 5269 963 5330 coarctari·
1059 5267 1214 5346 Sequitur
1237 5287 1244 5333 ε,
1267 5269 1306 5328 st
1331 5269 1407 5339 quta
1434 5268 1519 5327 mitt
1545 5265 1813 5338 ministraverit,

162 5365 217 5433 tur
242 5365 493 5426 exercitatione.
511 5365 574 5426 scd
599 5379 666 5425 non
679 5364 830 5426 omnibus
843 5367 893 5426 est
910 5381 963 5442 pe
1016 5357 1739 5439 bortorisloobiteumPatermeus(Joan.uu,
1746 5359 1812 5440 26).

162 5463 362 5534 riculosum,
386 5464 465 5540 quia
498 5461 734 5539 poenitentibus
766 5462 962 5539 quandoque
1016 5461 1153 5538 Triplici
1181 5460 1308 5521 honore
1338 5457 1571 5520 honorificabit
1598 5455 1720 5521 eleetos
1749 5461 1816 5519 Do-

163 5561 216 5623 est
238 5560 432 5636 gloriosum,
465 5575 538 5621 oum
561 5561 684 5622 astanti
707 5561 781 5636 post
801 5560 962 5638 parietem
1017 5559 1127 5620 minus
1158 5578 1166 5620 z
1203 5557 1364 5634 dignitate
1404 5556 1532 5634 regali,
1580 5557 1815 5620 cohaereditate

164 5657 374 5725 occurrerint
387 5657 422 5720 in
437 5658 647 5720 transitionis
666 5657 961 5724 consummatione.
1017 5655 1151 5729 Christi,
1174 5656 1208 5718 et
1229 5654 1447 5720 similitudine
1466 5655 1537 5718 Dei.
1561 5657 1738 5733 ntpmtate
1757 5671 1816 5718 ro-
