4200 6404
289 252 348 316 us
458 203 461 208 ¹
755 219 1474 302 aouca11u1crnsn.-·ssnuouss.
1899 240 1955 302 150

287 420 332 480 ln
353 413 471 478 dtebm
492 411 567 484 ains
589 401 842 472 emanaverunt
859 397 960 474 petet
976 411 1086 474 aeuo-
1140 395 1217 458 ditis
1233 395 1315 458 suis.
1332 395 1434 460 Debet
1448 395 1609 474 praelatus
1630 397 1809 476 corrigere
1825 399 1863 462 et
1877 413 1954 462 cas-

289 528 381 584 eum,
399 511 432 572 et
444 509 543 583 quest
561 517 661 568 mare
681 499 857 573 adimpleti
874 497 956 558 suet
976 510 1086 570 supra
1139 494 1247 570 ligare
1265 493 1397 570 iniquos
1416 496 1450 556 et
1474 509 1649 572 perversos
1663 495 1840 568 subditos,
1859 497 1910 560 ita
1922 500 1955 562 ut

289 605 556 687 modumliicoli.
574 619 605 676 ι,
631 599 677 679 3).
703 597 799 662 Putei
823 609 985 672 aquarum
1010 595 1086 654 sunt
1140 593 1274 655 revocet
1284 591 1444 669 superbos
1453 592 1494 654 ad
1506 593 1954 667 bumilitatem,luxuriosos

289 707 368 771 libri
390 704 578 766 dunarum
594 698 851 776 scripturarum,
866 692 923 770 qui
944 707 1084 754 emana·
1140 688 1181 751 ιι
1197 689 1448 764 continentiam,
1466 687 1630 754 violentos
1651 692 1692 754 ad
1715 693 1954 758 mansuetudi-

289 803 410 868 uerunt
436 801 472 862 in
488 799 604 861 diebus
625 795 715 857 beati
742 790 905 870 Gregorii,
922 789 999 867 quia
1014 789 1085 866 ipse
1140 803 1227 860 nem,
1244 803 1364 850 avaros
1378 787 1420 849 ad
1440 787 1639 865 largitatem.
1664 790 1700 852 Si
1724 790 1900 868 praelatus
1915 792 1956 853 ie-

289 901 352 964 run
370 898 541 977 expositor
561 894 757 958 Sanctarum
779 889 1036 967 scripturarum,
1053 887 1086 948 et
1141 885 1345 948 ceritomnia
1356 885 1433 958 ista,
1448 886 1526 948 tunc
1544 887 1665 950 occidit
1685 903 1839 962 vermes,
1855 889 1952 963 idest,

288 1000 362 1076 ipse
376 993 603 1058 manifestavit
619 1006 740 1069 aquam
763 985 936 1065 sapientiae
958 984 1087 1046 saluta-
1140 982 1318 1046 daemones.
1340 983 1434 1046 Unde
1454 985 1630 1062 Apostolus
1658 1008 1665 1046 :
1691 987 1881 1061 certene
1898 991 1954 1048 tn-

289 1095 350 1158 ris.
368 1098 447 1168 Quae
463 1109 549 1171 aqua
563 1088 718 1168 usquead
730 1087 860 1163 tempus
876 1086 948 1161 ejus
963 1080 1087 1144 latebat
1140 1082 1952 1164 peteres,consommtntpesuuvetmes(1Thess,

288 1193 325 1255 in
338 1192 459 1254 divinis
481 1190 575 1252 libris
600 1187 695 1266 quasi
717 1185 754 1246 in
777 1171 950 1262 profundis
964 1180 1083 1258 puteis.
1141 1177 1204 1250 14).

289 1291 329 1353 Et
343 1289 438 1367 quasi
451 1303 544 1350 mare
553 1283 725 1362 adimpleti
739 1282 817 1344 sunt
826 1295 927 1358 supra
940 1278 1084 1348 modum,
1182 1279 1260 1348 Quae
1277 1275 1365 1338 enim
1388 1279 1495 1356 major
1517 1278 1748 1342 misericordia
1770 1279 1811 1344 et
1843 1280 1950 1357 pietas

288 1387 366 1465 quia
379 1384 492 1448 multae
510 1382 736 1461 expositiones
751 1378 846 1441 facte
862 1378 938 1439 sunt
955 1393 974 1438 a
989 1375 1086 1438 beato
1141 1374 1213 1447 est,
1224 1389 1323 1451 quam
1345 1375 1474 1438 animas
1498 1376 1710 1439 morientium
1732 1377 1952 1440 subditorum

289 1481 451 1560 Gregorio
466 1497 509 1543 ex
525 1479 641 1558 paucis
655 1477 751 1538 libris
767 1473 1024 1552 scripturarum.
1139 1471 1322 1545 vivificare,
1339 1474 1491 1536 errantes
1505 1474 1548 1535 ad
1569 1474 1658 1536 viam
1679 1475 1830 1552 justitie
1857 1477 1954 1538 redu-

331 1580 460 1652 Terti0,
487 1578 573 1640 siout
600 1575 651 1637 sal
682 1573 876 1636 mundificat
905 1572 1020 1634 dentes
1047 1585 1086 1632 ac
1140 1585 1227 1643 cere,
1241 1569 1364 1632 tractos
1377 1571 1597 1645 consolidare,
1616 1573 1752 1634 moestos
1772 1575 1812 1636 et
1828 1589 1953 1650 paupe·

286 1693 380 1750 vasa,
399 1677 447 1738 ita
463 1675 621 1754 praelatus
634 1672 730 1734 debet
743 1669 971 1738 mundificare,
987 1669 1083 1740 idest,
1140 1683 1194 1729 res
1214 1668 1401 1730 consolaril
1416 1669 1494 1731 Ideo
1516 1668 1565 1733 ait
1581 1673 1728 1733 loannes
1744 1671 1784 1732 in
1802 1686 1950 1748 persona

230 1821 231 1824 η
287 1773 449 1838 mundare
471 1772 629 1852 populum
648 1769 712 1832 sibi
734 1769 946 1831 commissum
961 1766 1086 1829 avitiis
1141 1765 1313 1843 quusdam
1336 1764 1467 1842 praelati
1491 1787 1499 1828 ι
1521 1770 1649 1845 angelo
1671 1771 1844 1832 Ecclestae
1860 1772 1949 1832 Scr-

287 1873 322 1936 et
335 1871 480 1951 peccatis
493 1871 527 1933 et
541 1869 582 1932 ab
598 1867 751 1932 omnibus
762 1865 933 1930 erroribus
948 1878 1007 1942 per
1016 1851 1087 1926 ιιι-
1140 1864 1302 1926 dts:ltsto
1316 1867 1465 1940 owenus
1482 1865 1516 1928 et
1534 1868 1702 1940 constrata
1715 1871 1950 1942 reliquaque

287 1969 366 2032 bum
381 1957 640 2047 predicationis,
664 1965 762 2035 idest,
781 1981 841 2043 per
855 1963 1039 2026 doctrinam
1054 1961 1087 2024 et
1139 1961 1317 2024 moriture
1331 1962 1434 2024 erant
1451 1959 1567 2042 (Apoc.
1590 1979 1641 2037 m,
1661 1962 1707 2044 2).
1729 1964 1947 2038 charissimi,

288 2066 526 2143 magisterium,
542 2081 604 2143 per
623 2063 810 2140 exemplum
827 2061 922 2123 bonae
945 2075 1087 2123 conver-
1136 2060 1207 2137 jam
1222 2059 1391 2122 moriturae
1408 2060 1485 2123 sunt
1500 2061 1621 2123 animae
1636 2061 1863 2136 subditorum,
1883 2063 1947 2124 nisi

287 2165 439 2237 sationis,
453 2164 549 2236 idest,
564 2161 810 2240 perhonestum
823 2159 925 2222 vitam
940 2160 974 2220 et
987 2174 1087 2220 sanc-
1140 2156 1379 2220 confirmentur
1392 2158 1590 2235 quantocius
1607 2175 1667 2236 per
1685 2175 1805 2222 curam
1829 2161 1865 2224 et
1886 2159 1949 2222 sol·

285 2264 353 2325 tam
382 2260 678 2332 conversationem,
699 2273 759 2337 per
779 2257 1000 2336 patrocinium
1024 2255 1085 2317 de·
1139 2253 1347 2317 licitudinem
1369 2256 1595 2332 prelatorum.
1620 2257 1693 2329 Qui,
1717 2259 1747 2321 si
1767 2259 1944 2337 torpentes

286 2361 464 2435 tensionis3
482 2358 560 2437 quia
573 2359 715 2436 quisque
729 2356 887 2434 praelatus
902 2353 999 2417 debet
1012 2369 1085 2416 esse
1141 2351 1173 2414 et
1194 2352 1401 2430 negligentes
1429 2353 1510 2426 sint,
1543 2354 1608 2432 ipsi
1639 2355 1801 2419 viderint.
1826 2359 1946 2420 Nonne

288 2457 389 2522 tantae
402 2457 616 2536 perfectionis
629 2453 858 2517 ethonestatis
877 2453 913 2514 ut
934 2467 1008 2514 cum
1019 2468 1084 2529 pu·
1139 2451 1250 2527 posuit
1262 2467 1322 2512 nos
1339 2451 1497 2514 Dominus
1512 2452 1664 2515 custodes
1675 2454 1716 2516 ad
1729 2453 1945 2531 vigilandum

291 2551 391 2618 ritate
406 2553 618 2618 conscientiae
640 2567 710 2614 suae
728 2551 834 2630 possit
851 2550 892 2612 ad
907 2552 1011 2612 Deum
1025 2549 1084 2611 in-
1139 2548 1172 2610 et
1192 2548 1234 2609 ad
1260 2548 1614 2626 circumspicienduml
1639 2551 1687 2613 Ad
1713 2552 1941 2629 vigilandum,

285 2653 456 2716 tercedere
480 2666 539 2728 pro
565 2666 602 2712 se
629 2650 663 2713 et
696 2665 756 2726 pro
784 2648 930 2726 peccatis
951 2647 1082 2710 alienis.
1139 2645 1321 2708 secundum
1336 2646 1422 2724 quod
1439 2647 1513 2724 ipse
1529 2649 1578 2710 ait
1589 2650 1775 2726 apostolis:
1798 2651 1942 2728 Vigilate

286 2751 381 2813 Unde
408 2747 610 2828 preceptum
636 2747 687 2810 est
714 2747 749 2808 in
775 2746 849 2822 lege
873 2746 1015 2824 Moysis,
1049 2746 1085 2807 ut
1138 2745 1173 2805 et
1197 2745 1313 2818 orate,
1337 2745 1377 2806 nt
1399 2760 1469 2808 non
1486 2746 1628 2808 intretis
1652 2747 1944 2812 intentationem

201 2863 230 2902 ·.
288 2848 443 2912 sacerdos
462 2846 629 2922 acciperet
649 2843 855 2906 thuribulum
883 2845 917 2906 et
930 2843 1085 2920 impleret
1139 2839 1256 2921 (Marc.
1281 2857 1350 2915 xm,
1369 2840 1435 2923 38).
1457 2843 1506 2904 nd
1535 2845 1876 2922 circumspiciendum
1895 2861 1942 2908 se·

286 2946 465 3023 illudigne,
481 2943 578 3015 idest,
594 2941 768 3005 charitatis
781 2941 911 3003 ardore.
924 2941 1083 3017 Hicignis
1138 2940 1282 3002 cundum
1309 2941 1395 3018 quod
1419 2941 1565 3019 loquitur
1590 2941 1626 3003 in
1652 2943 1829 3006 Ezechiele
1852 2947 1941 3006 :Fili

284 3045 336 3106 est
350 3043 498 3105 charitas
524 3056 597 3118 quae
621 3055 753 3116 semper
775 3037 872 3100 debet
894 3039 1013 3100 ardere
1048 3039 1083 3099 in
1137 3041 1572 3114 contemperationem
1599 3042 1940 3106 dectttedontuils·
2029 3033 2030 3040 '

284 3141 383 3204 corde
394 3138 588 3202 sacerdotis.
606 3137 699 3199 Unde
713 3137 750 3198 in
764 3137 908 3199 canucis
924 3136 1082 3198 Cantico—
1137 3141 1212 3198 ruet
1227 3134 1359 3215 (Ezech.
1379 3152 1429 3210 ιιι,
1451 3135 1515 3216 17).
1539 3140 1626 3215 Ergo
1641 3139 1671 3199 si
1685 3141 1879 3217 speculator
1893 3155 1937 3210 es,

283 3255 378 3302 rum:
394 3241 501 3312 Acuca
510 3237 628 3298 multoe
640 3234 863 3310 conpescunt
876 3234 1083 3310 eettnpnere
1136 3233 1190 3294 vel
1203 3234 1325 3306 custos,
1342 3234 1446 3312 vigila
1461 3236 1495 3297 et
1509 3235 1737 3314 circumspice.
1757 3239 1837 3300 Non
1852 3238 1937 3300 enim

283 3335 490 3399 cbarttutent
515 3332 622 3414 (Cant.
649 3347 726 3404 v111,
752 3328 798 3411 7),
824 3331 903 3409 quia
927 3331 1082 3392 sacerdos
1136 3332 1247 3408 posuit
1258 3331 1291 3394 te
1302 3331 1460 3394 Dominus
1471 3333 1508 3394 ut
1518 3332 1675 3404 dormias,
1687 3335 1744 3396 sed
1758 3337 1795 3398 ut
1805 3336 1934 3412 vigiles,

283 3433 380 3496 debet
393 3433 471 3495 thus
483 3445 663 3508 apponere,
677 3429 773 3502 idest,
786 3429 937 3490 devotam
952 3429 1081 3490 oratio·
1137 3444 1204 3491 non
1219 3431 1256 3492 ut
1269 3428 1409 3492 stolidus
1424 3445 1572 3503 maneas,
1588 3432 1646 3493 sed
1661 3433 1697 3494 ut
1712 3435 1852 3511 provide
1864 3433 1932 3496 cir·
2029 3427 2030 3504 l

283 3549 359 3594 nem
375 3547 433 3609 pro
454 3528 574 3609 populo
590 3527 654 3589 sibi
670 3527 846 3590 commisso
860 3529 927 3588 Deo
948 3526 1080 3599 offerre,
1136 3527 1346 3604 cumspicias,
1364 3543 1431 3590 non
1455 3530 1493 3591 ut
1509 3529 1665 3602 dormias,
1685 3531 1763 3608 quia
1778 3533 1839 3610 qui
1853 3531 1931 3592 dor·
2029 3523 2030 3594 t

283 3630 317 3693 et
337 3630 384 3691 ita
410 3628 536 3690 intrare
557 3627 593 3689 in
618 3625 740 3688 Sancta
758 3625 966 3697 Sanctorum,
982 3623 1079 3696 idest,
1136 3625 1257 3698 miunt,
1279 3625 1376 3688 nocte
1400 3625 1583 3700 dormiunt,
1609 3629 1714 3705 etqui
1734 3628 1821 3691 ebrii
1840 3629 1928 3700 sunt,

284 3725 487 3805 perbonam
511 3724 745 3800 cogitationem
768 3723 801 3785 et
823 3737 941 3800 puram
955 3722 1083 3784 oratio·
1136 3724 1233 3787 nocte
1248 3722 1332 3784 ebrii
1358 3725 1450 3796 sunt,
1476 3725 1532 3788 sed
1557 3725 1594 3788 ut
1614 3727 1750 3804 vigiles,
1772 3729 1853 3805 qma
1879 3726 1932 3805 qui
2029 3723 2030 3790 l

284 3839 361 3886 nem
373 3821 548 3900 pervenire
561 3819 603 3880 ad
618 3819 693 3881 coeli
705 3820 840 3896 palatia.
1135 3837 1233 3884 mane
1246 3821 1462 3898 vigilaverint
1482 3823 1524 3884 ad
1540 3823 1747 3900 sapientiam,
1761 3825 1932 3889 invenient

324 3918 461 3982 Praelati
486 3915 717 3988 ecclesiarum,
740 3917 897 3992 episcopi,
913 3917 1078 3990 videlicet,
1135 3919 1239 3981 illam.

285 4019 318 4081 et
341 4013 530 4078 sacerdotes
540 4029 599 4092 pro
623 4012 769 4090 peccatis
784 4013 885 4074 totius
901 4013 1014 4091 populi
1029 4015 1082 4075 di·
1175 4020 1310 4094 Ergc,o
1335 4017 1385 4078 illi
1403 4017 1564 4091 hominis,
1581 4018 1610 4080 si
1623 4018 1734 4082 custos
1755 4035 1802 4092 es,
1818 4019 1928 4096 vigila,
2029 4023 2030 4032 ‘

282 4116 396 4179 vinam
427 4109 691 4174 misericordiam
727 4109 848 4172 debent
879 4111 1080 4188 quotidianis
1135 4114 1213 4192 quia
1238 4115 1310 4191 ipse
1344 4115 1502 4176 Dominus
1528 4123 1641 4178 noster
1674 4119 1725 4180 est
1752 4119 1864 4181 custos
1892 4116 1929 4176 de

284 4209 582 4291 supplicationibus
606 4209 640 4271 et
662 4207 781 4270 hostiis
804 4207 994 4285 implorare.
1022 4209 1080 4271 Isti
1135 4212 1241 4284 nocte,
1259 4213 1292 4274 et
1305 4211 1424 4288 vigilat
1443 4228 1543 4290 super
1563 4214 1721 4291 populum
1747 4232 1855 4278 suum.
1873 4205 1929 4274 Vi-

282 4313 372 4374 enim
386 4326 446 4388 pro
458 4307 600 4371 infirmis
616 4307 649 4369 et
664 4304 894 4386 peccatoribus
909 4296 1006 4368 orare
1021 4306 1081 4368 de·
1133 4309 1213 4386 gila,
1228 4309 1306 4386 quia
1316 4309 1352 4372 in
1364 4309 1480 4386 vigilia
1494 4310 1657 4372 matutina
1672 4313 1763 4375 venit
1773 4314 1926 4374 Dominus

282 4409 372 4481 bent,
389 4409 467 4485 quia
493 4406 600 4468 oratio
621 4405 760 4468 istorum
787 4403 852 4467 cito
874 4405 1024 4468 ascendit
1038 4407 1078 4467 ad
1134 4407 1175 4470 ad
1197 4407 1387 4485 discipulos.
1411 4407 1532 4484 Vigila,
1556 4409 1635 4485 quia
1662 4411 1813 4486 pastores
1835 4407 1927 4473 erant

282 4510 407 4571 Jesum.
436 4504 495 4566 Isti
518 4504 637 4566 debent
661 4519 736 4565 esse
765 4503 965 4566 mediatores
990 4505 1080 4566 inter
1133 4506 1168 4567 in
1182 4505 1318 4581 regione
1332 4504 1402 4577 illa,
1419 4505 1641 4568 custodientes
1667 4507 1802 4583 vigilias
1823 4505 1924 4570 noctis

283 4606 387 4666 Deum
403 4603 436 4664 et
457 4601 620 4672 homines,
638 4601 671 4661 et
684 4600 759 4662 ideo
775 4600 859 4661 tales
872 4601 992 4662 debent
1005 4617 1078 4663 esse
1133 4618 1233 4680 super
1242 4617 1376 4679 gregem
1390 4619 1498 4664 suum.
1515 4603 1638 4680 Vigila,
1654 4605 1732 4683 quia
1747 4603 1925 4682 vigilabant

282 4701 319 4762 ut
336 4699 403 4760 sint
423 4698 510 4774 grati
529 4698 640 4759 Decet
652 4696 778 4773 accepti
791 4696 990 4758 hominibus.
1003 4699 1078 4760 Istis
1133 4701 1303 4772 mulieres,
1326 4700 1458 4777 quando
1479 4700 1634 4764 viderunt
1648 4703 1804 4780 angelum
1818 4703 1860 4766 ad
1875 4716 1925 4762 se-

282 4798 395 4860 datum
416 4794 466 4857 est
475 4810 573 4856 nosse
587 4793 745 4871 mysteria
757 4793 851 4869 regni
864 4794 934 4867 Dei,
949 4797 1078 4858 caeteris
1132 4797 1318 4878 pulchrum.
1334 4797 1457 4874 Vigila,
1474 4798 1551 4874 quia
1569 4799 1598 4860 si
1614 4801 1715 4862 sciret
1737 4797 1925 4878 paterfami-

282 4897 394 4960 autem
412 4894 447 4956 in
468 4891 649 4970 parabolis.
673 4891 731 4953 Isti
754 4907 829 4953 eum
855 4906 999 4966 movere,
1022 4894 1077 4956 isti
1132 4897 1273 4974 liasqua
1294 4895 1377 4958 bora
1401 4893 1627 4958 surrecturus
1651 4897 1749 4970 esset,
1775 4893 1923 4974 vigilaret

282 5003 358 5057 eum
373 4992 518 5062 flectere,
535 4991 569 5052 et
580 4989 621 5051 ad
637 4988 901 5052 misericordiam
915 4990 1078 5054 inclinare
1133 4995 1246 5072 utique
1261 4993 1294 5055 et
1305 5008 1372 5054 non
1388 4992 1513 5055 sineret
1531 4993 1659 5071 periodi
1674 4995 1806 5058 domum
1822 5008 1920 5057 suam.
1981 5016 1984 5022 ¹

282 5091 430 5171 possunt.
443 5091 483 5151 st
495 5089 513 5150 J
517 5103 658 5149 oannes:
669 5088 732 5154 Qut
743 5087 809 5150 scit
816 5089 967 5163 fratrem
975 5105 1079 5153 suum
1132 5096 1158 5155 Ο
1173 5091 1223 5153 fili
1236 5089 1394 5162 hominis,
1411 5105 1560 5167 operare,
1578 5092 1655 5154 dum
1669 5092 1798 5170 tempus
1813 5093 1918 5160 babes,

275 5186 610 5265 pectorepeccctum
624 5198 693 5246 uon
706 5185 918 5260 camertem,
930 5189 1005 5250 oret
1010 5201 1078 5263 pro
1132 5191 1211 5269 quia
1235 5187 1292 5266 qui
1314 5187 1432 5249 lecerit
1454 5189 1488 5251 et
1510 5189 1661 5252 docuerit
1682 5191 1730 5252 sic
1757 5191 1919 5260 homines,

281 5302 332 5356 ec,
350 5285 534 5348 etdcbtter
553 5286 585 5345 et
599 5282 1079 5356 vttapeecaetteonaunwr-
1132 5301 1272 5364 magnus
1291 5284 1465 5347 vocabitur
1485 5286 1521 5346 in
1537 5301 1641 5362 regno
1656 5287 1825 5350 coelorum.
1842 5289 1921 5364 Ope-
2029 5291 2030 5294 ’

283 5385 353 5446 tem
380 5378 454 5461 (Dp.
482 5383 579 5478 toan.
599 5395 633 5452 v,
659 5376 723 5459 16).
748 5379 871 5451 Quarto
893 5401 901 5440 ι
923 5381 1010 5444 sicut
1028 5384 1078 5444 sal
1117 5400 1220 5461 rare,
1237 5382 1396 5462 quianon
1411 5381 1579 5446 auditores
1594 5384 1694 5461 legis,
1712 5385 1769 5448 sed
1784 5385 1918 5448 ractores

283 5479 405 5542 occidit
417 5493 558 5551 vermes,
579 5477 626 5540 ita
647 5474 804 5556 prelatus
817 5476 913 5540 debet
928 5479 1078 5542 occidere
1128 5481 1211 5560 justi
1226 5481 1303 5544 sunt
1321 5479 1409 5558 apud
1432 5482 1547 5542 Deum.
1574 5484 1730 5559 operare,
1747 5483 1825 5561 utria
1840 5493 1917 5544 unus
1945 5539 1947 5546 ,

282 5591 422 5648 vermes,
438 5575 535 5648 idest,
549 5575 631 5638 vitia
654 5575 688 5638 et
704 5574 840 5652 peccata
856 5575 891 5636 in
907 5591 943 5638 se
958 5578 991 5639 et
1005 5578 1078 5640 sub·
1133 5580 1272 5665 quisque
1300 5577 1484 5641 mercedem
1514 5594 1608 5641 suam
1637 5581 1779 5660 accipiet
1805 5593 1918 5644 secun-
