4234 6442
166 225 227 288 313

159 386 290 462 gratam
311 386 482 463 habentes,
502 389 537 454 et
554 390 672 463 ratam,
693 389 787 456 illam
804 393 955 458 auctori-

159 483 227 546 tate
250 486 439 562 apostolica
466 486 710 561 confirmamus,
730 491 763 553 et
781 493 955 568 praesentis

801 232 1031 297 EPISTOLAE.
1054 234 1134 304 ΜΒ.
1158 238 1183 298 1.

1748 252 1809 314 314

1050 396 1171 462 Datum
1204 398 1372 474 Laterani,
1395 416 1456 479 per
1483 417 1619 468 manum
1644 408 1808 486 Ravnerh

1012 494 1045 557 S.
1063 499 1101 560 R.
1120 499 1156 558 Ε.
1171 497 1480 574 Vicecanchellarii,
1500 505 1520 564 4
1540 519 1647 567 nonas
1676 509 1805 583 martii,

159 583 275 660 scripti
290 584 465 661 privilegio
481 587 782 652 communimusEt
792 591 870 666 quia
886 607 957 667 spe·
1010 593 1082 656 Ind.
1098 597 1138 666 V,
1155 597 1286 659 incarn.
1303 598 1483 662 Dominicae
1498 617 1586 665 anno
1606 605 1695 678 1217,
1718 623 1806 684 pon-

1011 691 1156 756 tificatus
1165 711 1246 756 vero
1256 696 1397 758 Honorii
1412 701 1512 776 Papae
1529 702 1576 762 111
1585 717 1673 766 anno
1686 704 1804 781 primo.

160 697 283 754 samue,
303 683 389 759 quod
403 683 468 759 ipsi
483 685 590 761 magis
605 685 762 764 prodesse
775 688 953 762 desideres,

159 795 256 857 quam
271 795 426 857 praeesse,
447 782 600 844 nolumus
615 786 651 848 ut
671 785 843 859 honorem,
858 803 955 865 quem

157 877 218 938 tihi
233 891 333 953 super
354 877 418 940 hoc
440 880 647 954 exhibemus,
671 883 847 946 attendens
871 901 955 947 onus

158 974 190 1034 01
204 974 428 1050 provisionem
442 976 548 1055 ipsius
563 981 758 1044 monasterii
770 982 883 1046 taliter
894 999 956 1044 ex-

157 1073 319 1149 sequaris,
334 1075 421 1152 quod
433 1076 468 1138 in
481 1077 731 1156 temporalibus,
748 1082 781 1143 et
795 1082 955 1158 spiritua·
977 1081 978 1090 ’

156 1168 245 1232 libus
271 1186 331 1247 per
348 1172 442 1236 tuum
468 1176 625 1247 studium,
641 1179 778 1240 auctore
800 1180 951 1254 Domino,

155 1267 366 1342 reformetur,
382 1287 446 1336 nec
459 1274 507 1346 tu,
522 1290 585 1338 nec
599 1291 808 1340 successores
822 1278 871 1342 tui
883 1279 955 1357 pri-

155 1365 316 1442 vilegium
339 1369 493 1433 amittere
519 1374 728 1444 mereamini,
744 1376 774 1436 si
795 1391 953 1440 concessa

154 1462 249 1525 vobis
269 1465 365 1528 abusi
388 1467 519 1532 fueritis
542 1471 715 1548 potestate.
729 1475 952 1538 ,secernimus

155 1577 246 1638 ergo,
265 1563 301 1624 ut
315 1563 399 1626 nulli
412 1567 547 1629 omuino
559 1569 731 1634 hominum
746 1572 846 1634 liceat
861 1589 952 1650 prae-

155 1659 257 1722 iatam
276 1663 453 1726 ecclesiam
468 1668 657 1731 Lunensem
675 1670 800 1734 temere
815 1673 951 1748 pertur-

153 1757 245 1830 bare,
275 1760 334 1822 aut
364 1765 436 1839 ejus
463 1767 690 1841 possessiones
722 1769 866 1843 auferre,
895 1771 953 1833 aut

153 1855 282 1918 ablatas
306 1859 461 1933 retinere,
490 1863 652 1938 minuere,
676 1881 736 1928 eeu
751 1868 952 1944 quibuslibet

153 1955 386 2018 vexationibus
414 1957 570 2036 fatigare,
597 1962 655 2024 sed
683 1964 794 2026 omnia
820 1965 951 2042 integra

155 2055 393 2117 conserventur
407 2071 533 2129 eorum,
553 2074 613 2136 pro
627 2076 768 2138 quorum
782 2061 953 2137 guberna-

154 2150 245 2214 tione
259 2167 298 2213 ac
312 2153 553 2218 sustentatione
568 2171 727 2220 concessa
742 2160 821 2221 sunt
833 2159 950 2222 usibus

66 2287 69 2291 -
154 2249 350 2312 omnimodis
369 2251 553 2328 profutura,
575 2254 669 2316 salva
690 2256 784 2318 Sedis
803 2257 950 2334 Aposto-

152 2345 227 2410 licae
248 2349 456 2412 auctoritate.
480 2351 517 2413 Si
533 2369 598 2429 qua
616 2353 732 2429 igitur,
751 2355 814 2417 etc.
832 2359 948 2429 Amen,

152 2447 269 2518 Amen,
283 2449 400 2510 nmen.

195 2545 262 2618 Ego
282 2545 461 2620 Honorius,
487 2547 660 2610 catholicae
684 2549 836 2612 ecclesiae
861 2550 952 2628 epis-

154 2655 267 2717 copus,

192 2738 363 2812 Nicolaus,
379 2741 587 2804 Tusculanus
602 2742 788 2821 episcopus.

192 2836 308 2908 Gnido,
326 2839 602 2900 Praenestinensis
617 2841 803 2918 episcopus.

191 2934 378 3012 hugolinus
391 2937 578 3000 Hostiensis
595 2939 628 3000 et
646 2939 851 3002 veletrensis
867 2938 950 3018 epis·

152 3048 263 3110 copus.

192 3130 359 3207 Pelagius
375 3130 574 3194 Albanensis
587 3132 774 3218 episcopus.

192 3228 309 3300 (tuido,
321 3230 353 3290 S.
365 3229 687 3296 Nicolaiincarcere
697 3231 850 3292 Tulliano
862 3230 947 3293 diac.

151 3326 243 3388 card.

192 3423 403 3498 Octavianus,
432 3425 489 3488 SS.
514 3425 623 3503 Sergii
650 3426 684 3489 et
711 3425 833 3490 Bacchi
861 3427 947 3488 diac.

152 3523 242 3584 card.

192 3622 382 3697 Gregorius,
401 3621 514 3682 Sancti
532 3619 699 3682 Theodori
713 3621 799 3682 diac.
816 3620 907 3682 card.

191 3719 393 3797 Reynerius,
422 3719 553 3781 Sanctae
574 3719 690 3780 Mariae
717 3717 754 3778 in
775 3717 948 3778 cosmedin

151 3816 236 3878 diac.
253 3817 343 3879 card.

190 3918 371 3986 Romanus,
389 3913 502 3975 Sancti
516 3911 634 3989 Angeli
649 3911 734 3976 diac.
750 3903 854 3974 card.'

189 4012 446 4084 nlebrandinus,
456 4011 570 4073 Sancti
582 4011 753 4073 Eustachii
763 4011 946 4074 diaccard.

191 4109 390 4186 Stephanus
406 4109 518 4171 Sancti
530 4099 669 4171 Adriani
682 4109 768 4170 diac.
783 4109 873 4171 card.

190 4207 362 4286 Cynthius,
396 4207 446 4270 tit.
485 4210 518 4270 S.
547 4208 721 4270 Laurentii
753 4208 791 4269 in
823 4205 948 4269 Lucina

151 4306 260 4385 presb.
277 4306 368 4368 card.

188 4409 266 4479 Leo,
294 4405 345 4468 ut.
369 4407 402 4466 S.
418 4404 534 4467 Crucis
548 4404 584 4464 in
607 4401 818 4466 Hierusalem
834 4401 945 4481 presb.

151 4503 240 4566 card.

190 4603 320 4674 Petrus,
333 4602 367 4662 S.
381 4600 597 4664 pudentianae
612 4600 662 4663 tit.
677 4599 826 4662 Pastoris
836 4597 946 4677 presb.

151 4698 241 4760 card.

192 4794 366 4867 Robertus,
382 4795 432 4857 tit.
446 4798 478 4857 S.
494 4796 654 4874 Stephani
668 4797 704 4860 in
719 4797 821 4862 Coelio
836 4798 948 4861 moute

151 4893 260 4974 presb.
277 4893 367 4954 card.

191 4991 381 5070 Gregorius,
408 4990 460 5052 tit.
486 4991 616 5054 Sanctae
631 4993 816 5056 anastasiae
836 4993 945 5072 presb.

151 5092 241 5154 card.

189 5191 344 5263 Thomas,
361 5189 411 5251 tit.
429 5187 560 5250 Sanctae
577 5186 708 5248 Sabinae
723 5188 834 5265 presb.
855 5189 945 5250 card.

191 5291 319 5363 Petrus,
332 5289 395 5362 tit,
409 5289 442 5349 S.
455 5285 628 5348 Laurentii
637 5285 673 5346 in
683 5288 824 5350 Damaso
835 5287 945 5364 presb.

151 5388 240 5449 card.

189 5487 375 5559 lohannes,
410 5483 461 5548 tit.
493 5482 623 5546 Sanctae
647 5481 809 5546 Praxedis
836 5483 946 5561 presb.

151 5583 240 5646 card.

1345 919 1479 1010 GGLII

1092 1089 1144 1149 Ad
1158 1091 1341 1152 universos
1354 1092 1470 1163 sidetes
1483 1095 1726 1170 recompensa

1300 1190 1513 1254 constitutor.

1301 1333 1318 1391 1
1333 1341 1415 1391 111111.
1430 1336 1510 1394 latr.

1009 1453 1138 1516 [Thalnam
1156 1453 1239 1506 Codes
1261 1455 1436 1518 diplonmticus
1454 1457 1561 1508 1101111111
1580 1461 1731 1524 temporalis.
1750 1465 1771 1513 1.
1784 1463 1804 1524 1,

1313 1551 1339 1601 p.
1351 1535 1394 1598 tl,
1404 1547 1434 1588 n·
1444 1537 1498 1604 aa]

1008 1699 1151 1760 Fidelihus
1168 1703 1331 1777 campanie
1349 1704 1496 1764 lohannes
1519 1705 1598 1765 card.
1619 1723 1644 1766 s.
1667 1709 1804 1770 Praxedis

1234 1801 1326 1852 rector
1339 1796 1570 1855 commendatur.

1045 1953 1213 2015 Honorius
1223 1954 1535 2032 episcopusservus
1546 1973 1719 2021 servorum
1729 1961 1800 2036 Dei,

1006 2050 1135 2112 dilectis
1162 2051 1240 2112 tiliis
1264 2053 1430 2114 universis
1451 2055 1604 2117 fidelihus
1624 2059 1748 2120 nostris
1768 2058 1802 2122 in

1006 2149 1186 2228 Campania
1205 2150 1404 2228 constitutis,
1426 2153 1566 2216 salutem
1585 2154 1618 2216 01
1631 2156 1801 2237 Apostoli-

1006 2263 1078 2308 cam
1092 2246 1368 2310 benedictionem.

1046 2344 1089 2406 Ut
1116 2346 1272 2423 specialis
1299 2347 1486 2410 devotionis
1520 2349 1676 2422 allectus,
1704 2370 1802 2430 quern

1005 2445 1320 2521 ergavostanquam
1330 2445 1494 2522 speciales
1501 2447 1700 2523 apostoncae
1709 2452 1803 2512 Sedis

1005 2540 1092 2601 filios
1111 2541 1145 2602 et
1162 2541 1278 2604 fideles
1297 2542 1468 2614 hahemus
1493 2546 1654 2621 appareat
1677 2546 1802 2610 clarius

1004 2639 1040 2698 ln
1053 2638 1184 2712 effectu,
1198 2653 1325 2717 eaquae
1337 2639 1378 2700 ad
1401 2655 1516 2717 pacem
1532 2643 1565 2703 01
1576 2643 1721 2720 quietem
1731 2661 1804 2708 ves·

1004 2735 1091 2797 tram
1108 2736 1274 2800 credimus
1293 2738 1481 2815 provenire,
1500 2741 1802 2821 quantumcumque

1005 2833 1108 2895 simus
1137 2835 1216 2896 aliis
1240 2836 1384 2912 negotiis
1416 2839 1580 2914 occupati,
1610 2841 1802 2904 nullatenus

1004 2932 1225 3008 praeterimus,
1235 2933 1315 3010 quin
1325 2934 1397 3011 ipsa
1412 2931 1571 2996 lamiliari
1582 2936 1725 3014 quadam
1738 2940 1803 3002 sol·

1004 3028 1176 3093 licitudine
1190 3046 1419 3108 procuremus.
1440 3035 1528 3095 Sane
1541 3051 1642 3112 quum
1659 3035 1800 3100 dilectus

1004 3127 1093 3190 tilius
1117 3129 1298 3203 10010111,
1323 3132 1430 3193 sancti
1451 3131 1617 3194 Theodori
1641 3133 1802 3198 dlaconus

1003 3227 1196 3300 cardinalis,
1215 3229 1304 3290 circa
1318 3229 1469 3306 quaedem
1482 3223 1611 3308 majora
1625 3233 1802 3310 sollicitus,

1004 3341 1111 3402 nuper
1122 3325 1219 3388 nobis
1230 3326 1330 3388 terrae
1341 3327 1460 3389 vestrae
1473 3329 1722 3392 renunciaverit
1733 3347 1804 3394 rec·

1002 3423 1135 3492 toriam,
1161 3439 1222 3484 nos
1247 3424 1398 3487 nolentes
1425 3441 1486 3487 vos
1515 3427 1655 3488 rectorls
1682 3429 1802 3492 solatio

1004 3519 1206 3590 defraudari,
1230 3537 1318 3582 nunc
1337 3509 1482 3584 maxime
1502 3539 1603 3599 qairrm
1623 3523 1804 3589 dissentio-

1003 3619 1056 3679 nis
1075 3619 1109 3679 et
1129 3617 1280 3680 scandali
1303 3617 1408 3680 lomes
1422 3619 1559 3684 timetur
1576 3621 1748 3697 intervos,
1765 3625 1802 3686 in

1003 3717 1151 3779 vestrum
1172 3715 1382 3793 dispendium
1405 3718 1627 3792 suscitandus,
1648 3736 1725 3784 ecce
1744 3722 1801 3784 di-

1002 3815 1124 3877 lectum
1147 3814 1253 3875 illium
1274 3817 1448 3888 loannem,
1469 3815 1559 3879 tituli
1581 3819 1614 3879 S.
1638 3821 1801 3883 Praxedis
1909 3873 1912 3878 .

1003 3912 1114 3990 presb.
1128 3913 1232 3986 card,
1245 3912 1355 3974 vlrum
1370 3914 1485 3992 utique
1504 3915 1679 3992 providum
1698 3919 1732 3981 et
1745 3919 1803 3981 ho·

1001 4011 1151 4083 nestum,
1177 4011 1437 4088 magnanimiter
1457 4011 1491 4074 et
1511 4014 1664 4090 potenter
1682 4013 1801 4096 [agen-

1002 4108 1095 4190 teml,
1111 4110 1152 4172 de
1163 4111 1259 4188 cutus
1269 4111 1392 4173 virtute
1407 4110 1441 4172 et
1461 4110 1626 4172 industria
1644 4112 1801 4176 fiduciam

1003 4207 1201 4280 obtinemus,
1223 4207 1317 4269 vobis
1339 4206 1547 4284 providimus
1566 4209 1602 4268 in
1622 4211 1798 4275 rectorem.

1004 4305 1165 4378 Quocirca
1186 4304 1439 4366 universitatem
1461 4306 1607 4366 vestram
1627 4323 1800 4374 monemus

1002 4404 1036 4466 et
1054 4404 1229 4466 hortamur
1254 4402 1390 4474 attente,
1412 4417 1473 4479 per
1494 4404 1684 4480 Apostolica
1705 4405 1800 4471 vobis

1003 4501 1126 4579 scripta
1158 4501 1299 4562 tirmiter
1330 4499 1555 4577 precipiendo
1590 4503 1798 4580 mandantes,

1002 4601 1166 4678 quatenus
1184 4599 1304 4676 ipsum,
1322 4613 1419 4676 quem
1434 4613 1494 4675 pro
1511 4614 1647 4662 suorum
1662 4603 1802 4680 exigen-

1001 4697 1049 4761 tia
1069 4697 1262 4760 meritorum
1281 4695 1370 4758 inter
1386 4695 1514 4760 ceteros
1533 4696 1654 4760 iratres
1669 4702 1800 4764 nostros

1002 4795 1223 4875 praerogativa
1245 4795 1434 4857 dilectionis
1449 4796 1483 4856 et
1499 4796 1617 4871 gratiae
1633 4798 1802 4877 complec-

1002 4896 1103 4958 timur
1113 4892 1262 4970 speciali,
1275 4893 1445 4954 studentes
1453 4895 1612 4970 tanquam
1622 4909 1800 4971 personam

1002 4993 1150 5056 nostram
1180 4990 1377 5067 propensius
1408 4990 1586 5064 honorare,
1619 4991 1660 5052 de
1688 4993 1799 5055 cetero

1002 5091 1066 5155 sibi
1091 5090 1249 5166 tanquam
1274 5085 1397 5148 rectori
1419 5087 1532 5148 100110
1556 5088 1729 5150 humiliter
1765 5089 1799 5154 01

1002 5187 1183 5252 efficaciter
1203 5184 1394 5257 intendatis,
1416 5183 1533 5246 devote
1552 5201 1592 5247 ac
1606 5189 1799 5251 reverenter

1001 5289 1107 5366 ipsius
1118 5282 1327 5362 obsequendo
1337 5282 1556 5360 beneplacitis
1568 5286 1601 5346 01
1610 5285 1795 5363 praeceptis,

1001 5387 1048 5448 ita
1070 5383 1157 5463 quod
1182 5383 1266 5460 ipse,
1288 5382 1345 5459 qui
1371 5381 1517 5443 naturali
1537 5383 1614 5459 jure
1636 5383 1798 5448 hactenus

1001 5485 1116 5547 tenere
1127 5497 1185 5544 vos
1199 5479 1323 5552 dilexit,
1340 5469 1488 5541 tenerius
1498 5480 1617 5542 amodo
1629 5481 1797 5559 diligendo

1002 5581 1044 5644 ad
1063 5579 1230 5660 proiectus
1244 5579 1372 5643 vestros
1386 5575 1545 5640 reddatur
1559 5580 1655 5642 modo
1669 5581 1798 5646 studio-
