4162 6424
363 314 423 372 555
982 315 1157 376 HONORII
1180 317 1225 374 111
1247 315 1396 376 OPERA,
1929 322 1970 383 556

364 473 472 544 detur,
496 473 647 534 canonici
670 473 817 550 ejusdem
840 472 990 536 ecclesiae
1011 473 1052 535 ad
1077 490 1159 552 quas
1212 475 1353 537 consilio
1368 474 1403 535 in
1419 474 1517 550 plena
1539 473 1666 550 synodo
1680 474 1814 551 provide
1828 477 1969 550 ordIuasli,

366 568 531 630 ordinabo
547 569 690 644 pertinet
704 568 966 647 praebendarum,
983 571 1100 633 nolunt
1117 571 1158 632 ad
1214 571 1250 632 ut
1263 571 1400 633 abbates
1414 571 1447 632 et
1461 571 1630 647 praepositi
1642 571 1828 647 regularem
1839 572 1970 635 intalihui

365 666 601 727 conterendum
617 667 774 728 vacantes
789 666 984 746 praebendas
1006 667 1159 745 personis
1214 669 1367 730 ecclesiis
1389 668 1589 730 dioecesaais
1610 668 1774 746 episcopis
1800 670 1972 746 presbyteros

364 763 492 824 idoneis
508 763 720 840 concordare,
738 764 816 826 licet
828 765 869 826 ad
883 765 946 826 hoc
959 781 1016 826 eos
1027 781 1161 828 manue·
1214 764 1452 841 repraesentent
1473 765 1529 842 qui
1553 765 1680 826 eisdem
1698 765 1857 843 episcopis
1871 767 1905 826 de
1923 769 1973 844 ple-

364 860 409 921 666
421 862 542 938 saepius
553 861 739 937 diligenter.
756 862 914 924 Nolentes
928 863 1031 940 igitur
1045 863 1161 940 praeta·
1214 861 1359 923 bisaura
1372 861 1605 938 respondeant,
1618 861 1667 922 eis
1679 878 1757 924 vero
1768 863 1808 923 de
1819 863 1906 924 rebus
1917 867 1973 925 ten·

365 958 432 1019 tam
448 959 622 1020 ecclesiam
637 959 757 1021 debitis
775 958 942 1038 obsequiis
963 961 1087 1022 diutius
1102 960 1161 1020 de-
1215 959 1383 1036 poralibus
1394 959 1557 1020 rationem
1568 959 1748 1021 exhibeant
1757 965 1971 1036 competentem,

365 1055 525 1128 fraudari,
547 1057 739 1118 discretioni
762 1061 881 1119 vestrae
899 1073 959 1133 per
972 1057 1161 1135 apostolica
1215 1058 1314 1134 prout
1329 1057 1364 1117 in
1390 1056 1539 1118 Concilio
1561 1057 1780 1118 Lateranensi
1802 1059 1938 1120 statutum
1952 1063 1974 1120 et

365 1154 489 1230 scripta
513 1153 708 1216 mandamus
729 1157 891 1232 quatenus
912 1154 1162 1216 dictoscanani·
1215 1171 1316 1231 super
1330 1155 1365 1214 in
1379 1154 1528 1230 generali
1544 1154 1748 1216 innovatum.

366 1267 423 1312 cos
451 1252 626 1313 scelestam
648 1253 754 1329 ipsam
779 1253 820 1313 de
851 1252 1004 1330 personis
1030 1251 1161 1313 idoneis
1255 1254 1331 1312 XIII
1354 1250 1515 1312 kalendas
1538 1252 1703 1321 Ianuarii,
1729 1267 1816 1313 anno
1835 1252 1975 1328 pontifica-

365 1350 402 1409 66
425 1349 612 1426 praebendis
628 1350 821 1414 vacantibus
837 1350 924 1412 inira
947 1351 1074 1412 certum
1097 1352 1163 1411 ter·
1215 1349 1269 1410 tus
1284 1352 1326 1411 11.

366 1443 492 1504 minum
510 1445 748 1522 praefigendum
763 1461 783 1506 a
797 1445 902 1517 vobis
919 1461 987 1507 non
1007 1444 1162 1506 differant
1256 1446 1345 1507 Idem
1360 1445 1656 1522 Historiograpbus
1666 1445 1845 1522 provinciae
1858 1445 1975 1506 salzbur·

365 1541 522 1602 ordinare
543 1542 705 1606 moneatis
719 1543 909 1619 prudenter,
927 1544 960 1604 et
982 1541 1163 1604 efficaciter
1215 1543 1328 1618 gensis
1344 1543 1459 1604 narrat
1474 1543 1560 1620 quod
1576 1543 1740 1620 sequitur:

366 1639 543 1700 inducatis.
567 1640 658 1710 Quod
683 1641 710 1700 si
725 1641 858 1701 monitis
878 1639 998 1702 vestris
1014 1638 1162 1716 acquies·
1256 1640 1423 1701 Honorius
1450 1643 1496 1701 Ill
1522 1639 1724 1715 significavit
1751 1655 1812 1717 per
1836 1641 1974 1716 epistolam

366 1750 442 1796 care
457 1751 522 1796 nan
535 1739 736 1809 curaverint,
753 1753 813 1800 vos
827 1737 949 1802 extunc
965 1735 1161 1814 praebendas
1217 1736 1383 1813 Rudigero
1394 1737 1550 1813 episcopo
1560 1737 1761 1807 Chiamensi,
1779 1737 1975 1797 archidiacono

365 1833 456 1909 ipsas
478 1835 631 1909 personis
666 1835 795 1896 idoneis
822 1835 952 1896 sublato
984 1831 1162 1910 quuslibet
1217 1835 1447 1896 Karinlbiensi
1459 1837 1492 1896 et
1512 1834 1637 1896 decano
1651 1834 1838 1896 6666666666
1851 1835 1976 1895 directam

367 1930 649 2002 contradictionis,
673 1933 707 1992 et
726 1932 959 2008 appellationis
978 1928 1160 2002 obstaculo,
1217 1931 1330 2010 eisque
1350 1931 1519 1994 mandavit
1542 1933 1578 1993 ut
1597 1932 1682 2008 quod
1705 1947 1764 2008 per
1789 1931 1977 1993 Eberhardum

367 2026 555 2088 conseratis.
594 2028 860 2090 contradictores
897 2043 958 2104 per
987 2041 1163 2089 censuram
1217 2029 1504 2106 arehieptseopum
1539 2045 1640 2104 super
1667 2029 1720 2088 lits
1746 2028 1897 2089 abusibus
1920 2043 1978 2103 pro-

368 2123 629 2184 ecclesiasticam
642 2125 866 2201 appellatione
881 2125 1164 2202 postpositacom·
1217 2125 1292 2186 vide
1316 2126 1427 2186 actum
1450 2126 1512 2195 est,
1535 2113 1793 2202 percensuram
1810 2123 1977 2186 ecclesiasti-

368 2222 550 2296 pescentes.
577 2221 722 2294 Quodsi
750 2238 817 2284 non
844 2238 969 2296 omnes,
991 2223 1067 2294 etc,
1098 2220 1162 2282 duo
1217 2237 1290 2282 cam
1306 2221 1631 2284 tirmiterabserrari
1645 2221 1782 2284 faciant.

369 2317 601 2389 vestrumetc.
1257 2321 1363 2381 XVIII
1395 2320 1464 2382 lial.
1492 2321 1568 2384 Ian.
1604 2336 1692 2388 anno
1720 2319 1918 2397 pontificatus
1939 2332 1980 2376 se·

407 2414 526 2477 Datum
539 2415 695 2476 Laterani
709 2415 819 2486 idibus
830 2414 1014 2479 decembris
1029 2414 1164 2494 pontiti-
1218 2425 1337 2487 cundo,

368 2513 854 2576 catusnostriaanosecuudo.
1537 2532 1695 2618 LXXIX

666 2719 866 2806 LXXVIII
1218 2674 1419 2736 Adabbates
1435 2673 1979 2750 samltstepaeatfferotpotamr,

1018 2811 1021 2816 ·
1258 2774 1299 2832 de
1317 2774 1463 2832 Abusea.
1485 2771 1701 2844 Eistetettst's,
1722 2772 1756 2833 et
1781 2770 1979 2834 scholasticam

448 2880 500 2939 Ad
525 2880 765 2940 Eberhardam
791 2879 1085 2951 archiepiscopum
1258 2869 1520 2946 augustensem.

586 2975 870 3049 sarzaarpensem
884 2971 943 3054 (1)·
1480 2988 1756 3050 innocentulam.

671 3095 704 3154 II
717 3094 779 3154 dea.
793 3095 871 3152 1217.
1318 3103 1497 3169 [Wardtweim
1510 3103 1581 3156 Nova
1594 3104 1722 3164 Subsidia,
1738 3109 1757 3154 t.
1775 3105 1817 3163 nt,
1832 3119 1855 3168 p.
1869 3101 1914 3165 ta]

423 3208 547 3273 [nither
559 3209 620 3272 Res·
633 3208 677 3260 der
693 3209 756 3262 8⁸¹2·
772 3209 912 3268 nrzbisen,
925 3208 981 3268 ²¹4·
996 3224 1023 3262 ¹¹·
1036 3208 1104 3274 195·]
1254 3212 1488 3272 commissarium
1498 3211 1644 3270 Pontidcis
1655 3211 1682 3268 in
1693 3225 1781 3268 causa
1795 3207 1957 3283 quarumdam

264 3393 269 3398 ι
369 3316 494 3376 Ilaborat
509 3317 668 3374 66666666
687 3317 842 3390 apostoliea
866 3316 1075 3376 ordinationem
1097 3331 1163 3389 pro·
1317 3298 1909 3373 ³¹00110⁰¹¹¹¹¹fflwtssssffltlisefflssfflfflsss·
2028 3325 2029 3346 ³

402 3408 524 3480 6086811]
549 3404 585 3464 dd
611 3405 1164 3479 abus¹¹⁸<³⁰¹¹¹dt³¹1d⁰⁸lss(lllillllldfflss
1259 3427 1442 3498 Honorius,
1471 3427 1546 3496 666..
1583 3426 1713 3488 dilectis
1746 3426 1860 3488 tiliis...
1895 3418 1979 3483 Sancti
2028 3493 2029 3510 ἵ

402 3495 540 3552 emim·
1221 3525 1380 3601 Stephani
1405 3523 1664 3600 Herbipolensis,
1689 3527 1757 3585 et...
1783 3525 1823 3588 de
1842 3522 1979 3585 ahusen...
2028 3535 2029 3578 I

407 3620 610 3697 significasti
634 3620 739 3693 nobis,
768 3621 866 3698 quod,
901 3637 1002 3698 quum
1031 3621 1164 3704 quidam
1220 3621 1414 3684 Eistetensis
1443 3621 1606 3693 dioecesis,
1637 3620 1812 3682 abbatibus
1840 3621 1903 3681 et...
1927 3629 1981 3676 sco·

367 3717 501 3779 abbates
521 3719 554 3780 et
568 3719 737 3795 praepositi
751 3719 924 3794 regulares
938 3720 1005 3781 tuae
1022 3719 1164 3796 provin·
1219 3717 1337 3780 lastIco
1351 3718 1552 3794 augustensi
1568 3719 1719 3786 salutem,
1736 3719 1800 3780 etc.

367 3817 427 3876 ciae
450 3816 484 3874 in
502 3815 652 3876 ecclesiis
665 3815 919 3893 baptismalibus
937 3817 971 3878 et
985 3816 1165 3892 parocbia·
1261 3816 1474 3878 Praeseirtatae
1496 3815 1592 3877 nobis
1617 3815 1814 3878 dilectorum
1837 3814 1981 3874 tiliorum...

367 3911 454 3972 libus
480 3927 546 3973 non
570 3913 666 3989 plene
690 3913 933 3988 pertinentibus
962 3912 1003 3974 ad
1024 3913 1165 3974 eosdem
1220 3911 1394 3976 abbatibus
1426 3912 1645 3974 Eberbacens.
1676 3914 1825 3990 Magoni.
1853 3913 1934 3973 dirae.
1957 3907 1981 3964 G.

369 4010 606 4081 instituissent,
637 4011 751 4072 contra
775 4009 1010 4070 lateranensis
1041 4008 1164 4071 statuta
1221 4009 1338 4072 decani
1364 4010 1441 4071 novi
1469 4010 1661 4072 manasterii
1682 4009 1914 4088 Herbipalens„
1934 4003 1980 4062 et...
2027 4079 2028 4088 ἵ

369 4107 514 4179 concilii,
532 4108 712 4169 monachos
728 4107 761 4168 et
781 4107 960 4170 canonicos
979 4106 1163 4182 regulares,
1222 4107 1391 4184 praepositi
1430 4107 1598 4186 SpirensIs
1634 4107 1754 4172 litterae
1788 4101 1981 4170 continebant,
2027 4173 2028 4180 χ

368 4206 424 4281 qui
458 4205 608 4266 viventes
642 4203 873 4281 irregulariter
911 4204 1016 4265 multa
1045 4203 1167 4265 illicita
1221 4204 1307 4282 quod
1329 4205 1468 4265 666666
1485 4203 1672 4265 dederimus
1697 4205 1820 4268 nostris
1841 4199 1943 4264 litteris
1960 4193 1982 4252 lb

368 4303 615 4365 committebant
645 4302 681 4362 in
707 4302 825 4364 salutis
853 4317 921 4364 suaa
943 4301 1164 4378 dispendium,
1221 4301 1400 4373 mandatis,
1432 4301 1468 4363 ut
1492 4300 1534 4362 de
1554 4299 1773 4366 electionibus
1800 4302 1874 4362 de...
1897 4293 1983 4356 abbate

368 4398 579 4476 opprobrium
612 4399 740 4460 ordinis
771 4400 804 4461 et
831 4398 1024 4460 scandalum
1060 4397 1168 4474 pluri·
1222 4398 1432 4475 Elwangensi
1447 4396 1506 4477 (2),
1522 4400 1603 4460 etC.
1621 4399 1769 4477 portario
1788 4395 1834 4478 (3)
1850 4385 1982 4457 Fuldenst

369 4510 508 4567 morum,
532 4497 569 4557 66
592 4495 707 4557 rolens
736 4494 850 4556 morbo
878 4495 957 4555 huic
984 4510 1166 4571 congruum
1221 4495 1256 4556 in
1272 4495 1429 4556 Fuldensi
1445 4496 1646 4558 monasterio
1666 4491 1907 4572 Herbipolensis
1921 4486 1984 4549 bie-

368 4593 550 4652 remedium
583 4591 761 4663 adbibere,
798 4592 838 4651 de
880 4591 1167 4666 suffraganeorum
1222 4607 1287 4652 ees.
1306 4589 1365 4672 (i),
1394 4590 1569 4653 celebrans
1596 4591 1805 4668 inquirerent
1826 4581 1983 4664 dIIIgentiis

370 4691 501 4750 tuorum
529 4705 569 4750 ac
598 4688 740 4750 aliorum
772 4688 921 4751 virorum
957 4689 1167 4767 prudentium
1221 4690 1398 4752 veritatem
1427 4691 1459 4751 et
1485 4689 1680 4750 electionem
1704 4705 1803 4766 qiiam
1830 4673 1984 4750 invenirent

405 4857 447 4929 (l)
470 4859 546 4914 Inter
565 4857 707 4930 Epistolas
726 4871 845 4929 quarum
869 4872 900 4915 ar
923 4864 1038 4918 umente
1058 4865 1166 4916 tantuin
1222 4855 1290 4913 illud
1311 4855 1450 4928 siquidem
1470 4857 1498 4914 S.
1514 4857 1689 4925 benedictae,
1705 4857 1777 4928 Reg.
1794 4869 1856 4926 cap.
1873 4851 1913 4934 lid,
1927 4848 1982 4902 insti·

369 4931 484 5003 cognita
499 4937 565 4986 sunt
586 4935 751 4986 numeratur
766 4930 820 4988 ista
837 4927 872 4985 ad
890 4931 912 4985 Ε
933 4927 1097 4986 erhardum.
1114 4930 1165 4988 At·
1223 4935 1314 4984 tuerat
1334 4927 1379 4984 tiis
1393 4927 1508 4984 verbis:
1525 4949 1536 4976 ι
1554 4925 1597 4983 Ad
1616 4933 1727 4998 partam
1745 4931 1902 4983 manasterii
1919 4927 1983 4990 pena·

368 5011 465 5059 taurea
487 4999 617 5058 Potitiast
631 5013 666 5056 ex
684 4999 803 5058 ltcilber
816 4998 958 5072 excerpsit
974 4997 1166 5074 fragmentum
1223 4998 1516 5069 introrumpere,
1539 4997 1587 5068 666
1607 4998 1678 5054 sciat
1698 4997 1828 5068 accipere
1849 4997 1984 5066 responsuri

369 5088 385 5130 a
400 5073 483 5128 nobis
498 5085 641 5130 6666666.
1222 5075 1250 5124 ct
1261 5067 1387 5135 reddere,
1403 5068 1484 5139 cuius
1495 5068 1643 5124 maturitas
1653 5083 1719 5126 euni
1733 5082 1788 5124 aon
1800 5067 1871 5122 sinat
1881 5072 1983 5130 vagari...

407 5145 447 5217 (t)
468 5143 542 5200 Obtit
558 5157 605 5199 an.
623 5141 702 5210 6666,
724 5143 921 5200 Hartmaaaea
935 5139 1024 5198 abbas
1044 5139 1165 5201 Fuldan·
1222 5138 1270 5211 qui
1288 5139 1439 5210 portarius,
1452 5139 1476 5196 si
1491 5137 1602 5212 indiget
1619 5139 1732 5206 solatio,
1744 5137 1883 5210 juniorem
1898 5129 1985 5186 tration

369 5214 590 5286 sis:eligentas
610 5212 706 5269 abiere
720 5213 749 5268 in
790 5220 875 5270 artas.
895 5213 990 5269 Gloria
1012 5211 1100 5269 abbas
1120 5211 1165 5268 El·
1223 5209 1282 5265 acci
1305 5211 1382 5266 iat.»
1814 5275 1819 5286 ¹
1944 5267 1948 5277 ,

370 5283 712 5359 wangensispraetiaitnr.
731 5229 962 5341 vigbetammt.
980 5282 1079 5340 tiator.
1097 5282 1166 5338 Fal·
1224 5350 1229 5359 ¹
1258 5225 1303 5351 (be
1319 5281 1388 5338 Cum
1415 5277 1555 5362 liuldense
1580 5279 1783 5360 monasterium
1809 5289 1866 5357 666
1893 5269 1985 5360 nultius

370 5357 460 5423 darie,
475 5363 494 5411 t.
516 5357 540 5424 I,
562 5371 589 5427 p.
606 5355 657 5411 Iao
671 5360 699 5410 et
715 5354 872 5410 Ctraaiccn
891 5353 1075 5479 166666ηὲ6666
1092 5351 1169 5422 apud
1220 5365 1278 5422 pani
1295 5353 1480 5432 blogunluue,
1501 5349 1548 5406 tric
1566 5363 1634 5406 vera
1656 5348 1865 5431 llerbipolensis
1883 5341 1985 5415 diaron

370 5427 475 5482 Frater
488 5426 624 5495 Scriptor.
637 5425 702 5481 Iler.
718 5423 821 5491 Gerar,
837 5431 857 5480 t.
875 5426 897 5492 I,
931 5467 937 5480 .
954 5423 987 5480 67
1008 5459 1017 5476 .
1222 5435 1286 5478 csse
1299 5421 1418 5489 dIcatur,
1436 5419 1500 5478 vide
1519 5435 1553 5477 ea
1569 5434 1631 5490 quae
1646 5419 1769 5476 diximus
1786 5423 1850 5474 laeti
1865 5414 1914 5470 III.
1931 5412 1983 5464 66·

406 5496 447 5566 (3)
468 5499 543 5552 Loco
555 5497 584 5554 C.
607 5493 729 5552 sortasse
749 5497 781 5552 G.
803 5509 895 5567 paneri
919 5509 989 5562 66;
1009 5494 1085 5550 circa
1100 5492 1168 5552 Illud
1222 5492 1297 5548 casis
1312 5493 1441 5566 Mogunt
1456 5492 1483 5548 66
1496 5491 1656 5549 archidiac.
1673 5489 1821 5558 distinctae,
1833 5503 1859 5560 p.
1875 5483 1928 5542 tit-
1941 5487 1984 5542 seq.

368 5573 482 5638 teinpus
499 5567 576 5622 enim
598 5568 720 5624 accurrit
738 5564 894 5622 Gerlacbus
908 5563 1064 5637 portarius,
1088 5564 1168 5636 cujus
1224 5562 1427 5636 (vurdtwain).

370 5637 495 5692 alliciam
517 5637 580 5693 eine
599 5636 685 5694 dubia
707 5642 795 5694 unuin
814 5650 850 5693 ex
872 5634 1073 5696 vetustioribus
1096 5642 1166 5705 erat,
