4104 6392
276 254 333 311 771
898 245 1074 306 HONORII
1097 243 1147 306 111‘
1164 245 1313 307 OPERA.
1886 247 1958 304 772

277 424 346 473 non
361 409 495 486 expedit
509 411 545 470 ut
559 407 635 472 litas
654 408 732 468 sunt
748 405 865 467 calidis
891 406 924 467 et
947 404 1076 468 frivolis
1131 405 1260 478 dantes,
1281 407 1379 483 Juxta
1412 405 1553 466 formam
1579 405 1739 468 Ecclesiae
1765 419 1900 466 munus
1923 405 1956 465 ei

278 506 569 569 adinventionibus
603 503 823 573 immortales,
863 503 1076 580 praesentium
1132 501 1273 564 fecimus
1303 500 1522 565 absolutionis
1543 502 1701 580 impendi,
1718 502 1886 564 eumdem
1910 502 1954 563 ad

277 605 371 670 vobis
397 603 594 665 auctoritate
620 599 842 679 praecipiendo
869 599 1075 672 mandamus,
1132 617 1191 662 vos
1207 617 1281 662 cum
1299 603 1412 662 nostra
1427 601 1460 662 et
1476 600 1635 662 Ecclesiae
1651 603 1817 662 Romanae
1833 600 1955 677 gratia

278 699 620 779 quatenuspraedictis
636 697 803 776 prioribus
822 698 943 760 litteris
965 699 998 759 et
1018 713 1079 758 ex·
1132 700 1349 761 remittentes.
1381 699 1499 760 Datum
1529 701 1642 760 Romae
1669 698 1759 776 apud
1777 701 1954 759 Sanctum

278 798 483 876 ceptionihus
510 813 577 858 non
604 796 811 859 obstantibus
827 840 835 868 ,
867 811 941 858 cum
966 799 1080 858 trans·
1133 797 1267 859 Petrum
1282 798 1357 858 XIV
1370 795 1530 858 kalendas
1541 796 1629 872 junii
1644 811 1735 858 anno
1750 795 1925 858 secundo.

277 895 387 957 missae
408 894 526 956 advos
549 893 669 955 litterae
690 894 730 954 de
754 894 867 954 nostra
887 894 920 956 et
938 891 1078 956 fratrum

277 994 465 1054 nostrorum
499 990 701 1053 conscientia
737 990 942 1062 emanarint,
981 991 1078 1067 juxta
1442 955 1633 1044 CCLXJ'H

278 1089 469 1152 earumdem
485 1089 634 1150 tenorem
653 1087 689 1149 in
708 1089 840 1164 negotio
856 1089 929 1164 ipso
948 1089 1079 1149 ratione
1133 1091 1185 1151 Ad
1202 1087 1389 1150 sacristam
1409 1092 1663 1152 Massiliensem
1682 1090 1950 1163 elccmmprcs-

280 1186 405 1264 praevia
416 1185 617 1263 procedatis.
626 1185 745 1247 Datum
758 1189 871 1248 Romae
881 1185 967 1262 apud
980 1187 1081 1246 Sano-
1279 1187 1433 1260 posnam
1447 1190 1600 1261 ejusdcm
1621 1189 1784 1249 ecclcsiae.

279 1285 348 1349 blm
358 1284 492 1346 Petrum
499 1285 559 1346 XV
568 1279 701 1345 kalend.
714 1283 803 1361 junii
818 1299 905 1344 anno
921 1283 1078 1344 secundo.
1427 1291 1461 1348 ll
1479 1291 1548 1348 maii
1567 1290 1646 1350 lile.

406 1395 412 1411 ·
1166 1386 1916 1452 [acnst.‚nb.ll,0pm.llss.usstarorssduraeil4

595 1477 763 1564 GCLXH
1016 1487 1019 1494 “
1147 1485 1282 1546 Concedit
1296 1493 1327 1544 ut
1340 1485 1499 1544 sacristiam
1519 1487 1639 1544 retineat
1658 1499 1814 1543 assensum
1830 1485 1936 1544 dando

372 1622 424 1681 Ad
439 1623 621 1682 acrclccrsos
635 1621 751 1692 fideles
764 1620 989 1682 Christianos
1175 1573 1946 1738 ΗοῃοὲῒξϋοέἱέῙιΙθέἱῖθξῖροὲἷᾯηω’θέωςη

669 1742 685 1754 ,,
1347 1722 1356 1749 r
1443 1719 1464 1748 η
1719 1719 1755 1736 ···

575 1741 781 1801 ¹⁹¹¹¹³¹¹¹²¹⁸·
1135 1773 1352 1834 massanensi.

300 1855 420 1918 langas,
433 1853 479 1905 ¹³¹³·
490 1855 521 1914 ¹¹2
535 1855 610 1920 epist.
628 1856 699 1906 ¹¹⁰¹·
714 1857 772 1906 ²¹⁸⁸·
786 1856 822 1906 ¹¹⁸
834 1857 911 1906 ¹³⁰&
922 1856 957 1906 ‘¹¹¹
970 1854 1063 1920 aneu]
1176 1873 1281 1942 Quum
1306 1870 1418 1932 dilecti
1446 1869 1508 1932 filii
1533 1869 1715 1948 capitulum
1739 1869 1944 1931 Sistaricen.

198 1957 203 1974 ’
283 1962 554 2024 Reconciliationem
567 1961 683 2020 R⁰b0lfi
697 1963 829 2035 11188ῑῦῑὶ
843 1962 880 2019 ᾰθ
895 1963 1078 2020 Βωᾱθῦθῑ·
1136 1967 1298 2042 ecclesiae,
1312 1967 1458 2045 ipsorum
1474 1968 1651 2044 praeposito
1662 1965 1764 2027 rebus
1779 1965 1945 2026 humanis

361 2063 527 2106 mantilium
543 2050 670 2108 Εθῦιθθίθ
683 2051 810 2110 Romulia
826 2049 1002 2109 mfflisffllflt.
1135 2067 1299 2142 exempto,
1316 2067 1349 2126 te
1367 2065 1409 2126 ad
1428 2065 1680 2142 praepogjturam
1700 2063 1858 2142 ojUsdem
1885 2079 1945 2124 ρο.

322 2165 500 2238 Honorius,
530 2167 605 2236 etc„
634 2165 764 2227 dilectis
796 2167 877 2227 filiis
913 2167 1080 2228 universis
1136 2162 1246 2224 olesiae
1259 2163 1461 2224 unanimiter
1471 2163 1505 2224 et
1520 2162 1727 2224 concorditer
1737 2161 1941 2238 elegissent,

283 2262 407 2324 christi
425 2261 590 2335 fidelihus,
607 2263 648 2324 ad
673 2279 755 2340 quos
769 2263 890 2326 litterae
911 2265 984 2325 istae
999 2279 1079 2341 per·
1136 2259 1275 2322 necdum
1289 2259 1368 2322 huic
1381 2260 1535 2323 electioni
1548 2274 1720 2320 assensum
1733 2259 1943 2336 praestiteris

286 2359 451 2421 venerint.
1135 2375 1178 2420 ex
1201 2359 1399 2433 bumilitate,
1416 2358 1457 2419 ad
1478 2357 1560 2420 talia
1583 2360 1617 2419 te
1640 2373 1798 2420 asserens
1825 2359 1942 2418 minus

325 2455 427 2518 Sedes
446 2456 646 2533 Apostolica‚
673 2473 746 2534 quae
762 2457 915 2535 superbis
941 2457 1078 2532 resistit,
1136 2457 1271 2532 dignum
1295 2473 1357 2518 nec
1378 2455 1546 2518 sufficiens
1566 2455 1608 2518 ad
1623 2455 1727 2516 solius
1748 2471 1862 2518 onera
1884 2471 1942 2516 sa·

283 2552 465 2614 humilibus
500 2555 610 2615 aulem
649 2554 705 2617 dat
736 2556 894 2630 gratiam,
921 2559 1079 2633 tanquam
1136 2555 1271 2625 cristiae,
1287 2553 1351 2630 ipsi
1364 2554 1500 2617 taudem
1513 2568 1574 2632 per
1595 2569 1673 2617 suas
1690 2552 1788 2614 uobis
1804 2553 1941 2615 litteras

285 2665 364 2711 arca
384 2650 518 2712 foederis
533 2651 661 2728 virgam
681 2652 898 2714 correctionis
913 2655 946 2715 et
958 2667 1080 2714 manna
1136 2650 1364 2730 supplicarint,
1388 2653 1425 2713 ut
1444 2653 1477 2713 te
1496 2651 1538 2711 ad
1557 2651 1786 2728 recipiendum
1806 2667 1944 2728 praepo-

284 2747 469 2808 dulcedinis
484 2748 519 2808 ln
535 2763 571 2808 se
584 2749 672 2825 ipsa,
690 2749 809 2826 quibus
825 2749 865 2811 ad
882 2751 981 2822 filice,
999 2765 1081 2827 quos
1136 2749 1274 2810 situram
1296 2749 1427 2810 tandem
1450 2748 1609 2810 inducere
1631 2747 1867 2824 dignaremur,
1885 2765 1943 2825 gc-

283 2845 414 2906 sincere
427 2845 546 2921 diligit,
563 2862 698 2906 manum
714 2863 783 2908 suaa
801 2847 1003 2910 visitationis
1018 2863 1081 2909 ex·
1136 2843 1262 2906 neralis
1289 2845 1428 2907 Concilii
1458 2845 1674 2923 temperando
1707 2845 1880 2921 rigorem,
1909 2850 1942 2906 ut

283 2943 399 3014 tendit,
416 2943 501 3004 colla
526 2943 645 3020 premit
669 2945 795 3006 virtute
809 2947 944 3022 propria
964 2961 1082 3023 super-
1135 2942 1281 3004 retinere
1289 2943 1349 3004 tibi
1357 2943 1456 3004 liceat
1465 2943 1685 3004 nihilominus
1695 2957 1797 3019 quam
1810 2943 1945 3004 inMas—

281 3038 411 3112 borum,
427 3041 461 3101 et
483 3040 524 3101 ad
540 3041 648 3117 ipsam
672 3041 788 3104 devote
807 3043 1022 3103 redeuntibus
1046 3058 1081 3104 se
1137 3041 1386 3103 silien.0btines
1397 3041 1539 3102 ecclesia
1550 3041 1748 3114 sacristiam,
1761 3041 1942 3103 credentes
2025 3051 2026 3107 l

283 3138 490 3210 convertens,
500 3137 736 3214 poenitentibus
750 3141 850 3201 corde
861 3157 944 3217 puro
955 3141 1082 3201 miseri·
1136 3141 1257 3201 statum
1272 3153 1384 3200 rerum
1409 3140 1560 3201 eeclesias
1581 3138 1681 3216 longo
1698 3140 1856 3216 tempore
1872 3143 1941 3217 jam

283 3236 405 3297 cordiae
423 3236 531 3296 sinum
550 3236 676 3312 pandit.
692 3239 784 3298 Licet
804 3239 906 3314 igitur
922 3239 1082 3314 magister
1136 3237 1319 3315 collapsum
1341 3253 1407 3299 non
1427 3253 1534 3315 posse,
1550 3238 1636 3298 sicut
1654 3252 1715 3314 per
1731 3237 1763 3297 te
1783 3240 1941 3314 reparari

283 3333 446 3396 imbertus
457 3333 499 3395 de
513 3335 633 3396 Sancto
646 3337 811 3398 Germano
828 3336 915 3398 lator
929 3352 1081 3414 praesen·
1136 3349 1196 3412 per
1205 3335 1307 3396 alium
1322 3335 1469 3411 regionis
1484 3335 1587 3408 illius,
1599 3335 1651 3397 vel
1660 3334 1775 3396 multis
1789 3337 1823 3397 et
1834 3337 1940 3397 variis
2024 3393 2025 3408 ,

282 3431 365 3492 tium
394 3446 494 3508 super
519 3447 558 3492 eo
583 3431 768 3509 plurimum
787 3435 974 3495 excessisse
997 3449 1080 3495 nos·
1136 3433 1409 3510 oppressionibus
1438 3449 1521 3510 quas
1548 3433 1739 3512 frequenter
1771 3435 1941 3495 sustinent

282 3531 387 3600 catur,
399 3529 484 3606 quod
498 3532 614 3591 contra
628 3531 803 3592 ecclesiam
814 3531 965 3593 aculeum
976 3531 1082 3592 rebel·
1136 3528 1276 3602 obviari,
1293 3530 1505 3607 proponendo
1518 3530 1658 3593 ctiamte
1671 3531 1939 3592 concanonicum

282 3626 383 3689 lionis
398 3627 515 3696 erexit,
531 3643 597 3688 non
611 3629 679 3689 tam
702 3631 801 3690 Petro
815 3645 915 3706 quam
928 3632 1031 3706 petrae
1046 3629 1081 3689 in
1136 3641 1211 3688 esse
1226 3627 1386 3704 ipsorum,
1408 3642 1448 3688 ac
1470 3628 1578 3689 virum
1599 3629 1777 3705 potentem,
1805 3628 1938 3689 discre-

283 3737 347 3798 qua
358 3723 391 3784 et
405 3736 574 3799 perquam
586 3723 736 3799 ejusdem
751 3725 903 3786 acclesiae
918 3725 1081 3786 mirabilis
1134 3725 1216 3797 tum,
1233 3728 1267 3786 et
1278 3725 1462 3802 providum,
1480 3726 1513 3786 et
1533 3725 1568 3786 ln
1588 3726 1727 3802 unoque
1741 3727 1823 3801 jure
1839 3727 1939 3802 peri-

283 3819 451 3880 structura
461 3821 634 3894 consurgit
647 3823 834 3882 contumaci
852 3825 961 3884 mente
975 3824 1081 3884 resis·
1135 3823 1215 3894 tum,
1226 3837 1287 3900 per
1298 3821 1504 3900 quammulta
1518 3823 1600 3900 ipsis
1610 3825 1643 3884 et
1656 3837 1771 3884 eorum
1783 3823 1938 3885 ecclesias

282 3917 376 3986 tens,
405 3916 541 3992 propter
569 3916 655 3992 quod
690 3919 945 3994 aggravavimus
981 3935 1081 3997 super
1136 3919 1276 3982 credunt
1303 3919 1423 3982 debere
1445 3919 1616 3982 commoda
1636 3919 1827 3998 provenire.
1855 3921 1939 3994 Quia

283 4013 392 4096 ipsum
404 4011 633 4089 multipliciter
642 4029 763 4075 manus
774 4017 916 4088 nostras,
925 4017 1080 4079 etfaciam
1135 4031 1215 4078 vero
1229 4018 1383 4080 sacristia
1398 4019 1432 4080 et
1452 4019 1672 4096 praepositura
1689 4017 1864 4094 praedictae
1878 4035 1938 4081 cu·

284 4113 357 4188 ejus
378 4110 591 4187 implevimus
614 4112 810 4188 ignominia,
834 4116 871 4176 ut
891 4115 939 4176 sic
964 4116 1081 4177 saltem
1136 4131 1206 4176 ram
1220 4115 1427 4187 nonhahent,
1440 4115 1935 4194 sicutaccepimusanimamm,

284 4208 319 4270 in
342 4207 512 4286 Babylone
537 4211 673 4272 curatus
689 4212 855 4288 quaereret
869 4227 987 4275 nomen
1002 4229 1082 4276 nos-
1136 4229 1248 4289 quum,
1265 4213 1298 4275 el
1319 4214 1499 4275 secundum
1524 4214 1631 4291 ipsius
1654 4213 1778 4276 statuta
1800 4215 1936 4276 concilii

284 4309 388 4382 trum3
405 4306 485 4383 quia
499 4309 611 4369 tamen
626 4309 661 4368 in
682 4309 801 4386 spiritu
820 4309 1018 4374 humilitatis
1039 4311 1080 4372 ad
1136 4312 1229 4372 circa
1249 4311 1343 4384 tales,
1370 4313 1426 4389 qui
1452 4312 1633 4390 majoribus
1659 4315 1736 4373 sunt
1760 4311 1936 4374 banefldfs
2021 4321 2022 4324 ’

284 4403 535 4480 percutiendum
551 4420 587 4466 se
597 4407 769 4481 postmodo
780 4409 1010 4482 estreversus,
1021 4425 1081 4470 nos
1136 4407 1322 4470 honorandi
1333 4410 1444 4472 valeat
1457 4425 1515 4486 per
1532 4411 1650 4472 Sedem
1660 4409 1887 4487 Apostolicam
1901 4411 1937 4470 ut

284 4500 376 4566 illius
390 4502 546 4576 gerentes
555 4502 646 4562 vices
656 4503 692 4562 in
704 4504 803 4564 terris
817 4506 872 4582 qui
881 4505 1081 4582 praestabilis
1136 4507 1232 4582 plura
1247 4507 1419 4570 obtineant
1439 4506 1600 4570 beneficia
1616 4523 1730 4570 curam
1745 4508 1933 4570 animarum
2020 4521 2021 4562 l

285 4612 386 4674 super
409 4598 538 4660 malitia
562 4598 722 4673 pariendo
748 4601 893 4668 maxime
919 4617 958 4664 ac
979 4605 1082 4665 mise-
1136 4603 1304 4677 habentia,
1326 4621 1426 4682 quum
1453 4605 1540 4667 ratio
1558 4604 1709 4683 'postulat
1731 4605 1932 4682 dispensari.

285 4694 389 4756 rendo
402 4709 501 4759 snam
520 4695 794 4772 omnipotentiam
810 4699 1010 4772 manifestat,
1026 4702 1080 4762 ei·
1136 4703 1205 4762 Nos
1228 4703 1376 4780 ejusdem
1388 4703 1538 4764 ecclesia
1564 4703 1762 4764 necessitate
1780 4707 1930 4779 pensata.

285 4791 359 4854 dem
374 4793 441 4853 tam
455 4809 515 4868 per
527 4807 574 4864 se,
585 4807 683 4870 quam
699 4811 759 4871 per
771 4795 902 4859 litteras
916 4799 1080 4860 carissimi
1135 4815 1196 4860 nec
1213 4815 1279 4860 non
1299 4799 1364 4861 tuae
1377 4798 1552 4878 probitatis
1579 4799 1725 4870 obtentu,
1742 4801 1783 4861 de
1793 4801 1932 4877 speciali

283 4890 320 4952 in
342 4889 473 4953 Christo
501 4890 563 4952 filii
584 4892 675 4968 regis
698 4895 902 4958 Francorum
926 4895 1078 4970 illustris,
1135 4897 1932 4976 gratiatibi,quemcredimusmaJoribusdignnm

284 4987 462 5050 ctlmntios
472 5003 554 5065 quos
569 4989 611 5050 ad
625 4989 742 5052 Sedena
749 4993 970 5068 Apostolicam
986 5009 1081 5072 prop·
1135 4995 1597 5069 concedimus,utsacrlstiam
1611 4997 1785 5058 retinendo
1795 4997 1934 5074 praedic·
2018 4997 2019 5066 l

283 5088 335 5146 ter
349 5085 412 5148 lloc
427 5085 548 5150 nobilis
571 5087 624 5150 vir
638 5088 825 5151 Ludovicus
841 5091 1080 5168 primogenitus
1134 5094 1213 5164 tam,
1234 5093 1487 5170 preposituram
1513 5093 1662 5155 eamdem
1685 5091 1790 5155 libere
1811 5109 1933 5156 consc-

283 5185 356 5259 ejus
366 5181 560 5256 transmisit,
572 5184 756 5262 adjanuam
766 5187 991 5250 miserationis
1002 5205 1081 5251 nos-
1135 5191 1265 5268 quaris,
1290 5191 1440 5253 nolentes
1471 5193 1503 5254 te
1530 5191 1673 5269 amplius
1702 5191 1933 5268 subterfugere

282 5281 344 5344 trae
357 5281 503 5358 pulsanti
511 5297 578 5344 non
589 5283 769 5357 potuimus,
778 5287 1080 5364 quantumcumque
1135 5289 1311 5366 quominus
1333 5290 1480 5352 eamdem
1504 5290 1756 5367 praeposituram
1774 5291 1929 5368 recipias,

283 5378 402 5440 rnerito
428 5377 606 5440 fuissemus
632 5379 793 5442 adversus
815 5397 890 5444 eum
913 5385 1077 5455 commoti,
1134 5387 1167 5447 et
1180 5403 1265 5449 onus
1280 5387 1400 5449 subeas
1415 5389 1449 5448 in
1468 5388 1531 5449 hoc
1545 5387 1607 5450 tihi
1624 5403 1704 5448 casu
1721 5389 1932 5450 necessitatis

282 5473 521 5538 misericordiae
547 5475 673 5538 aditum
697 5476 872 5556 denegare,
890 5481 948 5542 scd
970 5482 1079 5558 potius
1134 5481 1330 5560 injunctum.
1356 5487 1474 5547 Datum
1511 5487 1624 5546 Roma
1656 5485 1744 5562 apud
1773 5487 1930 5548 sanctum

283 5573 497 5648 snperlpsnm
512 5573 1080 5654 pietatisvisceribuspleninsabun·
1134 5583 1268 5642 Petrum
1298 5584 1373 5644 xlv
1400 5582 1561 5644 kalendas
1567 5585 1656 5660 junii
1669 5599 1758 5644 anno
1772 5585 1929 5646 sectando.
