4162 6424
78 232 142 289 7111
715 229 943 294 EPISTOLAE.
969 234 1046 295 LlB.
1071 235 1110 294 11.

423 415 555 530 cxcv

79 552 140 611 Ad
158 550 294 612 abbates
309 553 350 612 de
368 551 534 625 Josopbot
550 552 584 614 et
597 553 757 626 potorem
769 545 888 616 Sancti

229 649 330 710 Petet
343 647 565 711 Goraotcasts
581 650 746 712 dtoeocsts.

377 769 411 828 10
425 769 507 844 april.
525 769 604 827 ltro.

117 875 239 938 [begeat.
249 872 295 926 lib.
308 873 340 934 ll,
351 875 423 940 epist.
434 875 503 925 1020.
512 875 570 926 llss.
583 875 619 928 La
629 873 707 926 Porte
717 875 752 927 du
763 875 857 938 ruoth]

136 979 254 1038 Mandat
269 988 299 1038 ut
312 986 444 1038 tueantur
457 988 556 1039 contra
569 981 630 1056 ejus
644 979 843 1040 molestatores

222 1070 428 1142 berengariam
442 1069 601 1144 bogiorum
617 1070 758 1144 reginem.

128 1187 309 1260 Honorius,
320 1189 396 1260 ete,
409 1185 539 1249 dilectis
551 1185 719 1250 tiliis...de
729 1187 890 1265 Josaphat
944 1227 956 1248 .

85 1285 123 1345 et
140 1283 253 1346 Sancti
266 1282 357 1346 Petri
371 1283 545 1348 abhatibus
564 1285 632 1348 et..
656 1283 761 1364 priori
777 1285 888 1348 Sancti
907 1343 910 1350 .

86 1381 185 1443 Petri
201 1381 389 1456 carnoten,
406 1381 470 1445 eto.

132 1479 214 1539 Cum
233 1479 313 1540 olim
335 1495 379 1540 ex
393 1479 486 1556 parte
508 1479 690 1541 carissimae
704 1477 739 1540 in
760 1477 890 1542 Christo

84 1575 170 1636 filia
192 1576 313 1638 nostrae
328 1577 553 1653 Borangariee,
576 1577 742 1655 quondam
762 1576 890 1654 anglo-

83 1688 164 1732 rum
181 1673 305 1748 reginae
328 1672 470 1735 illustris
485 1673 603 1738 suisset
618 1673 822 1753 propositum
837 1689 890 1736 co-

83 1785 162 1830 ram
176 1769 283 1844 nohis,
298 1769 384 1848 quod
399 1767 601 1834 venerabilis
620 1770 725 1834 trater
738 1771 889 1834 noster...

82 1866 265 1944 episcopus
284 1868 317 1929 et
331 1866 444 1930 dilecti
458 1867 556 1930 tilii...
574 1867 759 1932 decanus...
778 1865 892 1931 arohi-

81 1963 251 2025 diaconus
266 1964 300 2026 et
314 1965 495 2042 capitulum
509 1967 744 2038 cenomanen,
756 1965 892 2028 maturi-

80 2060 157 2122 tate
171 2057 281 2122 debita
295 2077 362 2122 non
375 2063 519 2134 servata,
535 2063 568 2124 et
582 2077 643 2123 sua
654 2059 890 2141 jurisdictione

81 2156 274 2229 abutentes
297 2155 463 2219 interdum
484 2158 668 2230 interram,
691 2159 724 2220 61
737 2158 889 2222 homines

82 2269 180 2325 suos,
189 2252 270 2334 ⁵sine
284 2253 462 2316 manifesta
474 2255 506 2316 et
521 2253 714 2317 rationabili
728 2271 841 2329 causa,
858 2256 891 2318 et

82 2350 287 2428 quandoque
302 2366 363 2428 pro
378 2351 501 2412 vilibus
518 2352 551 2413 et
565 2352 713 2413 minimis
732 2351 892 2430 quaestio·

83 2445 202 2520 nibus,
221 2447 309 2525 jnris
330 2447 447 2510 ordino
461 2449 698 2525 praetermisso,
723 2449 891 2510 interdicti

82 2544 124 2606 et
139 2543 494 2606 excommunicationis
514 2544 695 2607 sententias
707 2543 892 2621 promulga-

83 2641 179 2714 rent,
191 2641 316 2702 motum
330 2641 434 2730 animi
444 2641 553 2719 potius
567 2657 665 2718 quam
679 2641 785 2702 zetum
798 2642 894 2703 recti·

84 2737 217 2800 tudinis
232 2739 463 2816 exsequentes.
475 2739 545 2800 Nos
556 2739 616 2812 eis,
631 2755 673 2801 ne
683 2738 893 2818 jurisdictio-

85 2851 170 2897 nem
180 2852 272 2897 suam
282 2835 316 2897 in
327 2837 485 2914 injuriam
494 2837 727 2900 converterent
736 2834 891 2906 aliorum,

84 2933 217 2994 nostris
229 2932 378 2995 dedimus
389 2933 509 2996 litteris
519 2933 555 2995 in
564 2932 892 3011 praeceptis,utciroa

84 3027 264 3108 praefatam
280 3031 429 3107 reginam
442 3030 594 3092 homines
613 3047 754 3108 quoque,
771 3047 810 3092 ac
823 3032 893 3092 161-

82 3143 164 3189 ram
177 3127 284 3204 ipsius
299 3126 537 3203 benignitatem
551 3129 586 3190 et
603 3128 892 3189 mansuetudinem

83 3241 191 3304 quam
215 3224 310 3287 decet
334 3223 457 3287 Christi
485 3224 655 3288 ministros
684 3223 818 3298 habere,
851 3223 891 3286 de

83 3323 212 3385 caetero
241 3321 452 3394 exhibentes,
485 3321 598 3384 taliter
628 3321 669 3383 ab
701 3321 891 3400 hujusmodi

83 3419 351 3498 praesumptione
366 3417 574 3490 desisterent,
592 3417 678 3495 quod
694 3417 725 3480 61
744 3418 836 3480 nulla
852 3418 892 3479 de

83 3517 174 3596 ipsis
188 3515 476 3592 remaneretjusta
498 3513 634 3592 deipsis
649 3515 790 3577 materia
811 3530 894 3576 con-

85 3611 269 3694 querendi,
296 3613 411 3675 61166
435 3609 476 3674 ad
501 3612 741 3674 correctionem
770 3610 892 3673 abusus

84 3709 283 3790 hujusmodi
296 3724 363 3773 non
380 3725 576 3785 cogeremur
594 3723 761 3787 apponere
774 3725 893 3771 manus

85 3809 236 3871 nostras.
256 3807 381 3870 Verum
400 3806 500 3868 iidem
523 3808 724 3884 praeceptum
743 3807 893 3868 nostrum

86 3903 204 3968 surdis
228 3901 365 3965 auribus
385 3904 608 3976 transeuntes,
635 3903 721 3966 siout
745 3901 891 3983 ejusdem

85 4003 220 4080 reginae
241 4000 362 4064 iterata
381 4001 585 4078 conquestio
601 4000 767 4078 patefecit,
785 4001 892 4078 ipsam

87 4098 285 4162 multotiens
313 4097 348 4159 in
375 4096 556 4174 praedictis,
586 4097 699 4161 ethis
728 4099 893 4161 similibus

87 4196 220 4276 pluries
240 4193 386 4258 indebite
404 4196 639 4272 gravaverunt,
666 4195 699 4258 61
718 4193 828 4258 adbuc
851 4196 892 4258 ad

87 4307 274 4371 gravamen
290 4291 396 4372 ipsius
411 4293 461 4354 est
473 4307 588 4354 eorum
603 4309 720 4355 manus
742 4296 891 4367 extensa,

88 4407 167 4454 curn
192 4389 257 4469 ipsi
285 4387 517 4468 multipliciter
549 4389 706 4468 injuriosi
735 4383 891 4454 existant.

88 4487 188 4552 Unde
203 4486 299 4549 nobis
312 4486 484 4549 humiliter
496 4485 707 4564 supplicavit,
722 4488 760 4552 ut
773 4505 847 4550 cum
862 4489 894 4550 ei

88 4586 193 4649 nimis
214 4582 462 4663 dispendiosum
485 4584 518 4647 et
540 4601 642 4661 grave
666 4599 726 4664 pro
752 4586 893 4664 singulis

90 4680 333 4762 quaestionibus
357 4681 398 4743 ad
419 4681 537 4744 Sedem
559 4681 782 4758 Apostolicam
802 4700 893 4744 nun·

89 4781 155 4844 tios
171 4779 352 4851 destinare,
381 4795 482 4855 super
509 4779 572 4840 hoo
592 4779 802 4841 indemnitati
824 4797 893 4842 suta

91 4877 270 4956 providere
293 4875 333 4938 de
354 4875 559 4953 benignitate
577 4877 672 4940 Sedis
696 4878 894 4955 Apostolicae

91 4978 320 5054 dignaremur.
359 4975 522 5046 Quocirca
555 4973 749 5037 discretioni
774 4977 894 5038 vestrae

91 5089 151 5150 per
166 5067 358 5150 apostolica
372 5069 495 5147 scripta
513 5065 736 5148 praecipiendo
751 5072 893 5133 manda-

92 5187 177 5240 mus,
195 5167 359 5248 quatenus
376 5184 450 5229 cum
473 5184 493 5228 a
517 5167 657 5246 praetata
680 5167 895 5245 1611161116-

92 5265 166 5330 ritis
179 5264 346 5345 requisiti,
362 5263 565 5343 episcopum,
587 5265 760 5338 decanum,
782 5265 897 5328 archi-

95 5365 272 5428 diaconum
300 5363 334 5424 61
367 5361 551 5440 capitulum
589 5365 810 5435 memoratos,
842 5364 895 5425 vel

97 5478 210 5523 eorum
226 5458 416 5541 quemlibet,
446 5460 484 5522 ut
507 5477 608 5537 super
631 5459 696 5534 his,
725 5459 895 5539 inquibus

98 5559 212 5621 contra
235 5558 312 5621 illos
338 5558 379 5620 ad
403 5574 462 5621 vos
484 5557 617 5622 duxerit
644 5559 891 5628 recurrendum,

1675 239 1741 304 ’102

943 391 1050 454 eidem
1065 391 1245 456 exhibeant
1258 407 1371 457 coram
1388 393 1483 458 vobis
1491 397 1633 475 justitie
1648 413 1741 462 oom-

943 489 1156 567 plementum,
1183 491 1366 554 monitione
1389 493 1562 571 praemissa
1581 511 1641 573 per
1660 509 1741 558 oen-

943 601 1056 648 suram
1082 587 1359 664 ecclesiasticam,
1394 591 1616 668 appellatione
1643 595 1739 671 post*-

943 683 1066 760 posita,
1102 683 1322 762 compellatis.
1364 689 1479 750 restes
1514 689 1640 759 autem,
1676 691 1739 752 otc.

944 779 1035 852 Quod
1053 781 1082 841 si
1100 797 1166 843 non
1186 795 1312 856 omnes,
1329 783 1406 857 616,
1423 784 1488 846 duo
1501 785 1660 860 vestrum,
1677 787 1739 850 etc.

983 875 1102 940 Datum
1117 878 1274 942 Laterani
1286 881 1403 958 quarto
1424 881 1500 944 idus
1519 882 1636 961 aprilis
1653 900 1741 948 anno

944 973 1100 1038 secundo

1267 1081 1419 1173 CXCVI

1101 1222 1155 1286 Ad
1175 1225 1364 1301 6611116616
1381 1229 1584 1292 Breaoease.

1229 1344 1265 1403 tr
1276 1347 1358 1420 april.
1375 1348 1455 1407 1118.

1021 1449 1208 1516 [mmmmm
1224 1451 1441 1598 linurbnrgisacgroes]
1449 1453 1665 1518 Urhandonhurh,

1271 1569 1278 1581 .
1304 1545 1354 1598 ,p
1419 1570 1427 1584 .

991 1635 1035 1695 bd
1049 1637 1238 1710 reparandam
1251 1639 1403 1699 cadesim
1417 1641 1550 1700 concodit
1566 1641 1695 1704 redditus

1105 1726 1323 1799 prebendarum
1335 1744 1387 1802 per
1397 1728 1470 1788 duos
1481 1745 1583 1790 annos

983 1843 1152 1905 Honorius
1164 1846 1340 1923 episcopus
1352 1861 1469 1910 servus
1484 1863 1656 1912 servorum
1669 1847 1740 1923 Dei,

945 1935 1075 1999 dilectis
1092 1937 1170 1999 titiis
1185 1939 1226 2000 de
1241 1940 1387 2017 capitulo
1400 1942 1584 2016 Bremensi,
1601 1946 1742 2008 salutem

945 2035 979 2095 61
990 2033 1207 2110 apostolicam
1226 2036 1504 2100 benedictionem.
1609 2051 1610 2056 ’

985 2127 1092 2200 Quum
1127 2132 1270 2193 ecclesia
1307 2133 1434 2208 restra,
1472 2149 1534 2212 per
1566 2135 1743 2214 reprobum

945 2226 1189 2290 Guademarum
1213 2228 1251 2290 in
1283 2229 1396 2292 multis
1424 2232 1572 2308 graviter
1599 2233 1742 2297 611661-

944 2322 1054 2399 lapsa,
1088 2325 1255 2402 indulgeri
1289 2327 1384 2390 robis
1412 2328 1584 2392 humiliter
1611 2332 1742 2410 suppli-

945 2420 1061 2492 castis,
1094 2423 1131 2482 ut
1164 2422 1206 2482 ad
1236 2425 1424 2499 reparanda
1455 2426 1561 2502 ipsius
1592 2428 1743 2492 ecclesiae

946 2517 1037 2578 sarta
1050 2517 1136 2578 tecta
1149 2518 1183 2578 et
1194 2519 1391 2591 revocanda,
1406 2535 1480 2598 quae
1492 2521 1600 2584 dictus
1612 2525 1744 2588 (luade-

946 2627 1059 2673 marus
1079 2612 1234 2675 debonis
1256 2615 1404 2692 ejusdem
1425 2618 1556 2694 pignori
1572 2619 1741 2697 obligavit,

946 2711 980 2771 61
1000 2725 1079 2771 suas
1093 2701 1311 2773 necessitates
1329 2713 1415 2776 alias
1434 2714 1644 2793 relevandas,
1664 2733 1744 2797 pro—
1812 2717 1815 2722 '

946 2809 1064 2869 ventus
1078 2807 1219 2869 duarum
1234 2804 1487 2886 praebendarum
1498 2812 1648 2877 ecclesiae
1662 2831 1745 2893 pree·

946 2904 1063 2973 dietae,
1095 2920 1171 2966 cum
1202 2906 1238 2967 in
1272 2921 1313 2968 aa
1346 2907 1466 2984 viginti
1500 2911 1643 2988 quatuor
1677 2913 1744 2976 sint

946 3001 1143 3078 praebendae,
1169 3001 1264 3065 robis
1279 3002 1465 3067 distrahere
1485 3007 1526 3068 de
1541 3009 1653 3071 nostra
1672 3025 1745 3088 per·
1854 3005 1864 3024 ⁸

946 3099 1105 3161 missione
1130 3099 1258 3173 liceret,
1287 3103 1473 3179 praesertim
1502 3120 1576 3166 oum
1605 3110 1745 3170 canoni·

946 3211 1061 3259 corum
1076 3196 1239 3272 detectum
1251 3198 1406 3275 supplere
1420 3215 1481 3277 per
1491 3203 1651 3280 madorem
1667 3205 1745 3267 dili-

946 3295 1092 3369 gentiam
1111 3296 1145 3355 61
1165 3295 1423 3357 sollicitudinem
1443 3301 1647 3376 proponatis.
1674 3303 1744 3365 Nos

946 3391 1049 3467 igitur
1075 3391 1195 3454 restris
1219 3391 1372 3469 precibus
1396 3396 1596 3470 annuentes,
1624 3399 1658 3459 id
1685 3415 1745 3476 per

947 3487 1117 3549 biennium
1143 3487 1306 3552 duntaxat
1327 3489 1422 3551 robis
1442 3488 1598 3556 dommus
1619 3509 1742 3560 conce-

947 3585 1101 3646 dandum.

987 3682 1106 3744 Datum
1126 3679 1294 3756 Laterani,
1316 3683 1346 3746 11
1365 3681 1440 3746 idus
1459 3685 1587 3765 aprilis,
1610 3689 1745 3767 pontiti-

948 3781 1042 3840 oatus
1056 3779 1162 3842 nostri
1177 3795 1265 3842 anno
1280 3781 1436 3844 secundo.

1261 3942 1434 4032 CXCVII

947 4084 999 4143 Ad
1024 4085 1225 4158 ,adolphum
1263 4087 1477 4160 apocopum,
1516 4089 1746 4162 praepositura

987 4181 1115 4241 montis
1128 4181 1265 4242 sancta
1280 4181 1462 4243 Gertrudts
1476 4181 1511 4244 61
1527 4187 1686 4258 patorem
1704 4189 1745 4247 de
1763 4247 1765 4252 ,

987 4279 1176 4354 Mettoordc
1189 4279 1481 4354 osemoarpeosts.

1235 4397 1268 4456 11
1283 4397 1364 4471 apro.
1382 4398 1461 4457 1116.

1025 4512 1210 4580 [1611611611.
1225 4512 1438 4660 1161111111ςίεέξοῖ
1454 4513 1667 4580 Urlruutlenburh,

1256 4597 1276 4646 t.
1305 4608 1353 4658 ,p.
1416 4631 1422 4644 .

948 4690 1073 4762 blandot,
1087 4698 1119 4750 ut
1131 4690 1267 4766 quidquid
1277 4692 1399 4766 reprobo
1410 4692 1593 4754 Wolderamo
1606 4695 1746 4771 (archiep.

984 4779 1147 4854 Bremensi)
1170 4779 1338 4838 intrusionis
1364 4797 1425 4839 suae
1447 4790 1576 4856 tempore
1603 4785 1639 4844 do
1663 4785 1746 4844 bonis

984 4871 1147 4929 bremensis
1161 4869 1290 4927 eeclesiae
1301 4871 1456 4927 alienatum
1466 4871 1510 4928 vel
1523 4873 1746 4946 impignorotum

984 4959 1020 5016 ad
1037 4959 1085 5032 ius
1101 4965 1130 5016 et
1149 4959 1351 5032 proprietatem
1368 4958 1452 5016 dicta
1471 4961 1601 5019 ecclesiae
1619 4963 1747 5036 legitime

985 5053 1129 5105 revocent.

989 5161 1158 5226 Honorius
1191 5162 1388 5240 episcopus,
1421 5178 1539 5226 servus
1575 5181 1747 5230 servorum

950 5262 1026 5335 Dei,
1055 5260 1242 5324 venerabili
1263 5259 1359 5322 tratri
1382 5260 1538 5341 episcopo
1566 5266 1599 5325 et
1627 5264 1746 5328 dilecto

951 5359 1036 5432 tilio,
1065 5358 1244 5437 preposito
1273 5356 1396 5420 montis
1422 5361 1551 5422 Sanctae
1568 5351 1748 5426 'Gertrudis

951 5459 983 5520 61
994 5456 1099 5535 priori
1114 5456 1155 5518 de
1170 5449 1353 5533 Meligarde
1365 5456 1649 5536 osemburgensis,
1662 5461 1747 5524 salu·

950 5557 1016 5618 tem
1032 5556 1065 5616 61
1077 5554 1300 5631 apostolicam
1314 5551 1588 5618 benedictionem.
