4234 6408
323 285 385 346 aro
946 262 1122 340 uouonn
1144 278 1189 339 111
1211 279 1358 343 ornan.
1847 263 1851 276 '
1914 281 1976 341 aaa

369 442 489 506 Divitis
503 440 536 503 et
550 437 705 518 pauperis
718 435 876 500 Dominus
891 438 1055 514 operator,
1072 439 1124 502 al·
1176 441 1313 505 vocatus
1330 457 1365 504 es
1380 437 1519 504 Domino
1532 415 1715 514 famuleris,
1728 437 1840 518 gregis
1855 439 1974 504 bomi-

328 541 393 604 teri
404 537 737 617 peralterumdesuo
751 535 952 598 mutuisvult
967 535 1122 598 subsidiis
1178 539 1244 602 nici
1261 527 1321 602 'tibi
1337 537 1514 610 commissi,
1531 555 1591 617 pro
1609 555 1672 616 quo
1688 539 1813 601 teneris
1828 539 1975 602 animam

328 636 510 708 subveniri,
535 635 573 696 ut
600 633 676 694 dum
703 633 759 693 ille
787 633 843 693 isti
869 649 912 693 ex
936 632 1032 694 bonis
1060 633 1123 694 sibi
1178 655 1301 716 ponere
1316 639 1458 700 fideliter
1472 654 1586 700 curam
1602 653 1732 714 gerens,
1748 638 1784 699 ut
1798 637 1846 699 sic
1861 640 1977 700 Domi-

329 734 497 797 concessis
521 735 634 805 aDeo,
658 732 904 808 eleemosynam
923 731 1122 809 impertitur,
1178 753 1269 810 num,
1293 735 1349 815 qui
1377 735 1590 812 diligentibus
1622 751 1657 796 se
1685 735 1772 797 bona
1792 735 1975 798 invisibilia

330 831 393 895 iste
414 831 488 904 sibi,
511 830 565 891 vel
589 830 747 891 Dominus
771 829 891 906 potius,
920 829 976 906 qui
1002 845 1037 890 se
1064 844 1124 904 pro
1179 833 1355 914 praeparat,
1374 833 1524 911 proberis
1540 849 1662 894 amare.
1677 835 1747 894 Nec
1762 833 1927 894 oredimus
1944 835 1976 896 te

330 929 403 1006 ipso
425 927 596 989 constituit
620 926 811 998 debitorem,
835 926 997 987 beneficia
1020 926 1123 986 retri-
1180 932 1308 1004 decere,
1326 931 1362 993 ut
1373 947 1507 1008 gregem
1528 932 1622 992 tuum
1637 931 1825 992 dividamus
1844 931 1880 991 in
1893 946 1976 1008 par-

328 1025 412 1087 buat
425 1025 639 1102 sempiterna,
654 1023 687 1084 et
707 1023 754 1084 sic
770 1023 866 1085 ambo
888 1039 958 1085 rem
980 1022 1125 1084 alienam
1179 1031 1241 1099 tes,
1258 1030 1353 1108 quasi
1373 1029 1413 1090 de
1427 1031 1492 1090 tuae
1508 1027 1743 1090 sollicitudinis
1763 1027 1872 1089 studio
1888 1027 1978 1088 diffi-

330 1122 453 1194 dand0‚
478 1122 511 1182 Of
534 1120 734 1197 recipiendo,
761 1136 828 1181 110ss
851 1121 968 1194 invito,
992 1121 1050 1182 sed
1066 1137 1127 1182 ex·
1181 1128 1305 1201 dentes,
1323 1143 1397 1188 oum
1417 1127 1707 1204 quantumcunque
1721 1125 1814 1204 plebs
1835 1126 1901 1188 tuae
1916 1128 1977 1189 do-

331 1216 601 1297 pressevolente,
622 1218 851 1280 demandante
866 1219 1017 1288 Domino,
1041 1235 1125 1280 con·
1181 1243 1253 1288 mus
1279 1241 1483 1303 exasperans
1509 1225 1563 1296 sit,
1588 1225 1622 1286 te
1649 1238 1781 1301 semper
1806 1239 1976 1301 speremus

328 1314 522 1388 tractantes,
538 1315 685 1377 datorem
701 1333 796 1376 sunm
819 1315 939 1377 exinde
954 1315 1127 1377 humiliter
1180 1323 1326 1402 pastoris
1349 1323 1460 1400 partes
1486 1321 1699 1384 laudabiliter
1725 1321 1918 1398 adimplere,
1937 1339 1978 1384 ac

329 1413 583 1490 ceoognoscant,
601 1411 634 1474 et
655 1412 696 1474 ad
714 1413 886 1474 caritatem
902 1413 1049 1474 mutuam
1070 1429 1129 1474 ao·
1181 1420 1378 1482 lucrifacere
1403 1419 1524 1482 multos
1548 1421 1627 1492 Deo,
1656 1417 1713 1496 qui
1738 1418 1798 1481 tibi
1813 1418 1979 1494 adaugeat

332 1509 526 1570 rendantur.
558 1511 638 1568 Cum
669 1509 782 1585 igitur,
815 1511 902 1572 sicut
926 1511 1126 1587 accepimus,
1183 1520 1350 1581 cumulum
1362 1518 1566 1580 meritorum.
1581 1517 1724 1594 Ideoque
1737 1515 1979 1578 fraternitatem

333 1607 462 1668 dilectae
477 1606 513 1666 in
530 1605 661 1667 Christo
675 1606 752 1668 flliae
768 1607 937 1683 priorissae
950 1608 982 1669 et
997 1623 1127 1669 sorores
1181 1618 1273 1678 tuam
1294 1631 1450 1691 rogamus
1477 1615 1510 1676 et
1529 1629 1702 1676 monemus
1725 1615 1895 1686 attentius,
1919 1629 1980 1690 per

333 1703 449 1764 domus
476 1701 650 1780 hOSpitaliS
683 1703 854 1775 TOIOSassb
883 1703 970 1780 huod
1004 1703 1128 1766 dicitur
1183 1712 1438 1791 apostolicatibi
1453 1711 1577 1790 scripta
1592 1712 1797 1784 mandantes,
1814 1710 1978 1788 quatenus

332 1799 481 1872 arnaldi,
499 1815 571 1877 quae
587 1800 629 1860 ad
644 1799 817 1876 religionis
830 1799 1075 1862 observantiam
1089 1801 1129 1862 de
1182 1814 1276 1874 tuum
1287 1811 1419 1888 jactans
1440 1810 1627 1871 innomine
1643 1809 1834 1885 cogitatum,
1851 1824 1980 1886 nequa-

334 1897 456 1957 saeculo
468 1896 650 1968 venientes,
665 1897 702 1958 ut
712 1895 897 1958 retribuant
908 1897 1038 1960 miserae
1051 1897 1129 1958 filiae
1184 1925 1282 1988 quem
1297 1907 1332 1969 in
1348 1907 1586 1969 exercitatione
1609 1906 1766 1979 turberis,
1786 1922 1828 1968 ne
1842 1907 1982 1968 anteac-

332 1990 511 2068 Babylonis
536 1993 718 2053 secundum
738 1993 1001 2066 retributionem,
1030 2011 1129 2072 quam
1183 2008 1226 2068 ree
1239 2021 1358 2083 pugrae
1373 2005 1565 2081 denigretur
1579 2005 1745 2076 meritum,
1762 2003 1795 2066 et
1805 2003 1981 2081 praemium

333 2088 488 2150 retribuit
508 2088 566 2150 illa
593 2089 684 2165 ipsis,
707 2090 819 2152 valida
842 2092 1037 2168 Paupertate
1051 2108 1132 2168 sra-
1185 2105 1379 2175 minoretur,
1394 2103 1451 2164 sed
1463 2101 1572 2180 potius
1585 2101 1842 2177 magnanimiter
1852 2102 1982 2163 confon-
2059 2159 2064 2166 .

334 2187 464 2258 ventur,
475 2202 527 2258 ne,
538 2186 625 2263 quod
633 2186 730 2260 absit,
740 2188 937 2250 necessitate
951 2189 1130 2267 compulsae
1185 2201 1272 2262 tatus
1286 2215 1365 2276 eges
1381 2199 1467 2278 quod
1483 2199 1565 2274 agis,
1581 2198 1614 2260 et
1625 2214 1727 2276 opera
1742 2197 1847 2276 prima
1863 2195 1979 2272 facias,

335 2283 378 2344 ad
399 2282 535 2344 delicias
559 2285 695 2361 AEgl'liti
717 2285 896 2362 suspirent
921 2283 977 2346 ubi
997 2286 1131 2362 POSsesst
1185 2297 1392 2361 incessanter
1413 2297 1565 2360 exaltans
1591 2297 1626 2358 in
1650 2295 1843 2358 fortitudine
1865 2311 1983 2358 vocem

333 2395 408 2442 esse
421 2379 484 2440 sibi
497 2379 530 2442 et
541 2380 617 2441 aliis
632 2381 666 2441 in
682 2381 837 2458 laqueum
847 2384 880 2444 et
894 2383 1036 2457 ruinam,
1054 2385 1132 2445 uni·
1185 2397 1289 2466 tuem,
1316 2397 1350 2458 et
1382 2394 1584 2456 annuntians
1615 2394 1736 2473 populo
1761 2393 1819 2456 tue
1844 2393 1983 2471 peccata

333 2477 526 2540 imitatem
551 2477 697 2540 bostiam
723 2495 890 2554 meamus,
921 2479 1130 2542 del'OtiOsseffl
1186 2509 1311 2566 eorum,
1326 2493 1363 2555 ut
1375 2509 1442 2554 non
1453 2493 1559 2554 solum
1576 2492 1712 2568 sanguis
1727 2507 1842 2553 eorum
1857 2491 1896 2552 de
1911 2491 1982 2553 tuis

334 2573 480 2636 vestram
495 2573 652 2636 attentius
666 2575 698 2636 et
720 2591 904 2650 monemus,
913 2593 973 2654 per
985 2580 1130 2655 Aposto-

334 2670 400 2732 lica
419 2671 542 2748 scripta
558 2671 653 2734 vobis
678 2673 883 2746 mandantes,
910 2674 942 2735 et
961 2674 997 2736 in
1012 2677 1133 2737 remis-

334 2767 463 2830 sionem
482 2769 711 2847 peccaminum
730 2770 954 2847 injungentes,
970 2774 1131 2850 quatenus

336 2865 537 2928 foenerantes
552 2868 691 2929 Domino
710 2868 935 2930 misereamini
949 2885 1132 2946 pauperum

336 2963 581 3042 praedictarum,
609 2958 705 3040 g'rata
731 2965 781 3026 eis
808 2967 956 3028 caritatis
984 2967 1132 3030 subsidia

336 3062 549 3139 porrigendo,
567 3063 650 3125 certi
671 3063 758 3140 quod
780 3063 874 3125 vobis
898 3065 1132 3128 thesaurisatis

336 3159 372 3220 in
392 3159 486 3221 coelis
502 3160 660 3238 quidquid
685 3161 720 3222 in
740 3175 855 3221 aarum
879 3163 1132 3226 necessitatibus

336 3258 494 3333 erogatis.
505 3259 623 3320 Datum
636 3257 803 3330 Laterani,
820 3259 989 3340 Vkalenld.
1004 3259 1134 3322 februa·

337 3354 392 3427 rii,
403 3355 614 3433 pontificatus
629 3356 734 3417 nostri
749 3371 837 3418 anno
852 3358 971 3435 primo.

644 3523 833 3611 CLXXIX
883 3611 886 3617 ,
919 3515 924 3524 ’

490 3677 543 3736 Ad
557 3677 753 3752 episcopum
769 3676 980 3738 Tolosanum.

631 3788 666 3845 28
683 3788 742 3861 jan.
765 3790 843 3847 1217.

374 3909 495 3971 [Regost.,
505 3906 551 3958 lib.
561 3908 581 3970 1,
593 3908 668 3974 epist.
679 3910 736 3962 ¹05.
747 3912 804 3962 llss.
817 3912 854 3962 La
865 3911 941 3962 Porto
960 3911 994 3962 dn
1007 3910 1101 3976 Thalli.

339 4023 463 4098 Roganti
476 4023 620 4081 licentiam
635 4023 755 4082 cadendi
770 4025 975 4100 episcopatum,
994 4043 1046 4084 seu
1060 4026 1132 4084 dioe·

374 4113 463 4170 cesim
480 4111 628 4170 dividendi
643 4120 775 4171 neutrum
789 4114 919 4173 concedit
942 4123 971 4174 et
985 4131 1051 4173 eum
1067 4114 1132 4172 hor·

375 4208 448 4260 tatur
462 4200 497 4260 ad
513 4201 733 4275 persistendum.

378 4347 546 4408 Honorius
561 4348 747 4424 episcopus,
773 4346 848 4421 eto,
864 4345 1049 4410 venerabili
1063 4346 1136 4409 fra-

339 4443 383 4506 tri
395 4445 549 4521 episcopo
564 4444 739 4507 Tolosano.

379 4542 533 4617 Experto
545 4542 602 4603 tua
617 4542 712 4602 nobis
725 4541 836 4603 extitit
850 4543 1083 4620 supplicatum,
1101 4542 1137 4605 ut

339 4635 400 4698 tibi
415 4636 553 4697 cedendi
575 4636 742 4700 licentiam
765 4639 976 4714 largiremur,
1000 4640 1053 4700 vel
1068 4639 1137 4700 sal·

339 4735 407 4794 tem
421 4733 590 4796 dioecesim
604 4734 695 4796 tuam
710 4736 933 4798 divideremus
956 4735 991 4796 in
1010 4736 1134 4813 plures,

341 4832 399 4892 sed
409 4832 561 4894 neutram
573 4834 766 4910 petitionem
777 4833 967 4912 hujusmodl
981 4833 1137 4896 duximus

340 4929 586 5002 admittendam,
611 4930 698 5004 licet,
712 4933 870 5010 quantum
885 4947 959 4992 cum
975 4934 1042 4994 Deo
1054 4948 1136 5010 pos-

340 5044 464 5100 sumus,
485 5028 666 5090 habeamus
698 5029 903 5107 propositum
932 5029 1009 5102 tibi,
1039 5047 1136 5109 quem

340 5125 478 5202 speciali
505 5127 727 5203 praerogativa
751 5127 938 5190 dilectionis
964 5129 997 5190 et
1020 5127 1136 5204 gratias

340 5225 580 5302 amplexamur,
609 5225 644 5285 in
669 5224 821 5287 omnibus
845 5225 1025 5288 deferendi.
1051 5227 1137 5288 Nam

340 5322 428 5393 licet,
445 5323 617 5398 angustias
633 5323 734 5384 officii
754 5323 953 5400 pontificalis
966 5323 1134 5399 expertus,

339 5420 452 5482 forsan
476 5419 672 5494 abhorrens,
684 5420 725 5481 ad
741 5420 879 5482 delicias
895 5420 1040 5496 antiquae
1056 5437 1138 5481 oon-

339 5517 562 5593 templationis
577 5517 718 5597 aspires,
734 5517 795 5581 tibi
810 5520 920 5580 tamen
936 5518 1042 5593 magis
1063 5535 1138 5580 cre-

340 5613 448 5677 dimus
477 5615 645 5693 expedire,
672 5617 709 5680 ut
736 5616 771 5678 in
795 5631 835 5680 ea
858 5616 1045 5689 vocatione,
1070 5635 1136 5695 qua

1186 2591 1339 2652 manibus
1362 2591 1498 2652 minime
1521 2591 1720 2668 requiratur,
1747 2589 1984 2651 verumetiam

1186 2688 1365 2751 multorum
1376 2688 1504 2749 animas
1517 2688 1664 2749 liberans
1673 2689 1752 2759 Deo,
1760 2686 1886 2748 talenta
1899 2684 1987 2747 refe·
2103 2691 2104 2698 ’

1186 2802 1242 2847 ras
1263 2786 1443 2862 geminata,
1460 2786 1517 2863 qui
1540 2787 1572 2847 te
1593 2801 1682 2846 nuno
1704 2783 1835 2846 fidelem
1850 2800 1985 2845 servum

1186 2883 1222 2946 in
1232 2885 1348 2962 paucis
1364 2886 1532 2960 expertus,
1546 2881 1680 2944 tandem
1691 2881 1870 2944 constituet
1881 2895 1985 2958 supra

1187 2983 1303 3055 multa,
1327 2981 1363 3042 in
1383 2997 1479 3042 suum
1494 2980 1651 3057 gaudium
1675 2979 1709 3042 te
1730 2978 1919 3041 admittens.
1935 2981 1985 3040 De

1187 3079 1283 3141 nobis
1298 3078 1408 3141 autem
1422 3079 1641 3140 indubitatam
1656 3077 1811 3138 fiduciam
1832 3077 1986 3138 obtinens

1188 3176 1222 3237 in
1250 3176 1511 3255 quibuscumque
1543 3176 1694 3237 nostrum
1729 3174 1891 3236 auxilium
1922 3173 1988 3234 tibi

1186 3273 1312 3336 videris
1347 3273 1514 3351 expedire,
1555 3271 1700 3351 postules
1735 3271 1983 3344 incunctanter,

1188 3371 1266 3451 quia
1280 3386 1411 3449 semper
1424 3385 1484 3432 nos
1501 3369 1653 3432 invenies
1670 3367 1869 3431 favorabiles
1882 3368 1915 3430 et
1924 3368 1989 3428 be-

1188 3468 1318 3546 nignos.
1346 3469 1466 3532 Datum
1491 3466 1659 3540 Laterani,
1689 3469 1719 3529 V
1742 3465 1901 3528 kalendas
1928 3465 1987 3526 fe-

1188 3565 1327 3640 bruarii,
1343 3566 1555 3644 pontificatus
1574 3563 1678 3628 nostri
1693 3577 1781 3626 anno
1795 3563 1914 3642 primo.

1504 3733 1672 3821 CLXXX

1189 3889 1241 3949 Ad
1254 3887 1410 3949 abbatem
1429 3885 1463 3948 ot
1478 3888 1637 3962 priorem
1658 3883 1789 3946 sanctae
1803 3883 1988 3956 Gerroocsoe

1229 3987 1454 4056 Portstcnsts,
1466 3983 1719 4064 etnmetstrum
1728 3984 1767 4043 G.
1783 3983 1989 4043 canonicum

1229 4082 1493 4144 asturiensem.

1482 4211 1518 4269 28
1533 4209 1594 4284 jan.
1616 4209 1697 4268 llll.

1222 4335 1296 4402 [flod.
1311 4335 1356 4386 lat.
1372 4333 1445 4396 titt,
1458 4331 1788 4399 remeaturumque
1802 4329 1956 4393 nationem.

1191 4479 1293 4539 Abbati
1305 4485 1333 4536 et
1345 4476 1431 4552 priori
1447 4477 1474 4534 S.
1491 4473 1643 4534 Genovefue
1656 4473 1827 4532 parisiensis
1840 4478 1869 4530 et
1879 4470 1991 4544 magis·

1226 4576 1268 4626 tro
1276 4563 1651 4638 G.,cauouiooBituricensi,
1659 4563 1776 4620 Parisiis
1784 4558 1988 4629 commoranti,

1226 4655 1332 4726 scribit,
1355 4656 1490 4713 Blanoam
1505 4651 1681 4709 comitissam
1703 4649 1870 4722 Campaniae
1890 4646 1993 4704 dolere

1227 4741 1395 4817 quibusdam
1412 4742 1546 4800 abusibus
1558 4755 1629 4812 qnos
1649 4737 1882 4811 archiepiscopus
1897 4735 1991 4792 Seno·

1226 4832 1323 4890 nensis
1337 4839 1365 4890 et
1384 4828 1500 4903 quidam
1517 4828 1692 4902 suffraganei
1711 4826 1774 4900 ejus
1795 4839 1829 4882 ao
1851 4823 1993 4881 officiales

1227 4933 1326 4978 eorum
1353 4919 1508 4975 interram
1536 4923 1564 4974 et
1589 4913 1720 4972 homiues
1741 4927 1809 4970 suos
1835 4917 1994 4982 exercent;

1227 5009 1344 5066 mandat
1355 5013 1386 5064 ut
1396 5005 1512 5064 audiant
1522 5005 1590 5062 hinc
1603 5002 1670 5060 inde
1685 5001 1994 5076 praepositaeausam·

1228 5111 1283 5171 que
1312 5095 1464 5164 definiant,
1497 5093 1621 5166 alioquin
1650 5091 1784 5149 eamdem
1813 5087 1995 5146 sufficienter

1227 5187 1394 5246 instructam
1415 5181 1763 5254 adsedemhpostolicam
1777 5177 1933 5245 remittant,
1949 5189 1997 5232 as-

1227 5277 1343 5350 signato
1374 5273 1501 5347 partibus
1529 5271 1652 5330 termino
1675 5267 1931 5341 competentique
1961 5277 1996 5322 se

1228 5364 1384 5440 apostolico
1397 5361 1564 5436 conspectui
1577 5363 1793 5434 repraesentent.

1232 5521 1312 5580 Cum
1340 5517 1430 5589 olim,
1456 5513 1577 5577 nobilis
1608 5512 1728 5575 mulier
1753 5513 1803 5582 Β.,
1820 5506 1996 5571 comitissa

1192 5615 1496 5696 Campaniae,bonae
1512 5612 1682 5676 memoriae
1698 5611 1723 5673 1.
1739 5611 1841 5687 Papae
1857 5603 1994 5684 praede-
