4200 6394
315 303 352 366 11
780 297 955 362 HONORII
977 297 1022 361 111
1044 295 1192 375 OPERA.
1209 329 1247 344 -
1264 298 1496 364 subitonus.
1922 309 1960 372 12

315 463 367 525 tas
381 477 493 542 2quem
523 463 626 526 semel
654 461 846 542 repleverit,
883 460 1112 525 invincibilem
1165 460 1282 524 beatus
1296 463 1442 524 loannes
1466 457 1671 538 evangelista
1692 460 1724 542 et
1750 460 1868 523 Daniel
1883 475 1960 538 pro-

316 559 434 623 reddit.
451 561 544 624 Unde
569 561 601 625 et
626 561 743 624 beatus
761 560 954 623 Ambrosius
969 577 1007 622 :c
1022 559 1111 622 Cha·-
1167 559 1277 637 pheta.
1292 558 1444 621 Secunda
1458 559 1688 622 tessaradecas
1703 557 1871 634 significat
1884 559 1958 636 quia

317 657 400 718 ritas
408 675 480 736 quae
489 659 599 720 deseri
607 659 725 737 potest,
740 673 919 735 numquam
930 657 1112 719 verarum»
1167 672 1226 735 per
1238 657 1373 718 Beatam
1393 657 1533 718 Mariam
1548 655 1709 718 habemus
1722 657 1865 718 fructum
1880 672 1960 732 qua-

358 755 438 818 ltem
466 757 636 818 sciendum
666 756 751 834 quod
782 755 855 818 istae
878 755 1111 832 generationes
1166 755 1243 816 tuor
1257 754 1511 830 Evangeliorum
1523 754 1557 816 et
1568 753 1834 816 observationem
1850 753 1958 814 dacem

317 851 508 928 significant
522 855 672 916 coelestes
690 853 924 916 beatitudines.
944 852 1112 914 Abraham
1167 852 1325 928 legalium
1340 852 1580 913 mandatorum.
1609 853 1720 914 Tertia
1734 851 1958 914 tessaradecas

318 951 374 1028 qui
397 951 636 1029 interpretatur
661 953 761 1014 Pater
789 951 904 1012 videns
941 951 1110 1029 populum,
1167 949 1335 1027 significat
1349 950 1427 1027 quia
1440 965 1499 1027 par
1512 949 1646 1011 Beatam
1661 950 1803 1012 Mariam
1818 964 1960 1025 compre·

318 1046 521 1111 demonstrat
545 1049 639 1111 nobis
659 1049 744 1126 quod
769 1052 856 1111 Deus
871 1049 972 1111 Pater
989 1035 1114 1112 videbit
1167 1045 1348 1109 hendemus
1364 1063 1438 1108 oum
1451 1046 1603 1109 omnibus
1624 1047 1750 1109 sanctis
1766 1063 1839 1125 quae
1854 1047 1897 1106 sit
1909 1046 1960 1106 la-

317 1159 379 1206 nos
392 1147 497 1208 oculis
508 1146 624 1222 gloriae
637 1163 706 1208 suae
719 1147 754 1207 in
763 1146 867 1208 coelis.
882 1146 974 1208 Vidit
983 1161 1115 1224 semper
1166 1145 1284 1218 titudo,
1301 1144 1483 1221 longitudo,
1497 1144 1684 1207 sublimitas
1705 1144 1739 1208 et
1751 1142 1957 1222 profundum,

318 1242 535 1318 glorificando
548 1261 628 1321 nos;
644 1245 678 1306 et
693 1245 779 1306 siout
788 1245 883 1322 pater
893 1243 1111 1319 diligitlilios,
1169 1242 1254 1304 siout
1268 1241 1349 1305 dicit
1361 1243 1539 1319 Apostolus
1557 1241 1655 1322 (Bph.
1678 1258 1728 1316 111,
1755 1237 1805 1314 18)
1828 1257 1900 1319 quae
1918 1240 1961 1303 sit

317 1340 365 1402 ita
379 1341 452 1418 ipse
465 1341 583 1417 diliget
596 1357 659 1403 nos
678 1341 713 1404 et
734 1339 836 1405 iaeiet
854 1340 1004 1403 haeredes
1022 1355 1112 1414 suos,
1168 1338 1307 1402 latitudo
1334 1339 1520 1412 charitatis,
1545 1339 1641 1412 idest,
1667 1355 1767 1417 quam
1791 1337 1900 1416 ampla
1918 1338 1961 1400 sit

317 1437 355 1498 ut
367 1437 550 1499 habeamus
570 1438 743 1515 paternam
762 1437 1002 1512 haereditatem,
1019 1441 1114 1516 cvrjus
1169 1436 1326 1506 charitas,
1343 1452 1408 1515 qua
1426 1439 1514 1498 Bous
1533 1435 1643 1514 diligit
1656 1447 1732 1512 nos;
1749 1451 1824 1514 quae
1838 1435 1881 1497 sit
1894 1435 1961 1496 lon-

317 1534 355 1595 in
365 1534 429 1596 hoo
438 1535 561 1596 mundo
574 1535 784 1612 amplectitur
796 1535 1003 1599 charitatem.
1020 1535 1115 1599 Unde
1168 1533 1294 1612 gitudo,
1315 1533 1412 1606 idest,
1438 1534 1607 1596 aeternitas
1630 1535 1666 1596 in
1693 1549 1759 1612 qua
1783 1531 1962 1595 vivificabit

317 1631 514 1708 Apostolus:
535 1636 702 1696 Haeredes
718 1637 855 1708 pictatem
868 1637 943 1707 Det,
958 1638 1114 1698 oobcare-
1169 1648 1245 1708 nos;
1269 1647 1343 1709 quae
1361 1631 1405 1693 sit
1423 1631 1620 1705 sublimitas,
1645 1631 1742 1704 idest,
1766 1631 1908 1708 potestas
1925 1630 1961 1690 in

318 1726 1114 1813 oesaotemcbrtstifflomwrn,17).1saacqui
1169 1744 1234 1808 qua
1250 1728 1449 1807 glorificabit
1473 1745 1554 1806 nos;
1579 1729 1667 1808 quod
1690 1728 1734 1790 sit
1752 1726 1959 1805 profundum,

318 1825 557 1903 interpretatur
591 1828 696 1902 risus,
737 1828 904 1906 signifieat
944 1829 1113 1907 gaudium,
1169 1827 1266 1901 idest,
1280 1827 1445 1904 sapientia
1469 1827 1509 1889 de
1528 1841 1593 1904 qua
1607 1825 1749 1904 replebit
1762 1841 1834 1887 nos.
1849 1825 1962 1888 Habe-

322 1923 408 2001 quod
424 1924 586 1986 habemus
609 1925 645 1988 in
665 1925 855 1990 ooelostlbns
874 1928 915 1989 de
929 1928 1115 1990 salvatione
1169 1941 1243 1986 mus
1264 1926 1364 1988 etiam
1386 1940 1445 2002 per
1467 1926 1603 1986 Beatam
1626 1925 1768 1986 Mariam
1791 1923 1962 1984 denarium

320 2021 495 2094 nostrast
514 2023 554 2084 de
575 2023 847 2088 visionedivina.
874 2026 970 2088 Unde
986 2025 1113 2087 David:
1170 2023 1303 2085 aeternae
1331 2022 1571 2094 retributionis
1599 2023 1631 2084 et
1662 2022 1712 2083 sic
1743 2037 1803 2098 per
1829 2021 1962 2082 Beatam

319 2122 364 2180 In
373 2121 545 2181 oeternum
563 2121 776 2195 occultabunt,
799 2124 833 2185 et
853 2125 1057 2186 introbitobts
1078 2125 1116 2184 tn
1170 2123 1311 2182 Mariam
1330 2121 1365 2182 in
1389 2121 1545 2198 praesenti
1561 2119 1720 2181 habemus
1733 2119 1820 2180 dona
1834 2119 1960 2194 gratiae,

320 2221 525 2290 caelicus,
542 2223 601 2293 put
612 2234 649 2280 as
663 2224 726 2281 lucr
739 2236 825 2282 aera
839 2218 942 2301 (Psal.
959 2219 1064 2300 5,12).
1077 2221 1116 2282 nt
1170 2219 1203 2282 et
1214 2219 1249 2278 in
1262 2217 1372 2280 futuro
1388 2217 1474 2280 dona
1489 2217 1633 2279 coelestis
1643 2217 1769 2293 gloriae.
1785 2218 1860 2292 Ipso
1875 2217 1965 2293 adju-

321 2313 428 2375 alibi:
449 2317 664 2378 Exultabunt
681 2319 793 2380 saucii
811 2322 848 2380 io
868 2322 991 2396 odorio,
1018 2319 1117 2380 ἰθεῖα-
1167 2317 1268 2378 vante
1288 2315 1344 2393 qui
1364 2315 1448 2378 vivit
1474 2314 1507 2377 θῖ
1524 2314 1643 2391 regnat
1664 2317 1751 2376 Deus
1772 2329 1831 2394 per
1854 2313 1965 2374 omnia

321 2413 450 2473 buotrrr
469 2415 507 2474 tn
520 2416 681 2475 enodibus
700 2418 784 2488 suis,
803 2415 899 2489 idest,
921 2417 958 2477 in
979 2417 1116 2477 aeternis
1170 2413 1293 2475 saecula
1308 2413 1642 2476 saeculorumllmen.

319 2506 558 2572 mansionibus.
573 2511 676 2573 Jacob
698 2511 755 2590 qui
774 2512 1014 2591 interpretatur
1032 2529 1115 2590 sup-

317 2605 485 2684 plantator
499 2607 666 2685 signifieat
688 2609 775 2688 quod
800 2627 931 2688 semper
946 2611 1115 2688 supplan·
1545 2591 1586 2676 Π

317 2703 462 2765 labimus
475 2705 629 2767 inimicos
650 2709 782 2769 nostros
801 2709 875 2786 POSt
893 2709 1116 2771 resurrectio·
1170 2743 1216 2807 ΙΝ
1243 2743 1574 2806 PURIFICATIONE
1598 2742 1750 2804 BEATAE
1776 2743 1967 2805 VIRGINIS

320 2815 429 2862 nema
452 2803 519 2864 Boo
543 2803 789 2866 condemnatos.
815 2807 910 2867 Unde
930 2807 1115 2868 Malachiae

324 2898 491 2974 Propheta
508 2903 741 2976 :Epredtmtni
752 2903 965 2966 arcanarum
979 2907 1114 2977 impios,
1488 2859 1641 2920 MARIAE

321 3009 401 3056 cum
420 2997 552 3069 merent
575 3001 663 3058 cirris
681 3000 875 3072 scipionia
889 3003 1017 3075 pedone
1039 3016 1117 3063 oes—
1210 2999 1399 3074 Postquam
1411 3001 1568 3075 cornptatt
1584 3000 1670 3062 ‘suut
1688 3001 1757 3060 dies
1777 2998 1971 3073 purpurio-

323 3093 461 3154 irorom
476 3093 633 3172 (Malach.
655 3111 700 3168 iv,
712 3097 742 3164 2,
751 3093 796 3175 3).
815 3097 927 3158 Sancti
941 3099 1117 3174 egredien-
1171 3099 1227 3158 nts
1237 3100 1364 3158 Mortoe
1381 3101 1569 3160 secundum
1589 3103 1698 3173 lenem
1717 3097 1857 3170 Moysis,
1875 3095 1970 3157 tule-

319 3190 388 3262 tur,
403 3189 500 3264 idest,
517 3192 827 3271 contemplabuntur
841 3194 1005 3257 tormenta
1018 3196 1115 3256 dam·
1170 3200 1251 3256 runi
1264 3197 1383 3258 lesum
1394 3197 1636 3256 indemnatam
1655 3195 1695 3255 ut
1713 3193 1878 3256 sisterent
1888 3208 1970 3255 eum

320 3286 485 3361 natorum,
533 3289 566 3351 et
613 3289 789 3353 calcabunt
834 3292 970 3368 impios,
1018 3293 1114 3366 idest,
1170 3296 1327 3365 Domine,
1343 3295 1433 3355 sicut
1442 3294 1611 3366 seriptum
1620 3294 1719 3354 estin
1731 3297 1803 3368 lepc
1812 3294 1968 3363 Domini,

321 3385 588 3449 condemnabunt
608 3387 710 3465 ipsos,
736 3389 772 3451 et·
794 3389 889 3467 impii
910 3391 1006 3453 erunt
1031 3392 1118 3454 siout
1171 3389 1820 3464 quodomnemosacunumaoapericns
1830 3395 1969 3451 vulvam

321 3483 417 3556 cinis,
449 3484 546 3557 idest,
579 3485 762 3548 combustio
795 3487 883 3562 ignis
919 3489 1047 3562 aeterni,
1085 3492 1117 3552 et
1170 3489 1329 3549 sericium
1338 3491 1485 3550 Domino
1495 3489 1672 3550 vocabitur
1681 3485 1776 3566 (Luc.
1789 3501 1826 3560 Π,
1837 3489 1888 3560 22,
1900 3485 1966 3567 23).

320 3583 418 3643 erunt
451 3583 511 3643 sub
547 3583 684 3661 pedibus
714 3586 895 3661 justorum,
923 3587 1001 3664 quia
1033 3588 1117 3664 Justi
1213 3585 1366 3647 Miranda
1390 3585 1521 3662 quidem
1541 3586 1574 3648 et
1598 3585 1838 3662 quodammodo
1857 3585 1971 3646 minus

318 3679 417 3739 erunt
435 3678 469 3740 in
491 3681 584 3753 cralo,
608 3681 672 3758 ipsi
694 3683 804 3745 autem
827 3683 1068 3747 cruciabuntur
1079 3686 1114 3746 in
1171 3683 1403 3746 convenientia
1418 3683 1452 3745 in
1471 3685 1534 3746 hoc
1559 3683 1741 3759 Evangelio
1761 3681 1968 3758 referentum

319 3774 461 3836 inferno.
1170 3779 1336 3854 videlicet,
1359 3781 1444 3859 quod
1460 3780 1582 3842 munda
1604 3781 1776 3859 purgatur,
1794 3780 1881 3857 quod
1896 3796 1973 3841 om-

359 3873 441 3934 Item
460 3871 630 3934 sciendum
653 3875 704 3936 est
724 3877 811 3952 quod
834 3877 867 3936 in
894 3878 958 3939 hac
972 3879 1115 3941 lectione
1170 3883 1262 3944 nium
1275 3879 1370 3941 dator
1384 3881 1491 3953 datur,
1506 3879 1593 3958 quod
1614 3879 1713 3941 homo
1727 3879 1768 3940 de
1783 3879 1889 3940 morte
1903 3879 1972 3939 lae-

319 3967 552 4032 describuntur
588 3971 656 4032 tres
683 3972 982 4048 tessaradecades,
1012 3976 1113 4049 idest,
1170 3981 1271 4051 tatur,
1285 3978 1391 4040 libera
1414 3977 1482 4054 legi
1502 3974 1836 4055 subp‘icitur3quiiert
1854 3977 1973 4038 omnia

317 4071 370 4128 ter
384 4067 644 4145 quatuordeeim.
671 4069 710 4130 ut
735 4071 815 4131 nota
836 4071 922 4147 quod
944 4072 1051 4150 prima
1066 4073 1116 4134 θεῖ
1170 4073 1286 4146 fertur,
1309 4073 1344 4134 in
1368 4073 1548 4149 praesentia
1562 4072 1640 4133 vitae
1655 4086 1744 4133 mors
1759 4071 1970 4148 expectatur.

316 4163 359 4226 ab
382 4163 549 4226 Abraham
574 4181 679 4243 usque
704 4167 746 4228 ad
771 4168 887 4242 David,
923 4169 1067 4232 secunda
1094 4187 1114 4233 a
1171 4171 1235 4234 Sed
1250 4170 1356 4232 tribus
1372 4186 1414 4232 ex
1429 4170 1540 4231 causis
1554 4169 1659 4231 voluit
1673 4167 1796 4230 munda
1812 4168 1970 4246 purgari3

315 4263 541 4342 navibusque
564 4265 605 4326 ad
630 4265 957 4341 transmigrationem
972 4268 1115 4346 Babylo-
1169 4269 1335 4342 videlicet,
1352 4285 1393 4330 ne
1413 4269 1470 4330 lex
1483 4268 1677 4340 violaretur,
1694 4281 1736 4328 ne
1753 4265 1867 4327 fractae
1882 4265 1975 4341 legis

315 4361 380 4433 nis,
399 4362 498 4423 tertia
513 4377 532 4422 a
547 4363 841 4439 transmigratione
862 4364 1041 4442 Babylonis
1056 4383 1115 4428 us·
1169 4367 1413 4440 criminaretur,
1427 4368 1461 4429 et
1475 4365 1645 4427 humilitas
1661 4365 1862 4427 servaretur.
1883 4367 1976 4424 Pur

315 4473 380 4534 que
410 4458 452 4518 ad
474 4459 651 4521 Christum.
676 4463 788 4523 Prima
810 4464 1041 4526 tessaradecas
1066 4465 1114 4526 si·
1168 4468 1245 4542 gata
1261 4466 1311 4529 θεῖ
1326 4464 1366 4526 de
1381 4465 1517 4543 propria
1531 4463 1712 4535 voluntate,
1729 4463 1847 4523 nonde
1863 4462 1976 4523 immi-

314 4554 451 4632 gnificat
467 4556 545 4633 quia
562 4573 621 4635 per
637 4560 772 4621 Beatam
794 4561 936 4632 Mariam
952 4563 1113 4624 habemus
1168 4566 1267 4627 nanta
1290 4563 1500 4635 necessitate,
1524 4562 1611 4640 quod
1626 4577 1693 4623 non
1715 4560 1788 4622 erat
1808 4575 1975 4622 necessa-

315 4653 538 4731 contemptum
550 4655 794 4733 temporalium,
808 4659 840 4720 θῖ
853 4658 1112 4724 destructionem
1168 4661 1219 4724 ria
1248 4661 1435 4740 purificatio
1461 4659 1518 4721 ubi
1548 4676 1615 4721 non
1644 4658 1862 4736 praecesserat
1892 4675 1976 4720 cor-

312 4751 503 4814 mortalium
518 4753 706 4815 criminum.
724 4756 809 4817 Nam
823 4757 1020 4834 temporalia
1036 4762 1113 4824 sunt
1167 4760 1288 4838 ruptio.
1318 4763 1355 4821 ln
1381 4775 1420 4821 eo
1449 4758 1536 4837 quod
1560 4758 1711 4819 Christus
1747 4755 1898 4828 offertur,
1941 4757 1976 4817 et

311 4851 348 4913 in
373 4851 514 4928 quatuor
534 4851 718 4927 elementis,
742 4855 775 4916 et
795 4855 950 4918 mortalia
970 4858 1110 4920 crimina
1167 4859 1313 4920 omnium
1325 4857 1420 4919 dator
1432 4856 1539 4929 datur,
1554 4853 1795 4918 consideranda
1809 4854 1860 4915 est
1875 4854 1977 4930 lega-

311 4948 425 5012 decem
439 4948 673 5011 describuntur
693 4951 734 5012 ab
749 4954 918 5030 Apostolo,
935 4955 992 5017 ubi
1007 4957 1086 5019 dicit
1101 4981 1109 5019 ε
1166 4955 1247 5017 lium
1263 4955 1503 5033 preceptorum
1518 4953 1670 5025 historia,
1685 4953 1722 5014 ut
1734 4967 1777 5013 ex
1789 4953 1839 5014 eis
1850 4952 1978 5014 traha-

308 5049 428 5122 Ncoue
446 5049 641 5123 fornicarii,
659 5063 768 5124 neque
789 5055 887 5114 idolis
904 5057 1108 5135 scantentes,
1166 5053 1221 5116 tur
1234 5054 1417 5126 moralitas,
1432 5051 1583 5129 inspecta
1599 5050 1771 5128 allegoria.

309 5147 593 5220 nequaoduttert,
616 5161 726 5221 aeque
748 5153 875 5224 molles,
892 5165 1111 5226 aequemus-
1206 5150 1360 5227 Legimus
1384 5151 1419 5211 in
1444 5151 1517 5227 lage
1540 5150 1678 5227 Moysis,
1705 5149 1792 5226 quod
1806 5147 1977 5209 Dominus

309 5249 465 5318 cadorum
479 5246 725 5318 concubitores,
742 5261 850 5322 neque
864 5249 975 5324 fures,
1000 5267 1110 5326 neque
1167 5247 1326 5329 praecepit
1350 5247 1430 5310 liliis
1455 5249 1558 5310 lsrael
1584 5248 1621 5310 ut
1643 5246 1764 5308 mulier
1789 5263 1863 5323 quae
1888 5263 1977 5308 sus-

309 5345 422 5412 urrari,
446 5357 560 5416 mentre
580 5345 716 5405 ernost.
737 5360 847 5420 ireque
866 5351 1111 5421 nwtedteinte-
1165 5348 1259 5424 cepto
1285 5347 1412 5408 semine
1435 5346 1501 5408 viri
1523 5343 1657 5422 pareret
1679 5345 1875 5417 masculum,
1906 5343 1980 5404 im-

307 5454 373 5513 que
393 5455 539 5514 rapaces
563 5457 713 5517 repetam
730 5447 795 5505 Det
816 5448 1060 5519 possidebunt:
1080 5447 1109 5528 (l
1164 5446 1287 5508 munda
1311 5447 1400 5508 esset
1424 5444 1540 5506 diebus
1565 5445 1702 5522 septem,
1727 5444 1759 5505 et
1780 5442 1834 5504 die
1850 5443 1979 5504 octavo

308 5539 450 5610 Cor.v1‚
476 5537 520 5618 9).
547 5541 626 5602 Haec
649 5539 764 5603 decem
788 5543 942 5606 mortalia
967 5546 1108 5608 crimina
1164 5543 1464 5607 circumsederetur
1491 5555 1586 5622 puer.
1618 5544 1693 5618 ipsa
1716 5555 1798 5602 vero
1827 5539 1977 5616 triginta

307 5637 385 5700 cunt
399 5636 512 5699 decem
536 5653 661 5701 cornua
683 5639 811 5712 bestiae,
834 5657 932 5720 quam
947 5643 1106 5709 describit
1163 5642 1269 5706 tribus
1293 5641 1408 5705 diebus
1434 5641 1512 5703 aliis
1536 5639 1719 5702 abstineret
1741 5637 1782 5700 ab
1807 5639 1977 5714 ingressu
