4214 6400
171 271 210 334 al
807 275 1037 338 EPISTOLAE.
1060 275 1138 336 [ΑΒ.
1161 276 1187 336 Ι.
1781 275 1821 338 22

170 430 290 492 Amalll
306 427 487 492 1661116661.
503 431 539 493 16
554 431 723 496 1611116116
737 433 882 512 Trojano
894 437 970 498 Cas-

171 529 342 590 tellionem
363 528 404 588 de
416 529 624 602 Baronoello,
642 533 675 592 S.
691 533 832 604 iustam,
855 533 970 594 villam

173 626 286 686 Sancti
303 626 446 697 Nicolai,
472 643 546 703 666
571 628 612 688 de
635 629 821 691 Galliciano
835 631 966 692 dicitur.

172 722 211 782 Iu
227 723 337 784 monte
353 724 466 784 Sancti
481 725 600 799 angeli
616 725 790 802 hospitale,
811 728 846 786 in
866 728 969 789 16111-

172 820 260 880 16116
272 821 429 897 Capuano
442 821 606 882 Gualdum
622 823 661 883 de
675 823 822 885 Liburia.
848 827 886 886 lu
908 841 968 886 co-

171 917 292 978 mitatu
317 917 495 979 Theanem.
529 920 655 981 curtem
686 923 718 980 S.
746 921 868 983 Felicis
895 938 969 983 oum

168 1015 315 1075 Ι66616616
332 1016 444 1076 Sancti
459 1016 642 1094 Hippolyti.
660 1019 696 1078 ln
712 1019 870 1081 comitatu
885 1023 970 1081 hre-

171 1111 243 1172 1166
257 1113 495 1174 monasterium
510 1113 623 1175 Sancti
634 1115 817 1177 Benedicti.
834 1118 872 1177 16
887 1119 971 1178 Τ61-

171 1207 291 1269 1116116
305 1209 436 1270 Pisauae
450 1210 596 1272 civitatis
610 1213 643 1272 S.
654 1211 804 1274 Silvestri
818 1216 850 1274 61
862 1217 894 1274 S.
911 1217 969 1275 Be-

170 1305 298 1367 nedicti
311 1306 353 1366 de
367 1309 493 1368 Creme.
514 1309 550 1368 ln
566 1324 669 1384 regno
692 1312 895 1372 Francorum
910 1327 969 1372 ec-

171 1401 310 1463 clesiam
325 1404 437 1464 Sancti
450 1404 559 1465 Mauri
575 1405 609 1466 16
625 1405 777 1468 Floriaoo
792 1409 968 1469 cumcellis

171 1501 208 1560 61
217 1500 427 1576 pertinentiis
439 1501 520 1562 suis.
533 1504 570 1564 ln
582 1503 736 1564 Sardinia
746 1505 855 1566 166616
867 1506 969 1566 eccle-

171 1597 258 1656 siam
273 1599 403 1658 Sanctae
420 1599 536 1660 Mariae
557 1599 593 1660 iu
607 1602 725 1677 Tergo,
748 1603 781 1662 S.
806 1603 911 1664 Heliae
934 1603 969 1664 iu

170 1693 286 1756 Monte
305 1695 338 1755 et
366 1697 399 1755 S.
420 1695 558 1758 Helisaei
579 1713 653 1760 666
680 1697 832 1760 omnihus
854 1715 968 1762 earum

169 1791 426 1867 pertinentibus.
447 1795 577 1856 Sanctae
599 1794 714 1856 Mariae
738 1795 778 1857 de
794 1797 967 1869 SahuchO,

172 1890 304 1950 Sanctae
324 1890 439 1950 Mariae
461 1889 501 1950 de
524 1891 677 1964 'l'oralh0,
702 1895 831 1954 Sanotae
853 1895 968 1956 Mariae

170 1985 212 2046 de
227 1985 370 2057 Tanede,
384 1987 497 2048 Sancti
507 1989 597 2050 Petri
609 1989 651 2049 de
662 1989 843 2066 Tricinglo,
856 1991 969 2053 Sancti

171 2081 316 2155 Nicolai,
332 2084 365 2144 et
381 2086 509 2146 Sanctae
524 2086 640 2146 Mariae
651 2085 685 2146 16
700 2087 784 2149 66116
800 2103 874 2148 666
890 2105 969 2166 per-

170 2179 322 2240 tinentiis
357 2196 492 2252 aarum,
530 2185 563 2244 S.
598 2183 729 2244 Nicolai
763 2185 803 2245 de
836 2186 966 2258 Talasa,

172 2279 206 2336 S.
224 2277 398 2338 Michaelis
417 2279 450 2338 in
467 2280 628 2351 Feracisi,
651 2281 764 2342 Sancti
784 2284 918 2358 Georgii
933 2283 966 2343 in

170 2373 303 2446 Ticillo,
330 2376 442 2438 Sancti
462 2377 555 2438 Petri
577 2377 618 2438 de
642 2378 828 2450 simbrano,
856 2381 968 2441 Sancti

171 2471 263 2532 Petri
289 2471 324 2530 in
351 2473 489 2544 Nurchi,
517 2475 549 2534 S.
580 2475 711 2536 Nicolai
740 2475 779 2536 de
807 2477 966 2551 Ugulluli,

172 2567 287 2628 Sancti
307 2567 470 2630 ι1611661116
491 2571 524 2632 61
549 2572 662 2632 Sancti
685 2573 789 2634 Heliae
814 2573 855 2634 de
870 2574 966 2634 Sitin.

170 2665 968 2741 Praetereapatrumnostrorumheataememoriae

170 2761 298 2821 Urbani
321 2764 353 2823 61
374 2763 507 2832 dalixti,
535 2764 698 2826 dictorum
722 2767 910 2839 Clementia,
936 2769 970 2830 et

170 2860 359 2919 Innocentii
375 2863 598 2922 Romanorum
614 2863 813 2925 Pontificum
829 2865 968 2941 vestigia

169 2954 431 3032 subsequentes,
458 2960 605 3019 vestrum
632 2959 818 3020 coenobium
848 2961 968 3022 ceteris

168 3067 231 3128 per
245 3053 449 3114 occidentem
460 3055 619 3116 cenobiis
629 3055 967 3132 praelerendumasse·

168 3149 288 3222 11666,
305 3151 416 3211 eitam
432 3151 477 3223 16,
493 3168 592 3229 quam
616 3169 825 3215 successores
845 3155 919 3217 1666
932 3157 967 3216 16

168 3246 263 3306 omni
277 3249 444 3308 conventu
453 3249 694 3326 episcoporum,
707 3266 766 3312 seu
781 3252 967 3329 principum

168 3344 363 3419 superiores
396 3345 547 3406 omuibus
571 3346 746 3409 abhatibus
773 3350 964 3421 consedere,

168 3441 270 3516 atque
303 3441 338 3500 16
365 3441 504 3518 Judiciis
539 3444 683 3518 priorem
717 3445 836 3506 6616116
865 3447 967 3507 166111

170 3537 396 3614 ordinisjuris
410 3540 607 3600 senteutiam
622 3540 771 3616 prolerre
787 3543 965 3603 sancimus.

169 3636 276 3694 Usum
304 3651 432 3712 quoque
464 3651 678 3712 compagum,
710 3638 965 3709 chirotecarum,

168 3731 307 3802 tunicae,
332 3731 518 3794 dalmaticae
537 3749 576 3794 66
597 3734 716 3806 mitrae,
740 3735 868 3810 virgam
885 3751 966 3812 pas-

166 3827 310 3890 toralem
325 3829 357 3890 et
378 3828 606 3907 quotidianum
628 3847 724 3892 usum
746 3832 873 3904 annuli,
900 3833 967 3894 tam

166 3923 243 3996 tihi,
276 3925 325 3985 lili
347 3925 461 3998 abbas,
494 3943 592 4004 quam
620 3929 871 3990 successorihus
901 3930 966 3991 tuis

166 4023 369 4084 auctoritate
405 4024 595 4100 apostolica
621 4025 844 4101 indulgemus.
881 4029 967 4088 Sane

166 4121 238 4178 tam
254 4119 289 4178 in
303 4119 375 4194 1666
388 4120 572 4182 venerabili
590 4122 802 4194 6666616116,
820 4139 918 4199 quam
931 4123 967 4184 16

167 4214 265 4276 661116
292 4219 365 4292 ejus
394 4218 570 4295 cujuslibet
598 4218 749 4280 ecclesiae
775 4221 965 4298 episcopum

164 4313 222 4372 vel
252 4314 456 4374 sacerdotem
489 4316 611 4392 6166161
636 4319 821 4377 Romanum
850 4319 969 4380 Ponti·

168 4409 280 4478 ficem,
291 4411 449 4472 ditionem
457 4413 646 4489 quamlibet,
664 4415 721 4474 aut
735 4416 966 4476 excommuni-

168 4507 280 4578 candi,
304 4508 361 4570 aut
372 4509 603 4582 interdicendi,
620 4510 719 4587 atque
738 4510 779 4570 ad
804 4513 966 4588 synodum

168 4605 373 4681 provocandi
392 4621 592 4682 praesumere
614 4607 838 4684 prohibemus.
858 4611 906 4671 ita
929 4612 966 4671 ut

167 4701 236 4762 nisi
258 4701 300 4762 ah
323 4701 441 4764 abbate
465 4703 517 4764 vel
533 4703 644 4780 611616
669 4704 733 4765 1661
757 4703 858 4767 166111
877 4707 967 4768 1611-

168 4799 270 4869 tatus,
286 4815 347 4860 666
364 4799 540 4860 61666166
562 4801 725 4862 66166616
749 4801 832 4864 inibi
845 4804 967 4867 audeat

169 4895 353 4958 celebrare.
379 4897 557 4974 Liceatque
580 4899 686 4975 ipsius
712 4901 917 4970 monasterii,
934 4903 967 4963 61

168 4992 331 5054 cellarum
349 4996 421 5071 ejus
437 4993 595 5055 iratribus
609 4996 759 5068 61611666,
777 4999 967 5073 cujuscum-

169 5105 233 5167 que
249 5090 388 5162 ordiale,
406 5091 459 5151 vel
475 5091 578 5152 laicos
594 5091 633 5152 de
655 5109 861 5170 quocumque
876 5097 967 5174 epis-

168 5189 323 5264 6666166
339 5188 461 5249 6666616
476 5187 640 5263 fugientes
664 5189 797 5262 liberos
815 5192 965 5254 6161166-

168 5284 268 5355 lutos,
299 5284 340 5344 ad
365 5285 616 5346 conversionem
645 5285 815 5348 venientes
841 5288 964 5366 absque

168 5381 313 5458 alicujus
348 5382 608 5444 contradictione
634 5383 814 5460 suscipere.
853 5387 966 5450 Liceat

168 5493 301 5556 quoqne
315 5477 439 5556 absque
454 5479 632 5558 cujuslibet
651 5480 822 5542 saecularis
837 5484 889 5544 vel
904 5501 963 5547 ec-

168 5575 366 5640 clesiasticae
387 5576 559 5653 potestatis
578 5576 776 5640 inhibitione
799 5579 964 5658 subjectos

1025 434 1237 498 monasteriis
1251 434 1320 496 suis
1332 435 1400 497 166
1410 435 1602 508 monachos,
1614 450 1713 514 quam
1728 450 1822 500 6666-

1025 534 1213 595 1166616166
1235 532 1387 595 11661666
1405 533 1568 610 judicare.
1593 533 1706 595 Liceat
1720 535 1820 596 etiam

1026 629 1183 692 1161111166
1208 645 1267 707 661
1292 630 1395 692 661166
1420 630 1456 692 16
1482 630 1670 692 civitatibus
1695 631 1820 692 consti-

1024 729 1112 790 tutas
1131 728 1172 787 ad
1196 727 1308 788 divina
1330 726 1440 788 oiilcia
1464 728 1735 805 quandocumque
1755 744 1819 789 vo-

1024 825 1148 886 luerint
1169 825 1263 900 signa
1285 824 1430 901 pulsare,
1445 825 1600 902 populum
1618 826 1677 886 Dei
1701 826 1818 886 tamin

1024 923 1133 1000 16666
1154 921 1351 994 coenobium,
1368 938 1467 998 quam
1494 921 1530 982 in
1557 922 1659 983 cellas
1681 925 1753 999 ejus
1777 922 1818 982 ad

1024 1021 1083 1081 Dei
1095 1019 1232 1082 verbum
1245 1019 1444 1080 audiendum
1456 1019 1597 1094 ingredi,
1611 1019 1820 1096 nullusepis-

1024 1134 1136 1194 66666,
1164 1117 1303 1194 excepto
1327 1133 1386 1194 pro
1411 1117 1576 1178 communi
1605 1117 1706 1178 161166
1730 1116 1817 1177 6111-

1022 1215 1100 1276 tatis
1132 1213 1185 1274 vel
1216 1214 1383 1290 parochiae
1410 1215 1596 1286 interdicto,
1631 1213 1816 1290 prohibeat.

1023 1311 1174 1372 Chrisma
1202 1327 1292 1382 1616,
1321 1312 1429 1372 61666
1450 1313 1612 1378 sanctum,
1642 1325 1821 1372 66666616-

1023 1409 1131 1470 tiones
1156 1408 1312 1470 altarium
1338 1424 1397 1468 seu
1427 1407 1817 1478 166111661616,6111166-

1022 1507 1130 1567 tiones
1160 1505 1416 1576 monachorum,
1456 1520 1515 1564 seu
1550 1504 1769 1576 clericorum,
1798 1520 1818 1564 a

1024 1618 1229 1682 quocumque
1253 1602 1438 1664 malueritis
1461 1599 1818 1678 66111611666661616116

1023 1701 1189 1776 episcopo.
1207 1701 1410 1776 Baptismum
1434 1715 1524 1771 vero,
1553 1701 1585 1760 61
1611 1698 1818 1759 infirmorum

1022 1797 1232 1858 visitationes
1260 1797 1295 1857 16
1327 1797 1457 1874 oppidis
1485 1796 1605 1857 vestris
1638 1797 1695 1856 661
1728 1795 1818 1856 111116

1023 1895 1064 1955 ad
1078 1909 1138 1956 vos
1152 1893 1393 1971 pertinentibus
1405 1893 1586 1971 plenojure
1601 1909 1659 1969 per
1678 1891 1817 1952 clericos

1022 1991 1150 2052 1661666
1175 1990 1292 2066 agetis
1312 1989 1360 2051 Ad
1375 1991 1568 2067 perpetuum
1588 1989 1687 2049 etiam
1703 1987 1819 2064 hospi-

1023 2088 1105 2149 tium
1123 2086 1194 2159 tibi,
1212 2088 1259 2148 1111
1281 2086 1394 2160 abhas,
1417 2087 1549 2163 tuisque
1569 2083 1817 2147 successorihus

1023 2184 1308 2246 Palladii-cellam
1331 2183 1553 2255 concedimus,
1580 2183 1616 2244 61
1643 2181 1683 2242 de
1706 2184 1816 2243 166166

1022 2281 1092 2342 11116
1116 2281 1383 2358 congregatione,
1407 2297 1503 2358 quem
1528 2279 1701 2340 volueritis
1720 2278 1816 2339 ordi-

1023 2379 1109 2439 netis
1124 2401 1131 2438 :
1146 2395 1242 2456 quem
1263 2378 1291 2438 si
1306 2378 1389 2439 lorte
1411 2393 1584 2440 romanum
1606 2377 1641 2436 in
1665 2375 1816 2436 abbatom

1022 2492 1216 2553 promovere
1232 2475 1404 2552 placuerit,
1428 2475 1518 2538 omni
1533 2475 1644 2536 tamen
1658 2474 1817 2550 tanquam

1022 2575 1141 2634 vestrae
1152 2572 1418 2647 congregationis
1429 2570 1626 2631 monachum
1637 2569 1696 2630 sub
1705 2571 1816 2630 vestra

1023 2669 1230 2730 decernimus
1250 2668 1466 2745 dispositione
1481 2667 1659 2743 persistere
1683 2665 1819 2726 :reddi-

1021 2768 1092 2828 tum
1105 2782 1235 2843 quoque
1249 2766 1305 2842 qui
1318 2765 1359 2826 ah
1379 2763 1578 2826 officialibus
1594 2763 1715 2824 nostris
1729 2762 1816 2838 apud

1023 2863 1158 2936 Ostiam,
1175 2863 1227 2924 161
1248 2863 1383 2924 Portum
1399 2860 1439 2922 de
1459 2860 1600 2921 navibus
1614 2859 1705 2934 exigi
1719 2859 1815 2930 solet,

1022 2961 1240 3032 navivestrae,
1257 2959 1287 3020 si
1308 2975 1372 3037 qua
1388 2975 1427 3020 66
1450 2958 1589 3029 1666611,
1613 2957 1814 3018 relaxamus.

1022 3057 1169 3120 obeunte
1193 3055 1318 3120 161616
1340 3071 1428 3118 6666
1443 3055 1591 3133 ejusdem
1604 3053 1671 3115 1661
1685 3051 1814 3124 abbate,

1021 3155 1074 3216 161
1098 3156 1229 3216 166166
1252 3153 1398 3230 quolibet
1427 3166 1673 3222 successorum,
1704 3149 1815 3210 nullus

1021 3251 1068 3312 ihi
1092 3251 1239 3328 qualibet
1264 3249 1487 3327 subreptionis
1511 3247 1634 3310 astutia
1661 3263 1720 3307 seu
1742 3247 1818 3306 vio-

1022 3348 1123 3409 lentia
1139 3347 1361 3424 praeponatur,
1384 3347 1452 3406 nisi
1466 3361 1564 3422 quem
1585 3343 1705 3405 iratres
1725 3358 1818 3403 666-

1022 3445 1113 3506 6661
1138 3461 1312 3515 66666666,
1338 3443 1391 3504 161
1417 3442 1557 3503 11611616
1583 3457 1660 3516 6616
1684 3437 1816 3500 66661111

1022 3543 1165 3602 66616616
1189 3540 1229 3601 de
1256 3539 1396 3616 collegio
1424 3539 1535 3600 vestro
1559 3537 1611 3597 vel
1637 3535 1758 3606 611666,
1787 3535 1816 3594 61

1021 3639 1143 3699 ibidem
1158 3638 1298 3698 idonens
1313 3635 1463 3712 repertus
1479 3651 1544 3694 non
1556 3631 1679 3704 luerit,
1697 3647 1818 3692 66666-

1022 3737 1099 3796 dum
1114 3735 1174 3796 Dei
1188 3734 1352 3806 timorem,
1378 3735 1412 3794 et
1430 3731 1518 3794 beati
1533 3729 1701 3792 Benedicti
1717 3745 1818 3804 regu-

1021 3833 1087 3892 lam
1100 3831 1306 3909 providerint
1318 3829 1519 3906 eligendum.
1536 3828 1668 3889 Electus
1680 3842 1760 3888 1616
1774 3825 1817 3886 ad

1021 3930 1206 3990 Romanum
1234 3926 1429 3988 Pontificem
1450 3923 1695 3985 benedicendus
1719 3936 1818 3982 acce-

1021 4024 1087 4086 dat.
1101 4023 1151 4086 ad
1166 4025 1238 4086 haec
1250 4025 1318 4085 tam
1331 4022 1555 4100 praesentium,
1572 4036 1669 4097 quam
1686 4019 1818 4080 161616-

1021 4137 1095 4182 rum
1108 4121 1270 4194 avaritlaa,
1287 4137 1327 4182 ac
1339 4119 1496 4197 nequitiae
1512 4117 1683 4179 obviantes
1702 4131 1816 4177 omnes

1020 4220 1154 4281 omnino
1181 4219 1361 4280 seditiones
1382 4232 1464 4294 quas
1487 4215 1579 4276 levas
1606 4214 1729 4284 dicunt,
1754 4227 1814 4273 666

1021 4316 1224 4394 direptiones
1244 4315 1280 4376 16
1300 4317 1536 4390 cujuscumque
1561 4309 1690 4371 abbatis
1711 4309 1816 4370 morte

1021 4416 1078 4475 aut
1104 4413 1265 4474 electione
1300 4411 1374 4472 11611
1402 4407 1599 4471 auctoritate
1626 4405 1815 4484 apostolica

1021 4509 1260 4572 interdicimus.
1284 4507 1494 4584 Sepulturam
1521 4504 1688 4567 66661661
1712 4503 1815 4564 166111

1021 4609 1054 4669 61
1072 4607 1349 4668 monasteriorum
1372 4605 1559 4666 vestrorum
1584 4602 1722 4664 liberam
1743 4617 1818 4662 om·

1019 4705 1100 4765 nino
1115 4721 1189 4766 6666
1203 4719 1388 4775 censemus,
1410 4703 1445 4763 ut
1465 4717 1580 4762 eorum
1603 4699 1660 4777 qui
1676 4699 1746 4760 illio
1762 4715 1817 4760 66-

1020 4803 1118 4880 661161
1133 4800 1399 4872 deliberaverlnt,
1416 4799 1584 4860 devotioni
1606 4798 1639 4858 et
1658 4798 1815 4857 extremae

1021 4899 1193 4970 voluntati,
1208 4898 1275 4959 nisi
1286 4898 1370 4959 16616
1383 4894 1672 4964 excommunicati,
1689 4893 1741 4953 vel
1757 4893 1814 4952 iu-

1019 4996 1151 5058 terdicti
1166 4995 1243 5066 sint,
1269 4994 1381 5054 nullus
1403 4992 1551 5062 obsistat,
1573 4991 1666 5050 salva
1683 4989 1815 5068 justitia

1020 5094 1153 5153 illarum
1181 5079 1398 5152 ecclesiarum
1421 5104 1441 5149 a
1468 5088 1587 5165 quihus
1611 5087 1816 5148 mortuorum

1020 5206 1160 5266 corpora
1179 5188 1406 5249 assumuntur.
1434 5186 1601 5246 Praeterea
1623 5199 1697 5244 cum
1720 5182 1815 5243 vohis

1019 5287 1136 5349 tamin
1156 5285 1275 5362 capite,
1293 5299 1391 5361 quam
1413 5284 1448 5344 in
1470 5281 1626 5343 membris
1649 5281 1690 5341 ah
1705 5284 1815 5358 Apos-

1019 5385 1118 5446 tolica
1140 5383 1224 5444 Sede
1250 5381 1294 5443 sit
1319 5395 1477 5441 concessa
1504 5378 1608 5438 libera
1633 5378 1813 5454 sepultura,

1020 5481 1210 5544 eorumdem
1234 5479 1514 5556 praedecessorum
1535 5477 1725 5537 nostrorum
1747 5476 1816 5537 Gle-

1020 5579 1138 5640 mentis
1163 5579 1196 5640 et
1223 5575 1409 5638 innocentii
1433 5573 1583 5652 vestigiis
1600 5572 1813 5646 inhaerentes
