<?xml version="1.0" encoding="UTF-8"?>
<!DOCTYPE html PUBLIC "-//W3C//DTD XHTML 1.0 Transitional//EN"
    "http://www.w3.org/TR/xhtml1/DTD/xhtml1-transitional.dtd">
<html xmlns="http://www.w3.org/1999/xhtml" xml:lang="en" lang="en">
 <head>
  <title>
</title>
<meta http-equiv="Content-Type" content="text/html;charset=utf-8" />
  <meta name='ocr-system' content='tesseract 3.04.00' />
  <meta name='ocr-capabilities' content='ocr_page ocr_carea ocr_par ocr_line ocrx_word'/>
</head>
<body>
  <div class='ocr_page' id='page_1' title='image "./mediiaevibiblio02unkngoog_0120.png"; bbox 0 0 4200 6404; ppageno 0'>
   <div class='ocr_carea' id='block_1_1' title="bbox 136 383 1798 460">
    <p class='ocr_par' dir='ltr' id='par_1_1' title="bbox 136 383 1798 460">
     <span class='ocr_line' id='line_1_1' title="bbox 136 383 1798 460; baseline 0.003 -6"><span class='ocrx_word' id='word_1_1' title='bbox 136 389 202 454; x_wconf 75' lang='lat' dir='ltr'><strong>eol</strong></span> <span class='ocrx_word' id='word_1_2' title='bbox 415 383 516 456; x_wconf 75' lang='lat' dir='ltr'><strong>XVII.</strong></span> <span class='ocrx_word' id='word_1_3' title='bbox 530 423 572 440; x_wconf 89' lang='lat'><em>-</em></span> <span class='ocrx_word' id='word_1_4' title='bbox 586 388 631 456; x_wconf 91' lang='lat' dir='ltr'><strong>IN</strong></span> <span class='ocrx_word' id='word_1_5' title='bbox 653 393 908 458; x_wconf 73' lang='lat' dir='ltr'><strong>herlwinus</strong></span> <span class='ocrx_word' id='word_1_6' title='bbox 930 395 1078 458; x_wconf 74' lang='lat' dir='ltr'>SANCTI</span> <span class='ocrx_word' id='word_1_7' title='bbox 1098 394 1277 460; x_wconf 79' lang='lat' dir='ltr'>JOANNIS</span> <span class='ocrx_word' id='word_1_8' title='bbox 1298 397 1529 458; x_wconf 79' lang='lat' dir='ltr'><strong>BAPTISTAE.</strong></span> <span class='ocrx_word' id='word_1_9' title='bbox 1737 399 1798 459; x_wconf 73' lang='lat'><strong>202</strong></span> 
     </span>
    </p>
   </div>
   <div class='ocr_carea' id='block_1_2' title="bbox 69 549 1801 5796">
    <p class='ocr_par' dir='ltr' id='par_1_2' title="bbox 69 549 1801 5796">
     <span class='ocr_line' id='line_1_2' title="bbox 141 549 1799 634; baseline 0.004 -20"><span class='ocrx_word' id='word_1_10' title='bbox 141 550 210 614; x_wconf 83' lang='lat' dir='ltr'><strong>Sed</strong></span> <span class='ocrx_word' id='word_1_11' title='bbox 231 549 348 613; x_wconf 87' lang='lat' dir='ltr'><strong>hlarlae</strong></span> <span class='ocrx_word' id='word_1_12' title='bbox 373 551 473 614; x_wconf 83' lang='lat' dir='ltr'><strong>Matri</strong></span> <span class='ocrx_word' id='word_1_13' title='bbox 497 554 715 616; x_wconf 83' lang='lat' dir='ltr'><strong>annuntiatur</strong></span> <span class='ocrx_word' id='word_1_14' title='bbox 738 559 944 630; x_wconf 72' lang='lat' dir='ltr'><strong>:concipies</strong></span> <span class='ocrx_word' id='word_1_15' title='bbox 998 557 1134 634; x_wconf 87' lang='lat' dir='ltr'><strong>propter</strong></span> <span class='ocrx_word' id='word_1_16' title='bbox 1166 556 1307 618; x_wconf 88' lang='lat' dir='ltr'><strong>salutem</strong></span> <span class='ocrx_word' id='word_1_17' title='bbox 1338 556 1501 629; x_wconf 89' lang='lat' dir='ltr'><strong>nostram,</strong></span> <span class='ocrx_word' id='word_1_18' title='bbox 1537 557 1573 619; x_wconf 92' lang='lat' dir='ltr'><strong>ut</strong></span> <span class='ocrx_word' id='word_1_19' title='bbox 1604 557 1799 620; x_wconf 78' lang='lat' dir='ltr'><strong>assisterent</strong></span> 
     </span>
     <span class='ocr_line' id='line_1_3' title="bbox 140 649 1799 728; baseline 0.002 -16"><span class='ocrx_word' id='word_1_20' title='bbox 140 651 178 712; x_wconf 88' lang='lat' dir='ltr'><strong>et</strong></span> <span class='ocrx_word' id='word_1_21' title='bbox 195 652 321 724; x_wconf 73' lang='lat' dir='ltr'><strong>panes</strong></span> <span class='ocrx_word' id='word_1_22' title='bbox 342 649 463 723; x_wconf 76' lang='grc'><strong>11111111,</strong></span> <span class='ocrx_word' id='word_1_23' title='bbox 494 651 529 714; x_wconf 86' lang='lat' dir='ltr'><strong>et</strong></span> <span class='ocrx_word' id='word_1_24' title='bbox 553 655 689 716; x_wconf 81' lang='lat' dir='ltr'><strong>vocabis</strong></span> <span class='ocrx_word' id='word_1_25' title='bbox 716 665 841 715; x_wconf 85' lang='lat' dir='ltr'><strong>nomen</strong></span> <span class='ocrx_word' id='word_1_26' title='bbox 869 657 944 728; x_wconf 80' lang='lat' dir='ltr'><strong>ejas</strong></span> <span class='ocrx_word' id='word_1_27' title='bbox 998 668 1110 715; x_wconf 87' lang='lat' dir='ltr'><strong>coram</strong></span> <span class='ocrx_word' id='word_1_28' title='bbox 1125 653 1264 716; x_wconf 82' lang='lat' dir='ltr'><strong>Domino</strong></span> <span class='ocrx_word' id='word_1_29' title='bbox 1279 653 1320 714; x_wconf 87' lang='lat' dir='ltr'><strong>ad</strong></span> <span class='ocrx_word' id='word_1_30' title='bbox 1335 653 1536 715; x_wconf 89' lang='lat' dir='ltr'><strong>laudandum</strong></span> <span class='ocrx_word' id='word_1_31' title='bbox 1551 655 1585 716; x_wconf 90' lang='lat' dir='ltr'><strong>et</strong></span> <span class='ocrx_word' id='word_1_32' title='bbox 1598 653 1799 716; x_wconf 88' lang='lat' dir='ltr'><strong>benedicen-</strong></span> 
     </span>
     <span class='ocr_line' id='line_1_4' title="bbox 140 745 1796 828; baseline 0.003 -19"><span class='ocrx_word' id='word_1_33' title='bbox 140 751 263 809; x_wconf 81' lang='lat' dir='ltr'><strong>Jesnrn</strong></span> <span class='ocrx_word' id='word_1_34' title='bbox 279 745 373 826; x_wconf 89' lang='lat' dir='ltr'><strong>(Luc.</strong></span> <span class='ocrx_word' id='word_1_35' title='bbox 390 762 413 819; x_wconf 88' lang='grc'><strong>1,</strong></span> <span class='ocrx_word' id='word_1_36' title='bbox 427 747 493 826; x_wconf 85' lang='grc'><strong>31).</strong></span> <span class='ocrx_word' id='word_1_37' title='bbox 510 751 575 810; x_wconf 90' lang='lat' dir='ltr'><strong>Cur</strong></span> <span class='ocrx_word' id='word_1_38' title='bbox 589 750 653 812; x_wconf 89' lang='lat' dir='ltr'><strong>hoc</strong></span> <span class='ocrx_word' id='word_1_39' title='bbox 667 750 733 812; x_wconf 89' lang='lat' dir='ltr'><strong>nisi</strong></span> <span class='ocrx_word' id='word_1_40' title='bbox 748 751 834 828; x_wconf 89' lang='lat' dir='ltr'><strong>quod</strong></span> <span class='ocrx_word' id='word_1_41' title='bbox 846 752 945 813; x_wconf 78' lang='lat' dir='ltr'><strong>loan—</strong></span> <span class='ocrx_word' id='word_1_42' title='bbox 998 751 1087 812; x_wconf 88' lang='lat' dir='ltr'><strong>dum.</strong></span> <span class='ocrx_word' id='word_1_43' title='bbox 1100 753 1145 812; x_wconf 90' lang='lat' dir='ltr'><strong>De</strong></span> <span class='ocrx_word' id='word_1_44' title='bbox 1158 751 1254 812; x_wconf 88' lang='lat' dir='ltr'><strong>nobis</strong></span> <span class='ocrx_word' id='word_1_45' title='bbox 1265 751 1386 813; x_wconf 91' lang='lat' dir='ltr'><strong>dicitur</strong></span> <span class='ocrx_word' id='word_1_46' title='bbox 1398 752 1433 813; x_wconf 92' lang='lat' dir='ltr'><strong>in</strong></span> <span class='ocrx_word' id='word_1_47' title='bbox 1448 753 1581 814; x_wconf 84' lang='lat' dir='ltr'>Psalmo</span> <span class='ocrx_word' id='word_1_48' title='bbox 1594 774 1601 813; x_wconf 89' lang='lat'><strong>:</strong></span> <span class='ocrx_word' id='word_1_49' title='bbox 1614 755 1686 828; x_wconf 77' lang='lat' dir='ltr'><strong>ligo</strong></span> <span class='ocrx_word' id='word_1_50' title='bbox 1698 756 1796 814; x_wconf 79' lang='lat' dir='ltr'><strong>atat:</strong></span> 
     </span>
     <span class='ocr_line' id='line_1_5' title="bbox 141 845 1794 930; baseline 0.003 -25"><span class='ocrx_word' id='word_1_51' title='bbox 141 860 204 907; x_wconf 89' lang='lat' dir='ltr'><strong>nes</strong></span> <span class='ocrx_word' id='word_1_52' title='bbox 228 845 407 922; x_wconf 89' lang='lat' dir='ltr'><strong>conceptus</strong></span> <span class='ocrx_word' id='word_1_53' title='bbox 432 847 482 908; x_wconf 93' lang='lat' dir='ltr'><strong>est</strong></span> <span class='ocrx_word' id='word_1_54' title='bbox 508 848 544 908; x_wconf 91' lang='lat' dir='ltr'><strong>in</strong></span> <span class='ocrx_word' id='word_1_55' title='bbox 574 847 720 925; x_wconf 90' lang='lat' dir='ltr'><strong>peccato,</strong></span> <span class='ocrx_word' id='word_1_56' title='bbox 751 848 836 910; x_wconf 90' lang='lat' dir='ltr'><strong>sicut</strong></span> <span class='ocrx_word' id='word_1_57' title='bbox 863 848 945 910; x_wconf 90' lang='lat' dir='ltr'><strong>dicit</strong></span> <span class='ocrx_word' id='word_1_58' title='bbox 998 849 1657 929; x_wconf 68' lang='grc' dir='ltr'><strong>1111111111[11111111111111111Ρ1.</strong></span> <span class='ocrx_word' id='word_1_59' title='bbox 1680 851 1731 922; x_wconf 88' lang='lat'><strong>81,</strong></span> <span class='ocrx_word' id='word_1_60' title='bbox 1749 848 1794 930; x_wconf 87' lang='grc'><strong>6).</strong></span> 
     </span>
     <span class='ocr_line' id='line_1_6' title="bbox 141 942 1798 1024; baseline 0.004 -21"><span class='ocrx_word' id='word_1_61' title='bbox 141 942 249 1004; x_wconf 79' lang='lat' dir='ltr'><strong>David</strong></span> <span class='ocrx_word' id='word_1_62' title='bbox 279 964 287 1003; x_wconf 88' lang='lat'>:</span> <span class='ocrx_word' id='word_1_63' title='bbox 317 945 404 1004; x_wconf 76' lang='lat' dir='ltr'><strong>Ecce</strong></span> <span class='ocrx_word' id='word_1_64' title='bbox 436 947 474 1005; x_wconf 90' lang='lat' dir='ltr'><strong>tn</strong></span> <span class='ocrx_word' id='word_1_65' title='bbox 499 946 736 1020; x_wconf 82' lang='lat' dir='ltr'><strong>tntpnttattbus</strong></span> <span class='ocrx_word' id='word_1_66' title='bbox 763 947 945 1020; x_wconf 82' lang='lat' dir='ltr'><strong>conceptas</strong></span> <span class='ocrx_word' id='word_1_67' title='bbox 1037 947 1798 1024; x_wconf 60' lang='grc'><strong>111111111111111111111,11111111111111111-</strong></span> 
     </span>
     <span class='ocr_line' id='line_1_7' title="bbox 141 1037 1796 1121; baseline 0.001 -18"><span class='ocrx_word' id='word_1_68' title='bbox 141 1056 259 1103; x_wconf 84' lang='lat' dir='ltr'><strong>snm...</strong></span> <span class='ocrx_word' id='word_1_69' title='bbox 277 1037 346 1119; x_wconf 85' lang='lat' dir='ltr'><strong>(Pe.</strong></span> <span class='ocrx_word' id='word_1_70' title='bbox 371 1041 422 1112; x_wconf 80' lang='lat'><strong>50,</strong></span> <span class='ocrx_word' id='word_1_71' title='bbox 443 1039 489 1121; x_wconf 88' lang='lat'><strong>6).</strong></span> <span class='ocrx_word' id='word_1_72' title='bbox 517 1043 613 1103; x_wconf 87' lang='lat' dir='ltr'><strong>Solus</strong></span> <span class='ocrx_word' id='word_1_73' title='bbox 634 1045 744 1106; x_wconf 85' lang='lat' dir='ltr'><strong>autem</strong></span> <span class='ocrx_word' id='word_1_74' title='bbox 763 1044 860 1106; x_wconf 80' lang='lat' dir='ltr'><strong>iesus</strong></span> <span class='ocrx_word' id='word_1_75' title='bbox 882 1041 945 1105; x_wconf 88' lang='lat' dir='ltr'><strong>luit</strong></span> <span class='ocrx_word' id='word_1_76' title='bbox 997 1043 1138 1104; x_wconf 91' lang='lat' dir='ltr'><strong>reditate</strong></span> <span class='ocrx_word' id='word_1_77' title='bbox 1169 1043 1295 1104; x_wconf 89' lang='lat' dir='ltr'><strong>tantam</strong></span> <span class='ocrx_word' id='word_1_78' title='bbox 1335 1044 1477 1119; x_wconf 79' lang='lat' dir='ltr'>gloriam</span> <span class='ocrx_word' id='word_1_79' title='bbox 1512 1044 1647 1107; x_wconf 89' lang='lat' dir='ltr'><strong>habebit</strong></span> <span class='ocrx_word' id='word_1_80' title='bbox 1681 1045 1796 1113; x_wconf 92' lang='lat' dir='ltr'><strong>homo,</strong></span> 
     </span>
     <span class='ocr_line' id='line_1_8' title="bbox 139 1137 1797 1219; baseline 0.001 -18"><span class='ocrx_word' id='word_1_81' title='bbox 139 1140 325 1216; x_wconf 81' lang='lat' dir='ltr'><strong>conceptus</strong></span> <span class='ocrx_word' id='word_1_82' title='bbox 351 1137 426 1200; x_wconf 89' lang='lat' dir='ltr'><strong>sine</strong></span> <span class='ocrx_word' id='word_1_83' title='bbox 447 1139 554 1216; x_wconf 90' lang='lat' dir='ltr'><strong>culpa,</strong></span> <span class='ocrx_word' id='word_1_84' title='bbox 579 1140 657 1219; x_wconf 84' lang='lat' dir='ltr'><strong>quia</strong></span> <span class='ocrx_word' id='word_1_85' title='bbox 678 1141 741 1203; x_wconf 85' lang='lat' dir='ltr'><strong>luit</strong></span> <span class='ocrx_word' id='word_1_86' title='bbox 766 1143 944 1218; x_wconf 89' lang='lat' dir='ltr'><strong>conceptus</strong></span> <span class='ocrx_word' id='word_1_87' title='bbox 999 1140 1155 1216; x_wconf 88' lang='lat' dir='ltr'><strong>quantam</strong></span> <span class='ocrx_word' id='word_1_88' title='bbox 1173 1141 1205 1201; x_wconf 89' lang='lat' dir='ltr'><strong>et</strong></span> <span class='ocrx_word' id='word_1_89' title='bbox 1223 1139 1361 1215; x_wconf 88' lang='lat' dir='ltr'><strong>angelus</strong></span> <span class='ocrx_word' id='word_1_90' title='bbox 1383 1139 1493 1203; x_wconf 90' lang='lat' dir='ltr'><strong>habet.</strong></span> <span class='ocrx_word' id='word_1_91' title='bbox 1522 1141 1616 1203; x_wconf 86' lang='lat' dir='ltr'>Unde</span> <span class='ocrx_word' id='word_1_92' title='bbox 1637 1143 1797 1202; x_wconf 82' lang='lat' dir='ltr'>Dominus</span> 
     </span>
     <span class='ocr_line' id='line_1_9' title="bbox 140 1235 1799 1316; baseline 0.001 -18"><span class='ocrx_word' id='word_1_93' title='bbox 140 1235 185 1298; x_wconf 91' lang='lat' dir='ltr'><strong>de</strong></span> <span class='ocrx_word' id='word_1_94' title='bbox 218 1235 343 1313; x_wconf 83' lang='lat' dir='ltr'><strong>Spiritu</strong></span> <span class='ocrx_word' id='word_1_95' title='bbox 370 1236 507 1306; x_wconf 87' lang='lat' dir='ltr'><strong>Sancto,</strong></span> <span class='ocrx_word' id='word_1_96' title='bbox 542 1237 628 1300; x_wconf 90' lang='lat' dir='ltr'><strong>sicut</strong></span> <span class='ocrx_word' id='word_1_97' title='bbox 656 1239 704 1300; x_wconf 93' lang='lat' dir='ltr'><strong>ait</strong></span> <span class='ocrx_word' id='word_1_98' title='bbox 729 1239 867 1314; x_wconf 87' lang='lat' dir='ltr'><strong>angelus</strong></span> <span class='ocrx_word' id='word_1_99' title='bbox 902 1238 943 1300; x_wconf 90' lang='lat' dir='ltr'><strong>ad</strong></span> <span class='ocrx_word' id='word_1_100' title='bbox 998 1235 1033 1296; x_wconf 92' lang='lat' dir='ltr'><strong>in</strong></span> <span class='ocrx_word' id='word_1_101' title='bbox 1048 1236 1229 1312; x_wconf 78' lang='lat' dir='ltr'><strong>Evangelio</strong></span> <span class='ocrx_word' id='word_1_102' title='bbox 1247 1259 1254 1297; x_wconf 74' lang='grc' dir='ltr'><strong>ι</strong></span> <span class='ocrx_word' id='word_1_103' title='bbox 1270 1240 1435 1312; x_wconf 78' lang='lat' dir='ltr'><strong>AEpnales</strong></span> <span class='ocrx_word' id='word_1_104' title='bbox 1453 1242 1545 1299; x_wconf 78' lang='lat' dir='ltr'><strong>enim</strong></span> <span class='ocrx_word' id='word_1_105' title='bbox 1568 1244 1698 1316; x_wconf 78' lang='lat' dir='ltr'><strong>angelis</strong></span> <span class='ocrx_word' id='word_1_106' title='bbox 1717 1240 1799 1302; x_wconf 82' lang='grc'><strong>111111</strong></span> 
     </span>
     <span class='ocr_line' id='line_1_10' title="bbox 138 1331 1798 1413; baseline 0.002 -19"><span class='ocrx_word' id='word_1_107' title='bbox 138 1333 316 1410; x_wconf 79' lang='lat' dir='ltr'><strong>Virginem</strong></span> <span class='ocrx_word' id='word_1_108' title='bbox 339 1354 347 1394; x_wconf 88' lang='lat'><strong>:</strong></span> <span class='ocrx_word' id='word_1_109' title='bbox 371 1335 525 1408; x_wconf 69' lang='lat' dir='ltr'><strong>sparatus</strong></span> <span class='ocrx_word' id='word_1_110' title='bbox 548 1336 696 1398; x_wconf 83' lang='lat' dir='ltr'><strong>Sanctus</strong></span> <span class='ocrx_word' id='word_1_111' title='bbox 721 1338 944 1412; x_wconf 72' lang='lat' dir='ltr'><strong>superveniet</strong></span> <span class='ocrx_word' id='word_1_112' title='bbox 999 1333 1093 1412; x_wconf 85' lang='lat' dir='ltr'><strong>(Luc.</strong></span> <span class='ocrx_word' id='word_1_113' title='bbox 1107 1349 1164 1405; x_wconf 83' lang='lat' dir='ltr'><strong>xx,</strong></span> <span class='ocrx_word' id='word_1_114' title='bbox 1180 1331 1245 1413; x_wconf 84' lang='grc'>36).</span> <span class='ocrx_word' id='word_1_115' title='bbox 1264 1335 1303 1396; x_wconf 83' lang='lat' dir='ltr'><strong>ut</strong></span> <span class='ocrx_word' id='word_1_116' title='bbox 1317 1336 1393 1396; x_wconf 90' lang='lat' dir='ltr'><strong>sunt</strong></span> <span class='ocrx_word' id='word_1_117' title='bbox 1408 1335 1468 1395; x_wconf 86' lang='lat' dir='ltr'><strong>tilii</strong></span> <span class='ocrx_word' id='word_1_118' title='bbox 1482 1337 1551 1407; x_wconf 88' lang='lat' dir='ltr'><strong>Dei,</strong></span> <span class='ocrx_word' id='word_1_119' title='bbox 1564 1351 1638 1397; x_wconf 92' lang='lat' dir='ltr'><strong>cum</strong></span> <span class='ocrx_word' id='word_1_120' title='bbox 1654 1337 1722 1397; x_wconf 90' lang='lat' dir='ltr'><strong>sint</strong></span> <span class='ocrx_word' id='word_1_121' title='bbox 1737 1336 1798 1397; x_wconf 87' lang='lat' dir='ltr'><strong>dlii</strong></span> 
     </span>
     <span class='ocr_line' id='line_1_11' title="bbox 140 1427 1797 1511; baseline 0.001 -19"><span class='ocrx_word' id='word_1_122' title='bbox 140 1433 182 1492; x_wconf 80' lang='lat' dir='ltr'><strong>in</strong></span> <span class='ocrx_word' id='word_1_123' title='bbox 199 1431 270 1493; x_wconf 88' lang='lat' dir='ltr'><strong>te...</strong></span> <span class='ocrx_word' id='word_1_124' title='bbox 299 1427 394 1509; x_wconf 83' lang='lat' dir='ltr'><strong>(Luc.</strong></span> <span class='ocrx_word' id='word_1_125' title='bbox 417 1445 441 1504; x_wconf 90' lang='lat'><strong>1,</strong></span> <span class='ocrx_word' id='word_1_126' title='bbox 466 1429 533 1511; x_wconf 84' lang='lat'><strong>35).</strong></span> <span class='ocrx_word' id='word_1_127' title='bbox 559 1433 626 1494; x_wconf 87' lang='lat' dir='ltr'><strong>lilii</strong></span> <span class='ocrx_word' id='word_1_128' title='bbox 645 1433 741 1510; x_wconf 92' lang='lat' dir='ltr'><strong>pueri</strong></span> <span class='ocrx_word' id='word_1_129' title='bbox 760 1435 883 1496; x_wconf 81' lang='lat' dir='ltr'><strong>exeunt</strong></span> <span class='ocrx_word' id='word_1_130' title='bbox 904 1433 944 1495; x_wconf 91' lang='lat' dir='ltr'><strong>dc</strong></span> <span class='ocrx_word' id='word_1_131' title='bbox 998 1431 1263 1493; x_wconf 84' lang='lat' dir='ltr'><strong>resurrectionis.</strong></span> <span class='ocrx_word' id='word_1_132' title='bbox 1282 1433 1321 1492; x_wconf 83' lang='lat' dir='ltr'><strong>m</strong></span> <span class='ocrx_word' id='word_1_133' title='bbox 1333 1431 1408 1494; x_wconf 90' lang='lat' dir='ltr'><strong>ideo</strong></span> <span class='ocrx_word' id='word_1_134' title='bbox 1421 1431 1525 1494; x_wconf 80' lang='lat' dir='ltr'><strong>dixit:</strong></span> <span class='ocrx_word' id='word_1_135' title='bbox 1541 1434 1624 1494; x_wconf 88' lang='lat' dir='ltr'><strong>Sunt</strong></span> <span class='ocrx_word' id='word_1_136' title='bbox 1639 1433 1797 1510; x_wconf 80' lang='lat' dir='ltr'><strong>aequales.</strong></span> 
     </span>
     <span class='ocr_line' id='line_1_12' title="bbox 142 1526 1798 1608; baseline 0.002 -20"><span class='ocrx_word' id='word_1_137' title='bbox 142 1529 240 1588; x_wconf 85' lang='lat' dir='ltr'><strong>utero</strong></span> <span class='ocrx_word' id='word_1_138' title='bbox 256 1526 371 1589; x_wconf 87' lang='lat' dir='ltr'><strong>matris</strong></span> <span class='ocrx_word' id='word_1_139' title='bbox 394 1542 509 1589; x_wconf 91' lang='lat' dir='ltr'><strong>eorum</strong></span> <span class='ocrx_word' id='word_1_140' title='bbox 536 1528 662 1590; x_wconf 86' lang='lat' dir='ltr'><strong>sordidi</strong></span> <span class='ocrx_word' id='word_1_141' title='bbox 683 1529 841 1607; x_wconf 81' lang='lat' dir='ltr'><strong>originali</strong></span> <span class='ocrx_word' id='word_1_142' title='bbox 866 1545 946 1608; x_wconf 90' lang='lat' dir='ltr'><strong>pec-</strong></span> <span class='ocrx_word' id='word_1_143' title='bbox 998 1527 1143 1590; x_wconf 90' lang='lat' dir='ltr'><strong>Verbum</strong></span> <span class='ocrx_word' id='word_1_144' title='bbox 1166 1527 1341 1605; x_wconf 88' lang='lat' dir='ltr'><strong>praesentis</strong></span> <span class='ocrx_word' id='word_1_145' title='bbox 1368 1528 1527 1606; x_wconf 90' lang='lat' dir='ltr'><strong>temporis</strong></span> <span class='ocrx_word' id='word_1_146' title='bbox 1552 1531 1698 1607; x_wconf 89' lang='lat' dir='ltr'><strong>protulit,</strong></span> <span class='ocrx_word' id='word_1_147' title='bbox 1728 1532 1798 1592; x_wconf 89' lang='lat' dir='ltr'><strong>sive</strong></span> 
     </span>
     <span class='ocr_line' id='line_1_13' title="bbox 141 1624 1796 1705; baseline 0.001 -19"><span class='ocrx_word' id='word_1_148' title='bbox 141 1625 232 1686; x_wconf 87' lang='lat' dir='ltr'><strong>cato.</strong></span> <span class='ocrx_word' id='word_1_149' title='bbox 258 1626 324 1686; x_wconf 89' lang='lat' dir='ltr'><strong>lste</strong></span> <span class='ocrx_word' id='word_1_150' title='bbox 348 1624 512 1702; x_wconf 89' lang='lat' dir='ltr'><strong>prooessit</strong></span> <span class='ocrx_word' id='word_1_151' title='bbox 542 1626 710 1704; x_wconf 90' lang='lat' dir='ltr'><strong>tamquam</strong></span> <span class='ocrx_word' id='word_1_152' title='bbox 739 1641 880 1704; x_wconf 87' lang='lat' dir='ltr'><strong>sponsus</strong></span> <span class='ocrx_word' id='word_1_153' title='bbox 904 1628 944 1690; x_wconf 92' lang='lat' dir='ltr'><strong>de</strong></span> <span class='ocrx_word' id='word_1_154' title='bbox 999 1624 1215 1701; x_wconf 81' lang='lat' dir='ltr'><strong>Evangelium</strong></span> <span class='ocrx_word' id='word_1_155' title='bbox 1231 1627 1353 1703; x_wconf 83' lang='lat' dir='ltr'><strong>posuit,</strong></span> <span class='ocrx_word' id='word_1_156' title='bbox 1373 1626 1450 1703; x_wconf 87' lang='lat' dir='ltr'><strong>quia</strong></span> <span class='ocrx_word' id='word_1_157' title='bbox 1473 1627 1558 1705; x_wconf 85' lang='lat' dir='ltr'><strong>quod</strong></span> <span class='ocrx_word' id='word_1_158' title='bbox 1574 1625 1720 1688; x_wconf 81' lang='lat' dir='ltr'><strong>futurum</strong></span> <span class='ocrx_word' id='word_1_159' title='bbox 1736 1629 1796 1700; x_wconf 89' lang='lat' dir='ltr'><strong>est,</strong></span> 
     </span>
     <span class='ocr_line' id='line_1_14' title="bbox 142 1721 1799 1801; baseline 0.001 -15"><span class='ocrx_word' id='word_1_160' title='bbox 142 1721 296 1786; x_wconf 88' lang='lat' dir='ltr'><strong>thalamo</strong></span> <span class='ocrx_word' id='word_1_161' title='bbox 319 1737 391 1791; x_wconf 89' lang='lat' dir='ltr'><strong>suo,</strong></span> <span class='ocrx_word' id='word_1_162' title='bbox 408 1722 504 1795; x_wconf 89' lang='lat' dir='ltr'><strong>idest,</strong></span> <span class='ocrx_word' id='word_1_163' title='bbox 528 1722 721 1800; x_wconf 90' lang='lat' dir='ltr'><strong>splendidus</strong></span> <span class='ocrx_word' id='word_1_164' title='bbox 736 1725 769 1788; x_wconf 89' lang='lat' dir='ltr'><strong>et</strong></span> <span class='ocrx_word' id='word_1_165' title='bbox 792 1721 943 1786; x_wconf 85' lang='lat' dir='ltr'><strong>decorus.</strong></span> <span class='ocrx_word' id='word_1_166' title='bbox 999 1723 1229 1800; x_wconf 85' lang='lat' dir='ltr'><strong>inpraesentia</strong></span> <span class='ocrx_word' id='word_1_167' title='bbox 1253 1723 1313 1785; x_wconf 79' lang='lat' dir='ltr'><strong>Ilei</strong></span> <span class='ocrx_word' id='word_1_168' title='bbox 1331 1726 1402 1801; x_wconf 82' lang='lat' dir='ltr'><strong>jam</strong></span> <span class='ocrx_word' id='word_1_169' title='bbox 1426 1723 1549 1786; x_wconf 86' lang='lat' dir='ltr'><strong>iactum</strong></span> <span class='ocrx_word' id='word_1_170' title='bbox 1573 1726 1632 1786; x_wconf 90' lang='lat' dir='ltr'><strong>est.</strong></span> <span class='ocrx_word' id='word_1_171' title='bbox 1659 1725 1708 1787; x_wconf 86' lang='lat' dir='ltr'><strong>Ad</strong></span> <span class='ocrx_word' id='word_1_172' title='bbox 1735 1725 1799 1788; x_wconf 93' lang='lat' dir='ltr'><strong>hoc</strong></span> 
     </span>
     <span class='ocr_line' id='line_1_15' title="bbox 143 1818 1800 1900; baseline 0.002 -20"><span class='ocrx_word' id='word_1_173' title='bbox 143 1819 213 1880; x_wconf 78' lang='lat' dir='ltr'><strong>lilii</strong></span> <span class='ocrx_word' id='word_1_174' title='bbox 240 1820 335 1897; x_wconf 91' lang='lat' dir='ltr'><strong>pueri</strong></span> <span class='ocrx_word' id='word_1_175' title='bbox 363 1818 495 1896; x_wconf 89' lang='lat' dir='ltr'><strong>plorant</strong></span> <span class='ocrx_word' id='word_1_176' title='bbox 518 1819 553 1881; x_wconf 91' lang='lat' dir='ltr'><strong>in</strong></span> <span class='ocrx_word' id='word_1_177' title='bbox 581 1835 642 1882; x_wconf 89' lang='lat' dir='ltr'><strong>sua</strong></span> <span class='ocrx_word' id='word_1_178' title='bbox 666 1821 851 1895; x_wconf 83' lang='lat' dir='ltr'><strong>nativitate,</strong></span> <span class='ocrx_word' id='word_1_179' title='bbox 881 1823 945 1884; x_wconf 90' lang='lat' dir='ltr'><strong>iste</strong></span> <span class='ocrx_word' id='word_1_180' title='bbox 999 1819 1170 1882; x_wconf 88' lang='lat' dir='ltr'><strong>sciendum</strong></span> <span class='ocrx_word' id='word_1_181' title='bbox 1185 1821 1237 1882; x_wconf 89' lang='lat' dir='ltr'><strong>est</strong></span> <span class='ocrx_word' id='word_1_182' title='bbox 1255 1820 1341 1898; x_wconf 87' lang='lat' dir='ltr'><strong>quod</strong></span> <span class='ocrx_word' id='word_1_183' title='bbox 1361 1821 1397 1881; x_wconf 92' lang='lat' dir='ltr'><strong>in</strong></span> <span class='ocrx_word' id='word_1_184' title='bbox 1418 1823 1520 1884; x_wconf 87' lang='lat' dir='ltr'><strong>Sacra</strong></span> <span class='ocrx_word' id='word_1_185' title='bbox 1541 1822 1713 1900; x_wconf 89' lang='lat' dir='ltr'><strong>Scriptura</strong></span> <span class='ocrx_word' id='word_1_186' title='bbox 1736 1838 1800 1883; x_wconf 88' lang='lat' dir='ltr'><strong>an·-</strong></span> 
     </span>
     <span class='ocr_line' id='line_1_16' title="bbox 143 1915 1798 1998; baseline 0.002 -20"><span class='ocrx_word' id='word_1_187' title='bbox 143 1931 226 1979; x_wconf 81' lang='lat' dir='ltr'><strong>vero</strong></span> <span class='ocrx_word' id='word_1_188' title='bbox 241 1916 316 1978; x_wconf 91' lang='lat' dir='ltr'><strong>risit</strong></span> <span class='ocrx_word' id='word_1_189' title='bbox 333 1917 365 1978; x_wconf 89' lang='lat' dir='ltr'><strong>et</strong></span> <span class='ocrx_word' id='word_1_190' title='bbox 379 1915 537 1992; x_wconf 88' lang='lat' dir='ltr'><strong>gaudium</strong></span> <span class='ocrx_word' id='word_1_191' title='bbox 552 1918 651 1980; x_wconf 88' lang='grc'><strong>111111</strong></span> <span class='ocrx_word' id='word_1_192' title='bbox 670 1918 771 1981; x_wconf 86' lang='lat' dir='ltr'><strong>dedit.</strong></span> <span class='ocrx_word' id='word_1_193' title='bbox 795 1922 842 1982; x_wconf 89' lang='lat' dir='ltr'><strong>De</strong></span> <span class='ocrx_word' id='word_1_194' title='bbox 856 1921 946 1982; x_wconf 89' lang='lat' dir='ltr'><strong>nati·</strong></span> <span class='ocrx_word' id='word_1_195' title='bbox 998 1917 1092 1993; x_wconf 89' lang='lat' dir='ltr'><strong>gelus</strong></span> <span class='ocrx_word' id='word_1_196' title='bbox 1108 1917 1369 1995; x_wconf 85' lang='lat' dir='ltr'><strong>quadrupliciter</strong></span> <span class='ocrx_word' id='word_1_197' title='bbox 1392 1919 1563 1996; x_wconf 87' lang='lat' dir='ltr'><strong>accipitur.</strong></span> <span class='ocrx_word' id='word_1_198' title='bbox 1581 1922 1640 1981; x_wconf 85' lang='lat' dir='ltr'><strong>Est</strong></span> <span class='ocrx_word' id='word_1_199' title='bbox 1654 1936 1798 1998; x_wconf 89' lang='lat' dir='ltr'><strong>namque</strong></span> 
     </span>
     <span class='ocr_line' id='line_1_17' title="bbox 142 2012 1796 2094; baseline 0.002 -19"><span class='ocrx_word' id='word_1_200' title='bbox 142 2012 248 2075; x_wconf 86' lang='lat' dir='ltr'><strong>vitate</strong></span> <span class='ocrx_word' id='word_1_201' title='bbox 270 2014 410 2076; x_wconf 80' lang='lat' dir='ltr'><strong>loannis</strong></span> <span class='ocrx_word' id='word_1_202' title='bbox 433 2013 556 2076; x_wconf 91' lang='lat' dir='ltr'><strong>dicitur</strong></span> <span class='ocrx_word' id='word_1_203' title='bbox 575 2015 612 2076; x_wconf 88' lang='lat' dir='ltr'><strong>in</strong></span> <span class='ocrx_word' id='word_1_204' title='bbox 635 2016 817 2093; x_wconf 75' lang='lat' dir='ltr'><strong>Evangelio</strong></span> <span class='ocrx_word' id='word_1_205' title='bbox 837 2037 845 2075; x_wconf 75' lang='lat' dir='ltr'><strong>t</strong></span> <span class='ocrx_word' id='word_1_206' title='bbox 868 2021 944 2080; x_wconf 75' lang='lat' dir='ltr'><strong>Aac·</strong></span> <span class='ocrx_word' id='word_1_207' title='bbox 999 2015 1138 2090; x_wconf 89' lang='lat' dir='ltr'><strong>angelus</strong></span> <span class='ocrx_word' id='word_1_208' title='bbox 1148 2015 1280 2077; x_wconf 82' lang='lat' dir='ltr'><strong>Satanae</strong></span> <span class='ocrx_word' id='word_1_209' title='bbox 1292 2015 1346 2076; x_wconf 88' lang='grc'><strong>111</strong></span> <span class='ocrx_word' id='word_1_210' title='bbox 1358 2015 1530 2089; x_wconf 77' lang='lat' dir='ltr'><strong>daemonis,</strong></span> <span class='ocrx_word' id='word_1_211' title='bbox 1541 2017 1679 2092; x_wconf 88' lang='lat' dir='ltr'><strong>angelus</strong></span> <span class='ocrx_word' id='word_1_212' title='bbox 1693 2019 1796 2094; x_wconf 83' lang='lat' dir='ltr'><strong>pacis,</strong></span> 
     </span>
     <span class='ocr_line' id='line_1_18' title="bbox 143 2111 1799 2191; baseline 0.002 -18"><span class='ocrx_word' id='word_1_213' title='bbox 143 2113 278 2174; x_wconf 81' lang='lat' dir='ltr'><strong>dientes</strong></span> <span class='ocrx_word' id='word_1_214' title='bbox 291 2115 397 2173; x_wconf 79' lang='grc'><strong>1111111·</strong></span> <span class='ocrx_word' id='word_1_215' title='bbox 411 2113 446 2174; x_wconf 88' lang='lat' dir='ltr'><strong>et</strong></span> <span class='ocrx_word' id='word_1_216' title='bbox 456 2112 692 2190; x_wconf 77' lang='lat' dir='ltr'><strong>cognatipnod</strong></span> <span class='ocrx_word' id='word_1_217' title='bbox 705 2116 944 2191; x_wconf 69' lang='lat' dir='ltr'><strong>magnificavit</strong></span> <span class='ocrx_word' id='word_1_218' title='bbox 999 2113 1137 2188; x_wconf 79' lang='lat' dir='ltr'><strong>angelus</strong></span> <span class='ocrx_word' id='word_1_219' title='bbox 1153 2111 1329 2173; x_wconf 87' lang='lat' dir='ltr'><strong>ministerii</strong></span> <span class='ocrx_word' id='word_1_220' title='bbox 1344 2114 1377 2174; x_wconf 92' lang='lat' dir='ltr'><strong>et</strong></span> <span class='ocrx_word' id='word_1_221' title='bbox 1398 2113 1537 2189; x_wconf 85' lang='lat' dir='ltr'><strong>angelus</strong></span> <span class='ocrx_word' id='word_1_222' title='bbox 1560 2115 1703 2176; x_wconf 92' lang='lat' dir='ltr'><strong>consilii.</strong></span> <span class='ocrx_word' id='word_1_223' title='bbox 1729 2119 1799 2177; x_wconf 79' lang='lat' dir='ltr'><strong>hn-</strong></span> 
     </span>
     <span class='ocr_line' id='line_1_19' title="bbox 142 2209 1798 2290; baseline 0.002 -20"><span class='ocrx_word' id='word_1_224' title='bbox 142 2211 529 2272; x_wconf 79' lang='lat' dir='ltr'><strong>Densmtsertcordtam</strong></span> <span class='ocrx_word' id='word_1_225' title='bbox 547 2225 649 2272; x_wconf 85' lang='lat' dir='ltr'><strong>snam</strong></span> <span class='ocrx_word' id='word_1_226' title='bbox 664 2226 744 2272; x_wconf 85' lang='lat' dir='ltr'><strong>cnm</strong></span> <span class='ocrx_word' id='word_1_227' title='bbox 759 2214 942 2284; x_wconf 78' lang='lat' dir='ltr'><strong>Elisabeth,</strong></span> <span class='ocrx_word' id='word_1_228' title='bbox 999 2209 1094 2285; x_wconf 88' lang='lat' dir='ltr'><strong>gelus</strong></span> <span class='ocrx_word' id='word_1_229' title='bbox 1122 2209 1283 2271; x_wconf 91' lang='lat' dir='ltr'><strong>daemonis</strong></span> <span class='ocrx_word' id='word_1_230' title='bbox 1308 2210 1509 2287; x_wconf 88' lang='lat' dir='ltr'><strong>colaphizat,</strong></span> <span class='ocrx_word' id='word_1_231' title='bbox 1538 2213 1677 2287; x_wconf 89' lang='lat' dir='ltr'><strong>angelus</strong></span> <span class='ocrx_word' id='word_1_232' title='bbox 1705 2213 1798 2290; x_wconf 87' lang='lat' dir='ltr'><strong>pacis</strong></span> 
     </span>
     <span class='ocr_line' id='line_1_20' title="bbox 69 2299 1798 2387; baseline 0.002 -19"><span class='ocrx_word' id='word_1_233' title='bbox 69 2299 72 2304; x_wconf 80' lang='grc'><strong>’</strong></span> <span class='ocrx_word' id='word_1_234' title='bbox 142 2307 476 2383; x_wconf 74' lang='lat' dir='ltr'><strong>corroratntobontnr</strong></span> <span class='ocrx_word' id='word_1_235' title='bbox 489 2311 521 2368; x_wconf 83' lang='lat' dir='ltr'><strong>et</strong></span> <span class='ocrx_word' id='word_1_236' title='bbox 537 2305 631 2386; x_wconf 89' lang='lat' dir='ltr'><strong>(Luc.</strong></span> <span class='ocrx_word' id='word_1_237' title='bbox 651 2325 675 2380; x_wconf 95' lang='lat'><strong>1,</strong></span> <span class='ocrx_word' id='word_1_238' title='bbox 690 2305 756 2387; x_wconf 81' lang='grc'>58).</span> <span class='ocrx_word' id='word_1_239' title='bbox 778 2307 888 2370; x_wconf 88' lang='lat' dir='ltr'><strong>Vicini</strong></span> <span class='ocrx_word' id='word_1_240' title='bbox 912 2310 945 2370; x_wconf 92' lang='lat' dir='ltr'><strong>et</strong></span> <span class='ocrx_word' id='word_1_241' title='bbox 999 2307 1152 2380; x_wconf 80' lang='lat' dir='ltr'><strong>aedificat,</strong></span> <span class='ocrx_word' id='word_1_242' title='bbox 1175 2307 1313 2382; x_wconf 86' lang='lat' dir='ltr'><strong>angelus</strong></span> <span class='ocrx_word' id='word_1_243' title='bbox 1332 2307 1510 2370; x_wconf 89' lang='lat' dir='ltr'><strong>ministerii</strong></span> <span class='ocrx_word' id='word_1_244' title='bbox 1530 2309 1705 2380; x_wconf 80' lang='lat' dir='ltr'><strong>confortat,</strong></span> <span class='ocrx_word' id='word_1_245' title='bbox 1733 2326 1798 2372; x_wconf 90' lang='lat' dir='ltr'><strong>an-</strong></span> 
     </span>
     <span class='ocr_line' id='line_1_21' title="bbox 143 2403 1798 2484; baseline 0.002 -19"><span class='ocrx_word' id='word_1_246' title='bbox 143 2404 278 2480; x_wconf 89' lang='lat' dir='ltr'><strong>cognati</strong></span> <span class='ocrx_word' id='word_1_247' title='bbox 286 2403 364 2464; x_wconf 91' lang='lat' dir='ltr'><strong>sunt</strong></span> <span class='ocrx_word' id='word_1_248' title='bbox 373 2404 555 2479; x_wconf 39' lang='lat' dir='ltr'><strong>angelivbei</strong></span> <span class='ocrx_word' id='word_1_249' title='bbox 565 2405 598 2466; x_wconf 90' lang='lat' dir='ltr'><strong>et</strong></span> <span class='ocrx_word' id='word_1_250' title='bbox 607 2405 724 2477; x_wconf 89' lang='lat' dir='ltr'><strong>sancti,</strong></span> <span class='ocrx_word' id='word_1_251' title='bbox 738 2406 794 2484; x_wconf 86' lang='lat' dir='ltr'><strong>qui</strong></span> <span class='ocrx_word' id='word_1_252' title='bbox 804 2407 945 2483; x_wconf 89' lang='lat' dir='ltr'><strong>quatuor</strong></span> <span class='ocrx_word' id='word_1_253' title='bbox 998 2403 1093 2479; x_wconf 89' lang='lat' dir='ltr'><strong>gelus</strong></span> <span class='ocrx_word' id='word_1_254' title='bbox 1108 2404 1240 2466; x_wconf 88' lang='lat' dir='ltr'><strong>consilii</strong></span> <span class='ocrx_word' id='word_1_255' title='bbox 1254 2403 1375 2467; x_wconf 89' lang='lat' dir='ltr'><strong>liberat</strong></span> <span class='ocrx_word' id='word_1_256' title='bbox 1384 2405 1436 2467; x_wconf 88' lang='grc'><strong>111</strong></span> <span class='ocrx_word' id='word_1_257' title='bbox 1450 2408 1597 2468; x_wconf 82' lang='grc'><strong>1111111.</strong></span> <span class='ocrx_word' id='word_1_258' title='bbox 1614 2409 1671 2469; x_wconf 86' lang='lat' dir='ltr'><strong>Est</strong></span> <span class='ocrx_word' id='word_1_259' title='bbox 1686 2407 1798 2484; x_wconf 88' lang='lat' dir='ltr'><strong>itaque</strong></span> 
     </span>
     <span class='ocr_line' id='line_1_22' title="bbox 142 2500 1797 2580; baseline 0.003 -19"><span class='ocrx_word' id='word_1_260' title='bbox 142 2501 187 2562; x_wconf 89' lang='lat' dir='ltr'><strong>de</strong></span> <span class='ocrx_word' id='word_1_261' title='bbox 210 2500 321 2562; x_wconf 88' lang='lat' dir='ltr'><strong>causis</strong></span> <span class='ocrx_word' id='word_1_262' title='bbox 345 2500 501 2563; x_wconf 89' lang='lat' dir='ltr'><strong>dicuntur</strong></span> <span class='ocrx_word' id='word_1_263' title='bbox 527 2517 602 2564; x_wconf 90' lang='lat' dir='ltr'><strong>esse</strong></span> <span class='ocrx_word' id='word_1_264' title='bbox 626 2503 730 2564; x_wconf 86' lang='lat' dir='ltr'><strong>vicini</strong></span> <span class='ocrx_word' id='word_1_265' title='bbox 754 2504 794 2564; x_wconf 51' lang='lat' dir='ltr'><strong>et¹</strong></span> <span class='ocrx_word' id='word_1_266' title='bbox 812 2504 944 2579; x_wconf 88' lang='lat' dir='ltr'><strong>cognati</strong></span> <span class='ocrx_word' id='word_1_267' title='bbox 999 2501 1442 2579; x_wconf 86' lang='lat' dir='ltr'><strong>angelusdaemon,angelus</strong></span> <span class='ocrx_word' id='word_1_268' title='bbox 1457 2502 1572 2577; x_wconf 88' lang='lat' dir='ltr'><strong>homo,</strong></span> <span class='ocrx_word' id='word_1_269' title='bbox 1589 2505 1729 2580; x_wconf 87' lang='lat' dir='ltr'><strong>angelus</strong></span> <span class='ocrx_word' id='word_1_270' title='bbox 1744 2521 1797 2566; x_wconf 89' lang='lat' dir='ltr'><strong>su·</strong></span> 
     </span>
     <span class='ocr_line' id='line_1_23' title="bbox 144 2597 1794 2677; baseline 0.002 -17"><span class='ocrx_word' id='word_1_271' title='bbox 144 2614 207 2675; x_wconf 88' lang='lat' dir='ltr'><strong>per</strong></span> <span class='ocrx_word' id='word_1_272' title='bbox 232 2597 523 2671; x_wconf 86' lang='lat' dir='ltr'><strong>cohabitationem,</strong></span> <span class='ocrx_word' id='word_1_273' title='bbox 554 2615 614 2677; x_wconf 89' lang='lat' dir='ltr'><strong>per</strong></span> <span class='ocrx_word' id='word_1_274' title='bbox 634 2601 762 2662; x_wconf 78' lang='lat' dir='ltr'><strong>natura</strong></span> <span class='ocrx_word' id='word_1_275' title='bbox 783 2600 943 2662; x_wconf 91' lang='lat' dir='ltr'><strong>similitu·</strong></span> <span class='ocrx_word' id='word_1_276' title='bbox 999 2613 1101 2675; x_wconf 89' lang='lat' dir='ltr'><strong>perna</strong></span> <span class='ocrx_word' id='word_1_277' title='bbox 1116 2599 1274 2675; x_wconf 86' lang='lat' dir='ltr'><strong>potestas,</strong></span> <span class='ocrx_word' id='word_1_278' title='bbox 1289 2600 1428 2674; x_wconf 87' lang='lat' dir='ltr'><strong>angelus</strong></span> <span class='ocrx_word' id='word_1_279' title='bbox 1443 2615 1573 2677; x_wconf 84' lang='lat' dir='ltr'><strong>quoque</strong></span> <span class='ocrx_word' id='word_1_280' title='bbox 1589 2603 1794 2664; x_wconf 77' lang='lat' dir='ltr'><strong>Emmanuel.</strong></span> 
     </span>
     <span class='ocr_line' id='line_1_24' title="bbox 144 2694 1797 2775; baseline 0.003 -20"><span class='ocrx_word' id='word_1_281' title='bbox 144 2695 270 2768; x_wconf 90' lang='lat' dir='ltr'><strong>dinem,</strong></span> <span class='ocrx_word' id='word_1_282' title='bbox 287 2711 346 2773; x_wconf 92' lang='lat' dir='ltr'><strong>per</strong></span> <span class='ocrx_word' id='word_1_283' title='bbox 368 2695 609 2759; x_wconf 74' lang='lat' dir='ltr'><strong>maternitatem</strong></span> <span class='ocrx_word' id='word_1_284' title='bbox 628 2699 662 2759; x_wconf 91' lang='lat' dir='ltr'><strong>et</strong></span> <span class='ocrx_word' id='word_1_285' title='bbox 677 2713 738 2775; x_wconf 90' lang='lat' dir='ltr'><strong>per</strong></span> <span class='ocrx_word' id='word_1_286' title='bbox 755 2697 943 2760; x_wconf 86' lang='lat' dir='ltr'><strong>cohaeredi-</strong></span> <span class='ocrx_word' id='word_1_287' title='bbox 999 2699 1045 2757; x_wconf 90' lang='lat' dir='ltr'><strong>De</strong></span> <span class='ocrx_word' id='word_1_288' title='bbox 1059 2695 1177 2771; x_wconf 89' lang='lat' dir='ltr'><strong>angelo</strong></span> <span class='ocrx_word' id='word_1_289' title='bbox 1194 2696 1325 2757; x_wconf 85' lang='lat' dir='ltr'><strong>Satanae</strong></span> <span class='ocrx_word' id='word_1_290' title='bbox 1345 2694 1448 2757; x_wconf 90' lang='lat' dir='ltr'><strong>habes</strong></span> <span class='ocrx_word' id='word_1_291' title='bbox 1464 2697 1500 2757; x_wconf 91' lang='lat' dir='ltr'><strong>in</strong></span> <span class='ocrx_word' id='word_1_292' title='bbox 1518 2697 1675 2774; x_wconf 84' lang='lat' dir='ltr'><strong>Apostolo</strong></span> <span class='ocrx_word' id='word_1_293' title='bbox 1697 2702 1797 2760; x_wconf 82' lang='lat' dir='ltr'><strong>:An-</strong></span> 
     </span>
     <span class='ocr_line' id='line_1_25' title="bbox 142 2792 1795 2874; baseline 0.002 -18"><span class='ocrx_word' id='word_1_294' title='bbox 142 2792 258 2856; x_wconf 88' lang='lat' dir='ltr'><strong>tatem.</strong></span> <span class='ocrx_word' id='word_1_295' title='bbox 281 2796 355 2855; x_wconf 88' lang='lat' dir='ltr'><strong>Per</strong></span> <span class='ocrx_word' id='word_1_296' title='bbox 373 2794 668 2868; x_wconf 73' lang='lat' dir='ltr'><strong>cohabitationem,</strong></span> <span class='ocrx_word' id='word_1_297' title='bbox 689 2794 946 2872; x_wconf 67' lang='grc'><strong>1111111111-</strong></span> <span class='ocrx_word' id='word_1_298' title='bbox 998 2797 1092 2871; x_wconf 78' lang='lat' dir='ltr'><strong>petas</strong></span> <span class='ocrx_word' id='word_1_299' title='bbox 1105 2794 1581 2870; x_wconf 76' lang='lat' dir='ltr'><strong>Sotancepntmecontpdizot</strong></span> <span class='ocrx_word' id='word_1_300' title='bbox 1594 2794 1795 2874; x_wconf 73' lang='lat' dir='ltr'><strong>(licentur,</strong></span> 
     </span>
     <span class='ocr_line' id='line_1_26' title="bbox 144 2889 1798 2970; baseline 0.002 -17"><span class='ocrx_word' id='word_1_301' title='bbox 144 2905 221 2953; x_wconf 89' lang='lat' dir='ltr'><strong>eum</strong></span> <span class='ocrx_word' id='word_1_302' title='bbox 245 2889 397 2952; x_wconf 91' lang='lat' dir='ltr'><strong>habitant</strong></span> <span class='ocrx_word' id='word_1_303' title='bbox 417 2891 452 2952; x_wconf 92' lang='lat' dir='ltr'><strong>in</strong></span> <span class='ocrx_word' id='word_1_304' title='bbox 478 2891 542 2953; x_wconf 90' lang='lat' dir='ltr'><strong>hoc</strong></span> <span class='ocrx_word' id='word_1_305' title='bbox 564 2892 697 2965; x_wconf 91' lang='lat' dir='ltr'><strong>mundo,</strong></span> <span class='ocrx_word' id='word_1_306' title='bbox 720 2891 754 2954; x_wconf 91' lang='lat' dir='ltr'><strong>et</strong></span> <span class='ocrx_word' id='word_1_307' title='bbox 772 2891 807 2952; x_wconf 93' lang='lat' dir='ltr'><strong>in</strong></span> <span class='ocrx_word' id='word_1_308' title='bbox 833 2891 944 2954; x_wconf 84' lang='lat' dir='ltr'><strong>tuturo</strong></span> <span class='ocrx_word' id='word_1_309' title='bbox 997 2889 1043 2970; x_wconf 86' lang='lat'><strong>7).</strong></span> <span class='ocrx_word' id='word_1_310' title='bbox 1060 2893 1106 2952; x_wconf 87' lang='lat' dir='ltr'><strong>De</strong></span> <span class='ocrx_word' id='word_1_311' title='bbox 1129 2891 1248 2967; x_wconf 86' lang='lat' dir='ltr'><strong>angelo</strong></span> <span class='ocrx_word' id='word_1_312' title='bbox 1263 2891 1355 2969; x_wconf 81' lang='lat' dir='ltr'><strong>pacis</strong></span> <span class='ocrx_word' id='word_1_313' title='bbox 1374 2891 1409 2952; x_wconf 91' lang='lat' dir='ltr'><strong>in</strong></span> <span class='ocrx_word' id='word_1_314' title='bbox 1433 2891 1521 2954; x_wconf 87' lang='lat' dir='ltr'><strong>lsaia</strong></span> <span class='ocrx_word' id='word_1_315' title='bbox 1539 2913 1547 2953; x_wconf 75' lang='grc' dir='ltr'><strong>ε</strong></span> <span class='ocrx_word' id='word_1_316' title='bbox 1563 2897 1685 2970; x_wconf 79' lang='lat' dir='ltr'><strong>Angett</strong></span> <span class='ocrx_word' id='word_1_317' title='bbox 1700 2899 1798 2970; x_wconf 85' lang='lat' dir='ltr'><strong>pects</strong></span> 
     </span>
     <span class='ocr_line' id='line_1_27' title="bbox 143 2986 1798 3070; baseline 0.003 -22"><span class='ocrx_word' id='word_1_318' title='bbox 143 2986 318 3050; x_wconf 91' lang='lat' dir='ltr'><strong>nobiscum</strong></span> <span class='ocrx_word' id='word_1_319' title='bbox 346 2986 542 3050; x_wconf 89' lang='lat' dir='ltr'><strong>habitabunt</strong></span> <span class='ocrx_word' id='word_1_320' title='bbox 572 2988 609 3050; x_wconf 93' lang='lat' dir='ltr'><strong>in</strong></span> <span class='ocrx_word' id='word_1_321' title='bbox 637 2990 732 3051; x_wconf 90' lang='lat' dir='ltr'><strong>coelo.</strong></span> <span class='ocrx_word' id='word_1_322' title='bbox 764 2989 944 3052; x_wconf 87' lang='lat' dir='ltr'><strong>Nobiscum</strong></span> <span class='ocrx_word' id='word_1_323' title='bbox 997 3003 1119 3050; x_wconf 85' lang='lat' dir='ltr'><strong>amare</strong></span> <span class='ocrx_word' id='word_1_324' title='bbox 1144 2989 1272 3062; x_wconf 73' lang='lat' dir='ltr'><strong>nebant</strong></span> <span class='ocrx_word' id='word_1_325' title='bbox 1301 2987 1359 3068; x_wconf 90' lang='lat' dir='ltr'><strong>(ls.</strong></span> <span class='ocrx_word' id='word_1_326' title='bbox 1383 3005 1505 3062; x_wconf 80' lang='lat' dir='ltr'><strong>xxxrn,</strong></span> <span class='ocrx_word' id='word_1_327' title='bbox 1535 2988 1580 3070; x_wconf 84' lang='lat'><strong>7).</strong></span> <span class='ocrx_word' id='word_1_328' title='bbox 1609 2993 1655 3052; x_wconf 88' lang='lat' dir='ltr'><strong>De</strong></span> <span class='ocrx_word' id='word_1_329' title='bbox 1678 2993 1798 3068; x_wconf 87' lang='lat' dir='ltr'><strong>angelo</strong></span> 
     </span>
     <span class='ocr_line' id='line_1_28' title="bbox 143 3084 1799 3166; baseline 0.004 -21"><span class='ocrx_word' id='word_1_330' title='bbox 143 3084 297 3155; x_wconf 81' lang='lat' dir='ltr'><strong>habitant</strong></span> <span class='ocrx_word' id='word_1_331' title='bbox 320 3084 355 3145; x_wconf 92' lang='lat' dir='ltr'><strong>in</strong></span> <span class='ocrx_word' id='word_1_332' title='bbox 374 3085 438 3148; x_wconf 93' lang='lat' dir='ltr'><strong>hoc</strong></span> <span class='ocrx_word' id='word_1_333' title='bbox 460 3087 581 3148; x_wconf 92' lang='lat' dir='ltr'><strong>mundo</strong></span> <span class='ocrx_word' id='word_1_334' title='bbox 606 3087 828 3150; x_wconf 87' lang='lat' dir='ltr'><strong>custodientes</strong></span> <span class='ocrx_word' id='word_1_335' title='bbox 848 3103 943 3149; x_wconf 89' lang='lat' dir='ltr'><strong>nosa</strong></span> <span class='ocrx_word' id='word_1_336' title='bbox 998 3084 1176 3147; x_wconf 88' lang='lat' dir='ltr'><strong>ministerii</strong></span> <span class='ocrx_word' id='word_1_337' title='bbox 1196 3086 1231 3148; x_wconf 94' lang='lat' dir='ltr'><strong>in</strong></span> <span class='ocrx_word' id='word_1_338' title='bbox 1252 3086 1453 3149; x_wconf 87' lang='lat' dir='ltr'><strong>Psalmista:</strong></span> <span class='ocrx_word' id='word_1_339' title='bbox 1471 3088 1637 3163; x_wconf 70' lang='lat' dir='ltr'><strong>ozensara</strong></span> <span class='ocrx_word' id='word_1_340' title='bbox 1659 3096 1799 3166; x_wconf 80' lang='lat' dir='ltr'><strong>angelos</strong></span> 
     </span>
     <span class='ocr_line' id='line_1_29' title="bbox 143 3171 1799 3264; baseline 0.005 -22"><span class='ocrx_word' id='word_1_341' title='bbox 143 3182 305 3260; x_wconf 88' lang='lat' dir='ltr'><strong>periculis</strong></span> <span class='ocrx_word' id='word_1_342' title='bbox 325 3183 358 3244; x_wconf 92' lang='lat' dir='ltr'><strong>et</strong></span> <span class='ocrx_word' id='word_1_343' title='bbox 379 3185 571 3260; x_wconf 89' lang='lat' dir='ltr'><strong>apeccatis.</strong></span> <span class='ocrx_word' id='word_1_344' title='bbox 599 3185 692 3246; x_wconf 88' lang='lat' dir='ltr'><strong>Unde</strong></span> <span class='ocrx_word' id='word_1_345' title='bbox 712 3185 815 3248; x_wconf 77' lang='lat' dir='ltr'><strong>David</strong></span> <span class='ocrx_word' id='word_1_346' title='bbox 841 3206 849 3245; x_wconf 73' lang='grc' dir='ltr'><strong><em>ε</em></strong></span> <span class='ocrx_word' id='word_1_347' title='bbox 872 3188 946 3246; x_wconf 83' lang='lat' dir='ltr'><strong>An-</strong></span> <span class='ocrx_word' id='word_1_348' title='bbox 996 3171 1078 3245; x_wconf 74' lang='lat' dir='ltr'><strong>satos</strong></span> <span class='ocrx_word' id='word_1_349' title='bbox 1105 3184 1267 3259; x_wconf 70' lang='lat' dir='ltr'><strong>sprottus,</strong></span> <span class='ocrx_word' id='word_1_350' title='bbox 1301 3185 1336 3245; x_wconf 93' lang='lat' dir='ltr'><strong>et</strong></span> <span class='ocrx_word' id='word_1_351' title='bbox 1363 3185 1545 3247; x_wconf 79' lang='lat' dir='ltr'><strong>ministros</strong></span> <span class='ocrx_word' id='word_1_352' title='bbox 1574 3199 1655 3248; x_wconf 75' lang='lat' dir='ltr'><strong>maes</strong></span> <span class='ocrx_word' id='word_1_353' title='bbox 1682 3190 1799 3264; x_wconf 70' lang='lat' dir='ltr'><strong>torrem</strong></span> 
     </span>
     <span class='ocr_line' id='line_1_30' title="bbox 142 3279 1800 3357; baseline 0.001 -15"><span class='ocrx_word' id='word_1_354' title='bbox 142 3283 230 3357; x_wconf 74' lang='lat' dir='ltr'><strong>aetas</strong></span> <span class='ocrx_word' id='word_1_355' title='bbox 243 3283 316 3342; x_wconf 82' lang='lat' dir='ltr'><strong>suis</strong></span> <span class='ocrx_word' id='word_1_356' title='bbox 331 3281 512 3343; x_wconf 78' lang='grc'><strong>1111111111</strong></span> <span class='ocrx_word' id='word_1_357' title='bbox 530 3284 572 3344; x_wconf 89' lang='lat' dir='ltr'><strong>de</strong></span> <span class='ocrx_word' id='word_1_358' title='bbox 587 3283 631 3354; x_wconf 91' lang='lat' dir='ltr'><strong>te,</strong></span> <span class='ocrx_word' id='word_1_359' title='bbox 646 3282 686 3343; x_wconf 85' lang='lat' dir='ltr'><strong>ut</strong></span> <span class='ocrx_word' id='word_1_360' title='bbox 703 3283 896 3344; x_wconf 76' lang='lat' dir='ltr'><strong>crestodiont</strong></span> <span class='ocrx_word' id='word_1_361' title='bbox 912 3283 944 3344; x_wconf 91' lang='lat' dir='ltr'><strong>te</strong></span> <span class='ocrx_word' id='word_1_362' title='bbox 998 3280 1168 3342; x_wconf 85' lang='lat' dir='ltr'><strong>arentem.</strong></span> <span class='ocrx_word' id='word_1_363' title='bbox 1190 3281 1230 3342; x_wconf 84' lang='lat' dir='ltr'><strong>ut</strong></span> <span class='ocrx_word' id='word_1_364' title='bbox 1247 3279 1423 3357; x_wconf 78' lang='lat' dir='ltr'><strong>Apostolus</strong></span> <span class='ocrx_word' id='word_1_365' title='bbox 1440 3301 1448 3340; x_wconf 78' lang='lat' dir='ltr'><em>z</em></span> <span class='ocrx_word' id='word_1_366' title='bbox 1466 3281 1556 3342; x_wconf 74' lang='lat' dir='ltr'><strong>Stant</strong></span> <span class='ocrx_word' id='word_1_367' title='bbox 1573 3297 1722 3356; x_wconf 74' lang='lat' dir='ltr'><strong>reamque</strong></span> <span class='ocrx_word' id='word_1_368' title='bbox 1736 3287 1800 3344; x_wconf 85' lang='lat' dir='ltr'><strong>oct-</strong></span> 
     </span>
     <span class='ocr_line' id='line_1_31' title="bbox 143 3376 1799 3459; baseline 0.001 -20"><span class='ocrx_word' id='word_1_369' title='bbox 143 3381 182 3439; x_wconf 82' lang='grc'><strong>111</strong></span> <span class='ocrx_word' id='word_1_370' title='bbox 196 3380 353 3439; x_wconf 79' lang='lat' dir='ltr'><strong>omnibus</strong></span> <span class='ocrx_word' id='word_1_371' title='bbox 374 3381 562 3440; x_wconf 81' lang='lat' dir='ltr'><strong>ottstnts...</strong></span> <span class='ocrx_word' id='word_1_372' title='bbox 580 3376 715 3459; x_wconf 74' lang='lat' dir='ltr'><strong>(Paeo,</strong></span> <span class='ocrx_word' id='word_1_373' title='bbox 733 3377 797 3458; x_wconf 90' lang='grc'><strong>11).</strong></span> <span class='ocrx_word' id='word_1_374' title='bbox 822 3380 945 3442; x_wconf 88' lang='lat' dir='ltr'><strong>Nobis-</strong></span> <span class='ocrx_word' id='word_1_375' title='bbox 997 3377 1246 3439; x_wconf 72' lang='lat' dir='ltr'><strong>mtrtrstratortt</strong></span> <span class='ocrx_word' id='word_1_376' title='bbox 1267 3378 1423 3451; x_wconf 71' lang='grc'><strong>1111111111.</strong></span> <span class='ocrx_word' id='word_1_377' title='bbox 1452 3381 1498 3438; x_wconf 91' lang='lat' dir='ltr'><strong>De</strong></span> <span class='ocrx_word' id='word_1_378' title='bbox 1523 3379 1641 3454; x_wconf 88' lang='lat' dir='ltr'><strong>angelo</strong></span> <span class='ocrx_word' id='word_1_379' title='bbox 1665 3379 1799 3440; x_wconf 91' lang='lat' dir='ltr'><strong>consilii</strong></span> 
     </span>
     <span class='ocr_line' id='line_1_32' title="bbox 143 3474 1800 3556; baseline 0.001 -20"><span class='ocrx_word' id='word_1_380' title='bbox 143 3491 220 3537; x_wconf 91' lang='lat' dir='ltr'><strong>cum</strong></span> <span class='ocrx_word' id='word_1_381' title='bbox 233 3475 386 3537; x_wconf 87' lang='lat' dir='ltr'><strong>habitant</strong></span> <span class='ocrx_word' id='word_1_382' title='bbox 403 3475 438 3536; x_wconf 92' lang='lat' dir='ltr'><strong>in</strong></span> <span class='ocrx_word' id='word_1_383' title='bbox 459 3475 581 3550; x_wconf 85' lang='lat' dir='ltr'><strong>futuro,</strong></span> <span class='ocrx_word' id='word_1_384' title='bbox 603 3477 689 3539; x_wconf 90' lang='lat' dir='ltr'><strong>sicut</strong></span> <span class='ocrx_word' id='word_1_385' title='bbox 713 3477 871 3556; x_wconf 88' lang='lat' dir='ltr'><strong>scriptum</strong></span> <span class='ocrx_word' id='word_1_386' title='bbox 895 3478 945 3540; x_wconf 87' lang='lat' dir='ltr'><strong>est</strong></span> <span class='ocrx_word' id='word_1_387' title='bbox 998 3474 1047 3537; x_wconf 87' lang='lat' dir='ltr'><strong>ait</strong></span> <span class='ocrx_word' id='word_1_388' title='bbox 1074 3475 1179 3536; x_wconf 88' lang='lat' dir='ltr'><strong>isaias</strong></span> <span class='ocrx_word' id='word_1_389' title='bbox 1207 3495 1215 3534; x_wconf 75' lang='grc' dir='ltr'><strong>ε</strong></span> <span class='ocrx_word' id='word_1_390' title='bbox 1240 3476 1284 3535; x_wconf 73' lang='lat' dir='ltr'><strong>lit</strong></span> <span class='ocrx_word' id='word_1_391' title='bbox 1313 3475 1492 3537; x_wconf 80' lang='lat' dir='ltr'><strong>vocabitur</strong></span> <span class='ocrx_word' id='word_1_392' title='bbox 1518 3478 1638 3550; x_wconf 77' lang='lat' dir='ltr'><strong>nwpnt</strong></span> <span class='ocrx_word' id='word_1_393' title='bbox 1666 3479 1800 3538; x_wconf 77' lang='lat' dir='ltr'><strong>eottstttt</strong></span> 
     </span>
     <span class='ocr_line' id='line_1_33' title="bbox 144 3571 1799 3649; baseline 0.001 -17"><span class='ocrx_word' id='word_1_394' title='bbox 144 3572 180 3632; x_wconf 92' lang='lat' dir='ltr'><strong>in</strong></span> <span class='ocrx_word' id='word_1_395' title='bbox 191 3573 371 3648; x_wconf 86' lang='lat' dir='ltr'><strong>Evangelio</strong></span> <span class='ocrx_word' id='word_1_396' title='bbox 384 3577 444 3634; x_wconf 85' lang='lat' dir='ltr'><strong>:ln</strong></span> <span class='ocrx_word' id='word_1_397' title='bbox 456 3576 794 3637; x_wconf 79' lang='lat' dir='ltr'><strong>resurrectionenon</strong></span> <span class='ocrx_word' id='word_1_398' title='bbox 804 3575 942 3648; x_wconf 85' lang='lat' dir='ltr'><strong>nudent,</strong></span> <span class='ocrx_word' id='word_1_399' title='bbox 997 3578 1149 3649; x_wconf 75' lang='lat' dir='ltr'><strong>angelus.</strong></span> <span class='ocrx_word' id='word_1_400' title='bbox 1169 3571 1232 3633; x_wconf 88' lang='lat' dir='ltr'><strong>Sed</strong></span> <span class='ocrx_word' id='word_1_401' title='bbox 1252 3571 1443 3643; x_wconf 88' lang='lat' dir='ltr'><strong>Zacharias,</strong></span> <span class='ocrx_word' id='word_1_402' title='bbox 1468 3571 1546 3648; x_wconf 85' lang='lat' dir='ltr'><strong>quia</strong></span> <span class='ocrx_word' id='word_1_403' title='bbox 1570 3587 1636 3633; x_wconf 92' lang='lat' dir='ltr'><strong>non</strong></span> <span class='ocrx_word' id='word_1_404' title='bbox 1656 3573 1799 3634; x_wconf 88' lang='lat' dir='ltr'><strong>credidit</strong></span> 
     </span>
     <span class='ocr_line' id='line_1_34' title="bbox 141 3667 1800 3748; baseline 0.001 -18"><span class='ocrx_word' id='word_1_405' title='bbox 141 3671 450 3744; x_wconf 75' lang='lat' dir='ltr'><strong>nepoenndentnr,</strong></span> <span class='ocrx_word' id='word_1_406' title='bbox 464 3674 524 3733; x_wconf 83' lang='lat' dir='ltr'><strong>sed</strong></span> <span class='ocrx_word' id='word_1_407' title='bbox 538 3673 743 3734; x_wconf 85' lang='lat' dir='ltr'><strong>eruntstcnt</strong></span> <span class='ocrx_word' id='word_1_408' title='bbox 757 3675 945 3748; x_wconf 75' lang='lat' dir='ltr'><strong>armettDet</strong></span> <span class='ocrx_word' id='word_1_409' title='bbox 999 3669 1117 3746; x_wconf 88' lang='lat' dir='ltr'><strong>angelo</strong></span> <span class='ocrx_word' id='word_1_410' title='bbox 1152 3669 1193 3730; x_wconf 94' lang='lat' dir='ltr'><strong>de</strong></span> <span class='ocrx_word' id='word_1_411' title='bbox 1226 3667 1400 3730; x_wconf 88' lang='lat' dir='ltr'><strong>nativitate</strong></span> <span class='ocrx_word' id='word_1_412' title='bbox 1431 3668 1492 3729; x_wconf 88' lang='lat' dir='ltr'><strong>tilii</strong></span> <span class='ocrx_word' id='word_1_413' title='bbox 1525 3669 1578 3730; x_wconf 91' lang='lat' dir='ltr'><strong>sui</strong></span> <span class='ocrx_word' id='word_1_414' title='bbox 1613 3669 1720 3731; x_wconf 91' lang='lat' dir='ltr'><strong>lactus</strong></span> <span class='ocrx_word' id='word_1_415' title='bbox 1748 3671 1800 3732; x_wconf 87' lang='lat' dir='ltr'><strong>est</strong></span> 
     </span>
     <span class='ocr_line' id='line_1_35' title="bbox 143 3765 1796 3848; baseline 0 -19"><span class='ocrx_word' id='word_1_416' title='bbox 143 3770 182 3829; x_wconf 79' lang='lat' dir='ltr'><strong>in</strong></span> <span class='ocrx_word' id='word_1_417' title='bbox 193 3771 275 3828; x_wconf 89' lang='lat' dir='ltr'><strong>coelo</strong></span> <span class='ocrx_word' id='word_1_418' title='bbox 288 3765 405 3846; x_wconf 87' lang='lat' dir='ltr'><strong>(Marc.</strong></span> <span class='ocrx_word' id='word_1_419' title='bbox 422 3783 483 3841; x_wconf 82' lang='lat'><strong>111,</strong></span> <span class='ocrx_word' id='word_1_420' title='bbox 499 3765 565 3848; x_wconf 82' lang='lat'><strong>25).</strong></span> <span class='ocrx_word' id='word_1_421' title='bbox 584 3775 655 3832; x_wconf 87' lang='lat' dir='ltr'><strong>Per</strong></span> <span class='ocrx_word' id='word_1_422' title='bbox 668 3771 808 3833; x_wconf 83' lang='lat' dir='ltr'><strong>natnroe</strong></span> <span class='ocrx_word' id='word_1_423' title='bbox 821 3773 945 3832; x_wconf 78' lang='lat' dir='ltr'><strong>similt—</strong></span> <span class='ocrx_word' id='word_1_424' title='bbox 999 3767 1121 3828; x_wconf 83' lang='lat' dir='ltr'><strong>mutus.</strong></span> <span class='ocrx_word' id='word_1_425' title='bbox 1140 3765 1307 3827; x_wconf 79' lang='lat' dir='ltr'><strong>Abraham</strong></span> <span class='ocrx_word' id='word_1_426' title='bbox 1322 3767 1444 3838; x_wconf 90' lang='lat' dir='ltr'><strong>autem,</strong></span> <span class='ocrx_word' id='word_1_427' title='bbox 1468 3766 1547 3843; x_wconf 86' lang='lat' dir='ltr'><strong>quia</strong></span> <span class='ocrx_word' id='word_1_428' title='bbox 1563 3766 1703 3829; x_wconf 86' lang='lat' dir='ltr'><strong>credidit</strong></span> <span class='ocrx_word' id='word_1_429' title='bbox 1718 3771 1796 3840; x_wconf 86' lang='lat' dir='ltr'><strong>Deo,</strong></span> 
     </span>
     <span class='ocr_line' id='line_1_36' title="bbox 144 3863 1542 3943; baseline 0.001 -19"><span class='ocrx_word' id='word_1_430' title='bbox 144 3864 310 3936; x_wconf 75' lang='grc'><strong>1111111111,</strong></span> <span class='ocrx_word' id='word_1_431' title='bbox 334 3866 412 3942; x_wconf 88' lang='lat' dir='ltr'><strong>quia</strong></span> <span class='ocrx_word' id='word_1_432' title='bbox 439 3867 576 3942; x_wconf 89' lang='lat' dir='ltr'><strong>spiritus</strong></span> <span class='ocrx_word' id='word_1_433' title='bbox 602 3866 797 3943; x_wconf 87' lang='lat' dir='ltr'><strong>angelorum</strong></span> <span class='ocrx_word' id='word_1_434' title='bbox 817 3869 849 3928; x_wconf 93' lang='lat' dir='ltr'><strong>et</strong></span> <span class='ocrx_word' id='word_1_435' title='bbox 876 3867 946 3943; x_wconf 90' lang='lat' dir='ltr'><strong>spi·</strong></span> <span class='ocrx_word' id='word_1_436' title='bbox 998 3863 1187 3942; x_wconf 85' lang='lat' dir='ltr'><strong>reputatum</strong></span> <span class='ocrx_word' id='word_1_437' title='bbox 1200 3865 1251 3926; x_wconf 89' lang='lat' dir='ltr'><strong>est</strong></span> <span class='ocrx_word' id='word_1_438' title='bbox 1264 3863 1295 3926; x_wconf 91' lang='lat' dir='ltr'><strong>ei</strong></span> <span class='ocrx_word' id='word_1_439' title='bbox 1310 3863 1351 3926; x_wconf 88' lang='lat' dir='ltr'><strong>ad</strong></span> <span class='ocrx_word' id='word_1_440' title='bbox 1366 3864 1542 3942; x_wconf 85' lang='lat' dir='ltr'><strong>justitiam.</strong></span> 
     </span>
     <span class='ocr_line' id='line_1_37' title="bbox 144 3959 1800 4042; baseline 0.002 -20"><span class='ocrx_word' id='word_1_441' title='bbox 144 3961 230 4022; x_wconf 89' lang='lat' dir='ltr'><strong>ritus</strong></span> <span class='ocrx_word' id='word_1_442' title='bbox 248 3961 420 4024; x_wconf 88' lang='lat' dir='ltr'><strong>hominum</strong></span> <span class='ocrx_word' id='word_1_443' title='bbox 436 3965 584 4042; x_wconf 87' lang='lat' dir='ltr'><strong>ejusdem</strong></span> <span class='ocrx_word' id='word_1_444' title='bbox 605 3968 734 4026; x_wconf 84' lang='lat' dir='ltr'><strong>naturae</strong></span> <span class='ocrx_word' id='word_1_445' title='bbox 749 3963 782 4026; x_wconf 87' lang='lat' dir='ltr'><strong>et</strong></span> <span class='ocrx_word' id='word_1_446' title='bbox 796 3965 944 4042; x_wconf 83' lang='lat' dir='ltr'><strong>ejusdem</strong></span> <span class='ocrx_word' id='word_1_447' title='bbox 1039 3962 1099 4024; x_wconf 89' lang='lat' dir='ltr'><strong>Vel</strong></span> <span class='ocrx_word' id='word_1_448' title='bbox 1119 3963 1187 4024; x_wconf 88' lang='lat' dir='ltr'><strong>alio</strong></span> <span class='ocrx_word' id='word_1_449' title='bbox 1202 3959 1323 4024; x_wconf 87' lang='lat' dir='ltr'><strong>modo:</strong></span> <span class='ocrx_word' id='word_1_450' title='bbox 1340 3964 1368 4023; x_wconf 78' lang='lat' dir='ltr'><strong>h</strong></span> <span class='ocrx_word' id='word_1_451' title='bbox 1383 3963 1563 4033; x_wconf 87' lang='lat' dir='ltr'><strong>senectute,</strong></span> <span class='ocrx_word' id='word_1_452' title='bbox 1589 3963 1667 4042; x_wconf 87' lang='lat' dir='ltr'><strong>quia</strong></span> <span class='ocrx_word' id='word_1_453' title='bbox 1684 3965 1800 4026; x_wconf 86' lang='lat' dir='ltr'><strong>sancta</strong></span> 
     </span>
     <span class='ocr_line' id='line_1_38' title="bbox 143 4058 1799 4137; baseline 0.002 -19"><span class='ocrx_word' id='word_1_454' title='bbox 143 4058 375 4121; x_wconf 87' lang='lat' dir='ltr'><strong>similitudinis</strong></span> <span class='ocrx_word' id='word_1_455' title='bbox 389 4062 476 4123; x_wconf 89' lang='lat' dir='ltr'><strong>sunt.</strong></span> <span class='ocrx_word' id='word_1_456' title='bbox 504 4060 598 4124; x_wconf 90' lang='lat' dir='ltr'><strong>Unde</strong></span> <span class='ocrx_word' id='word_1_457' title='bbox 612 4061 716 4124; x_wconf 86' lang='lat' dir='ltr'><strong>David</strong></span> <span class='ocrx_word' id='word_1_458' title='bbox 732 4063 767 4123; x_wconf 90' lang='lat' dir='ltr'><strong>in</strong></span> <span class='ocrx_word' id='word_1_459' title='bbox 790 4064 942 4124; x_wconf 83' lang='lat' dir='ltr'><strong>Psalmo:</strong></span> <span class='ocrx_word' id='word_1_460' title='bbox 1000 4059 1148 4122; x_wconf 78' lang='lat' dir='ltr'><strong>Ecclesia</strong></span> <span class='ocrx_word' id='word_1_461' title='bbox 1168 4059 1321 4136; x_wconf 80' lang='lat' dir='ltr'><strong>oprimis</strong></span> <span class='ocrx_word' id='word_1_462' title='bbox 1344 4060 1546 4137; x_wconf 89' lang='lat' dir='ltr'><strong>temporibus</strong></span> <span class='ocrx_word' id='word_1_463' title='bbox 1571 4063 1799 4125; x_wconf 89' lang='lat' dir='ltr'><strong>consenuit&#39;in</strong></span> 
     </span>
     <span class='ocr_line' id='line_1_39' title="bbox 142 4157 1798 4242; baseline 0.001 -24"><span class='ocrx_word' id='word_1_464' title='bbox 142 4158 306 4219; x_wconf 77' lang='lat' dir='ltr'><strong>Minuisti</strong></span> <span class='ocrx_word' id='word_1_465' title='bbox 340 4173 418 4220; x_wconf 84' lang='lat' dir='ltr'><strong>enm</strong></span> <span class='ocrx_word' id='word_1_466' title='bbox 451 4165 556 4233; x_wconf 79' lang='lat' dir='ltr'><strong>panto</strong></span> <span class='ocrx_word' id='word_1_467' title='bbox 588 4163 706 4222; x_wconf 78' lang='lat' dir='ltr'><strong>minan</strong></span> <span class='ocrx_word' id='word_1_468' title='bbox 736 4163 779 4222; x_wconf 86' lang='lat' dir='ltr'><strong>ab</strong></span> <span class='ocrx_word' id='word_1_469' title='bbox 813 4164 945 4237; x_wconf 77' lang='lat' dir='ltr'><strong>angelis</strong></span> <span class='ocrx_word' id='word_1_470' title='bbox 998 4157 1094 4220; x_wconf 91' lang='lat' dir='ltr'><strong>bonis</strong></span> <span class='ocrx_word' id='word_1_471' title='bbox 1116 4157 1275 4219; x_wconf 90' lang='lat' dir='ltr'><strong>moribus.</strong></span> <span class='ocrx_word' id='word_1_472' title='bbox 1300 4158 1395 4242; x_wconf 88' lang='lat' dir='ltr'><strong>Unde</strong></span> <span class='ocrx_word' id='word_1_473' title='bbox 1416 4158 1452 4218; x_wconf 91' lang='lat' dir='ltr'><strong>in</strong></span> <span class='ocrx_word' id='word_1_474' title='bbox 1476 4157 1562 4219; x_wconf 93' lang='lat' dir='ltr'><strong>libro</strong></span> <span class='ocrx_word' id='word_1_475' title='bbox 1588 4159 1798 4235; x_wconf 85' lang='lat' dir='ltr'><strong>Sapientiae:</strong></span> 
     </span>
     <span class='ocr_line' id='line_1_40' title="bbox 144 4253 1798 4334; baseline 0 -19"><span class='ocrx_word' id='word_1_476' title='bbox 144 4253 217 4332; x_wconf 87' lang='lat' dir='ltr'><strong>(Ps.</strong></span> <span class='ocrx_word' id='word_1_477' title='bbox 237 4255 268 4327; x_wconf 90' lang='lat'><strong>8,</strong></span> <span class='ocrx_word' id='word_1_478' title='bbox 289 4253 334 4334; x_wconf 86' lang='grc'><strong>6).</strong></span> <span class='ocrx_word' id='word_1_479' title='bbox 362 4257 447 4317; x_wconf 91' lang='lat' dir='ltr'><strong>Nam</strong></span> <span class='ocrx_word' id='word_1_480' title='bbox 468 4256 520 4317; x_wconf 93' lang='lat' dir='ltr'><strong>illi</strong></span> <span class='ocrx_word' id='word_1_481' title='bbox 542 4259 621 4319; x_wconf 90' lang='lat' dir='ltr'><strong>sunt</strong></span> <span class='ocrx_word' id='word_1_482' title='bbox 643 4257 860 4330; x_wconf 88' lang='lat' dir='ltr'><strong>immortales,</strong></span> <span class='ocrx_word' id='word_1_483' title='bbox 887 4258 943 4319; x_wconf 92' lang='lat' dir='ltr'><strong>sed</strong></span> <span class='ocrx_word' id='word_1_484' title='bbox 998 4255 1163 4316; x_wconf 81' lang='lat' dir='ltr'><strong>Senectus</strong></span> <span class='ocrx_word' id='word_1_485' title='bbox 1186 4258 1280 4316; x_wconf 82' lang='lat' dir='ltr'><strong>enirn</strong></span> <span class='ocrx_word' id='word_1_486' title='bbox 1309 4256 1516 4315; x_wconf 82' lang='lat' dir='ltr'><strong>venerobttts</strong></span> <span class='ocrx_word' id='word_1_487' title='bbox 1543 4255 1595 4314; x_wconf 86' lang='lat' dir='ltr'><strong>est</strong></span> <span class='ocrx_word' id='word_1_488' title='bbox 1624 4269 1694 4314; x_wconf 88' lang='lat' dir='ltr'><strong>non</strong></span> <span class='ocrx_word' id='word_1_489' title='bbox 1717 4257 1798 4315; x_wconf 83' lang='lat' dir='ltr'><strong>din-</strong></span> 
     </span>
     <span class='ocr_line' id='line_1_41' title="bbox 143 4351 1798 4432; baseline 0.001 -21"><span class='ocrx_word' id='word_1_490' title='bbox 143 4351 199 4413; x_wconf 90' lang='lat' dir='ltr'><strong>isti</strong></span> <span class='ocrx_word' id='word_1_491' title='bbox 215 4353 389 4430; x_wconf 67' lang='lat' dir='ltr'><strong>mortalem</strong></span> <span class='ocrx_word' id='word_1_492' title='bbox 406 4353 456 4414; x_wconf 92' lang='lat' dir='ltr'><strong>illi</strong></span> <span class='ocrx_word' id='word_1_493' title='bbox 472 4355 550 4416; x_wconf 86' lang='lat' dir='ltr'><strong>sunt</strong></span> <span class='ocrx_word' id='word_1_494' title='bbox 561 4355 796 4432; x_wconf 89' lang='lat' dir='ltr'><strong>impassibiles,</strong></span> <span class='ocrx_word' id='word_1_495' title='bbox 813 4354 871 4416; x_wconf 90' lang='lat' dir='ltr'><strong>sed</strong></span> <span class='ocrx_word' id='word_1_496' title='bbox 886 4355 944 4416; x_wconf 91' lang='lat' dir='ltr'><strong>isti</strong></span> <span class='ocrx_word' id='word_1_497' title='bbox 1000 4354 1120 4423; x_wconf 87' lang='lat' dir='ltr'><strong>tnrna,</strong></span> <span class='ocrx_word' id='word_1_498' title='bbox 1152 4365 1262 4425; x_wconf 76' lang='lat' dir='ltr'><strong>neone</strong></span> <span class='ocrx_word' id='word_1_499' title='bbox 1283 4365 1460 4412; x_wconf 82' lang='lat' dir='ltr'><strong>annornm</strong></span> <span class='ocrx_word' id='word_1_500' title='bbox 1481 4365 1629 4412; x_wconf 81' lang='lat' dir='ltr'><strong>numero</strong></span> <span class='ocrx_word' id='word_1_501' title='bbox 1653 4365 1798 4426; x_wconf 86' lang='lat' dir='ltr'><strong>compn-</strong></span> 
     </span>
     <span class='ocr_line' id='line_1_42' title="bbox 143 4445 1798 4528; baseline 0 -18"><span class='ocrx_word' id='word_1_502' title='bbox 143 4448 342 4526; x_wconf 89' lang='lat' dir='ltr'><strong>passibiles;</strong></span> <span class='ocrx_word' id='word_1_503' title='bbox 366 4449 419 4512; x_wconf 92' lang='lat' dir='ltr'><strong>illi</strong></span> <span class='ocrx_word' id='word_1_504' title='bbox 445 4451 546 4524; x_wconf 86' lang='lat' dir='ltr'><strong>beati,</strong></span> <span class='ocrx_word' id='word_1_505' title='bbox 568 4453 624 4515; x_wconf 88' lang='lat' dir='ltr'><strong>sed</strong></span> <span class='ocrx_word' id='word_1_506' title='bbox 649 4452 705 4514; x_wconf 89' lang='lat' dir='ltr'><strong>isti</strong></span> <span class='ocrx_word' id='word_1_507' title='bbox 732 4453 864 4528; x_wconf 87' lang='lat' dir='ltr'><strong>miseri;</strong></span> <span class='ocrx_word' id='word_1_508' title='bbox 895 4452 944 4513; x_wconf 95' lang='lat' dir='ltr'><strong>illi</strong></span> <span class='ocrx_word' id='word_1_509' title='bbox 1000 4450 1073 4512; x_wconf 89' lang='lat' dir='ltr'><strong>tata</strong></span> <span class='ocrx_word' id='word_1_510' title='bbox 1098 4448 1189 4528; x_wconf 85' lang='lat' dir='ltr'><strong>(Sap.</strong></span> <span class='ocrx_word' id='word_1_511' title='bbox 1218 4463 1269 4520; x_wconf 90' lang='grc'><strong>11,</strong></span> <span class='ocrx_word' id='word_1_512' title='bbox 1293 4445 1338 4526; x_wconf 90' lang='lat'><strong>8).</strong></span> <span class='ocrx_word' id='word_1_513' title='bbox 1367 4451 1394 4509; x_wconf 78' lang='grc' dir='ltr'><strong>Α</strong></span> <span class='ocrx_word' id='word_1_514' title='bbox 1423 4447 1579 4510; x_wconf 85' lang='lat' dir='ltr'><strong>diuturna</strong></span> <span class='ocrx_word' id='word_1_515' title='bbox 1610 4448 1798 4512; x_wconf 91' lang='lat' dir='ltr'><strong>sterilitate.</strong></span> 
     </span>
     <span class='ocr_line' id='line_1_43' title="bbox 142 4546 1797 4624; baseline 0.001 -17"><span class='ocrx_word' id='word_1_516' title='bbox 142 4547 362 4624; x_wconf 88' lang='lat' dir='ltr'><strong>triumphant,</strong></span> <span class='ocrx_word' id='word_1_517' title='bbox 379 4548 436 4611; x_wconf 84' lang='lat' dir='ltr'><strong>sed</strong></span> <span class='ocrx_word' id='word_1_518' title='bbox 451 4549 508 4611; x_wconf 89' lang='lat' dir='ltr'><strong>isti</strong></span> <span class='ocrx_word' id='word_1_519' title='bbox 523 4550 678 4612; x_wconf 83' lang='lat' dir='ltr'><strong>militant.</strong></span> <span class='ocrx_word' id='word_1_520' title='bbox 696 4550 793 4612; x_wconf 89' lang='lat' dir='ltr'><strong>Unde</strong></span> <span class='ocrx_word' id='word_1_521' title='bbox 811 4550 942 4611; x_wconf 87' lang='lat' dir='ltr'><strong>David:</strong></span> <span class='ocrx_word' id='word_1_522' title='bbox 999 4547 1153 4624; x_wconf 90' lang='lat' dir='ltr'><strong>Legimus</strong></span> <span class='ocrx_word' id='word_1_523' title='bbox 1177 4546 1211 4606; x_wconf 93' lang='lat' dir='ltr'><strong>in</strong></span> <span class='ocrx_word' id='word_1_524' title='bbox 1233 4546 1340 4609; x_wconf 86' lang='grc'><strong>111111</strong></span> <span class='ocrx_word' id='word_1_525' title='bbox 1359 4547 1579 4618; x_wconf 68' lang='lat' dir='ltr'><strong>&#39;testamenta</strong></span> <span class='ocrx_word' id='word_1_526' title='bbox 1608 4547 1694 4624; x_wconf 87' lang='lat' dir='ltr'><strong>quod</strong></span> <span class='ocrx_word' id='word_1_527' title='bbox 1719 4564 1797 4609; x_wconf 92' lang='lat' dir='ltr'><strong>mu-</strong></span> 
     </span>
     <span class='ocr_line' id='line_1_44' title="bbox 142 4644 1799 4725; baseline 0.001 -20"><span class='ocrx_word' id='word_1_528' title='bbox 142 4645 303 4706; x_wconf 80' lang='lat' dir='ltr'><strong>Mtnatatt</strong></span> <span class='ocrx_word' id='word_1_529' title='bbox 317 4661 396 4706; x_wconf 73' lang='lat' dir='ltr'><strong>ann</strong></span> <span class='ocrx_word' id='word_1_530' title='bbox 404 4652 508 4720; x_wconf 77' lang='lat' dir='ltr'><strong>pardo</strong></span> <span class='ocrx_word' id='word_1_531' title='bbox 519 4651 636 4709; x_wconf 80' lang='lat' dir='ltr'><strong>aetnae</strong></span> <span class='ocrx_word' id='word_1_532' title='bbox 645 4649 687 4710; x_wconf 84' lang='lat' dir='ltr'><strong>ad</strong></span> <span class='ocrx_word' id='word_1_533' title='bbox 699 4651 841 4725; x_wconf 77' lang='lat' dir='ltr'><strong>angelis.</strong></span> <span class='ocrx_word' id='word_1_534' title='bbox 858 4650 944 4723; x_wconf 84' lang='lat' dir='ltr'><strong>Ergo</strong></span> <span class='ocrx_word' id='word_1_535' title='bbox 1000 4645 1100 4706; x_wconf 91' lang='lat' dir='ltr'><strong>lieres</strong></span> <span class='ocrx_word' id='word_1_536' title='bbox 1124 4644 1259 4706; x_wconf 85' lang='lat' dir='ltr'><strong>steriles</strong></span> <span class='ocrx_word' id='word_1_537' title='bbox 1276 4647 1372 4706; x_wconf 88' lang='lat' dir='ltr'><strong>erant</strong></span> <span class='ocrx_word' id='word_1_538' title='bbox 1391 4645 1427 4705; x_wconf 90' lang='lat' dir='ltr'><strong>in</strong></span> <span class='ocrx_word' id='word_1_539' title='bbox 1449 4644 1662 4722; x_wconf 88' lang='lat' dir='ltr'><strong>opprobrium</strong></span> <span class='ocrx_word' id='word_1_540' title='bbox 1682 4645 1719 4706; x_wconf 88' lang='lat' dir='ltr'><strong>in</strong></span> <span class='ocrx_word' id='word_1_541' title='bbox 1745 4648 1799 4707; x_wconf 92' lang='lat' dir='ltr'><strong>ls-</strong></span> 
     </span>
     <span class='ocr_line' id='line_1_45' title="bbox 144 4741 1801 4821; baseline 0.003 -20"><span class='ocrx_word' id='word_1_542' title='bbox 144 4741 200 4818; x_wconf 84' lang='lat' dir='ltr'><strong>qui</strong></span> <span class='ocrx_word' id='word_1_543' title='bbox 227 4743 307 4802; x_wconf 89' lang='lat' dir='ltr'><strong>tunc</strong></span> <span class='ocrx_word' id='word_1_544' title='bbox 332 4743 441 4804; x_wconf 88' lang='lat' dir='ltr'><strong>minor</strong></span> <span class='ocrx_word' id='word_1_545' title='bbox 470 4743 556 4816; x_wconf 83' lang='lat' dir='ltr'><strong>erat,</strong></span> <span class='ocrx_word' id='word_1_546' title='bbox 585 4744 621 4805; x_wconf 93' lang='lat' dir='ltr'><strong>in</strong></span> <span class='ocrx_word' id='word_1_547' title='bbox 650 4759 755 4821; x_wconf 88' lang='lat' dir='ltr'><strong>regno</strong></span> <span class='ocrx_word' id='word_1_548' title='bbox 784 4746 944 4807; x_wconf 90' lang='lat' dir='ltr'><strong>coelorum</strong></span> <span class='ocrx_word' id='word_1_549' title='bbox 998 4742 1080 4816; x_wconf 90' lang='lat' dir='ltr'><strong>rael,</strong></span> <span class='ocrx_word' id='word_1_550' title='bbox 1102 4742 1318 4819; x_wconf 75' lang='lat' dir='ltr'><strong>qimntumad</strong></span> <span class='ocrx_word' id='word_1_551' title='bbox 1341 4743 1497 4804; x_wconf 90' lang='lat' dir='ltr'><strong>litteram.</strong></span> <span class='ocrx_word' id='word_1_552' title='bbox 1525 4744 1680 4821; x_wconf 88' lang='lat' dir='ltr'><strong>Corporis</strong></span> <span class='ocrx_word' id='word_1_553' title='bbox 1704 4759 1801 4806; x_wconf 91' lang='lat' dir='ltr'><strong>nam-</strong></span> 
     </span>
     <span class='ocr_line' id='line_1_46' title="bbox 143 4839 1800 4919; baseline 0.003 -20"><span class='ocrx_word' id='word_1_554' title='bbox 143 4842 253 4916; x_wconf 91' lang='lat' dir='ltr'><strong>major</strong></span> <span class='ocrx_word' id='word_1_555' title='bbox 276 4839 340 4902; x_wconf 90' lang='lat' dir='ltr'><strong>erit</strong></span> <span class='ocrx_word' id='word_1_556' title='bbox 364 4842 494 4903; x_wconf 83' lang='lat' dir='ltr'><strong>doanne</strong></span> <span class='ocrx_word' id='word_1_557' title='bbox 519 4841 678 4919; x_wconf 84' lang='lat' dir='ltr'><strong>Baptista.</strong></span> <span class='ocrx_word' id='word_1_558' title='bbox 708 4845 796 4903; x_wconf 87' lang='lat' dir='ltr'><strong>Deus</strong></span> <span class='ocrx_word' id='word_1_559' title='bbox 824 4843 944 4904; x_wconf 87' lang='lat' dir='ltr'><strong>minuit</strong></span> <span class='ocrx_word' id='word_1_560' title='bbox 999 4855 1063 4918; x_wconf 91' lang='lat' dir='ltr'><strong>que</strong></span> <span class='ocrx_word' id='word_1_561' title='bbox 1074 4841 1233 4902; x_wconf 89' lang='lat' dir='ltr'><strong>sterilitas</strong></span> <span class='ocrx_word' id='word_1_562' title='bbox 1249 4857 1315 4902; x_wconf 91' lang='lat' dir='ltr'><strong>non</strong></span> <span class='ocrx_word' id='word_1_563' title='bbox 1330 4841 1383 4902; x_wconf 90' lang='lat' dir='ltr'><strong>est</strong></span> <span class='ocrx_word' id='word_1_564' title='bbox 1393 4842 1578 4918; x_wconf 88' lang='lat' dir='ltr'><strong>peceatum,</strong></span> <span class='ocrx_word' id='word_1_565' title='bbox 1595 4843 1706 4904; x_wconf 90' lang='lat' dir='ltr'><strong>mente</strong></span> <span class='ocrx_word' id='word_1_566' title='bbox 1720 4857 1800 4904; x_wconf 79' lang='lat' dir='ltr'><strong>vero</strong></span> 
     </span>
     <span class='ocr_line' id='line_1_47' title="bbox 142 4935 1799 5017; baseline 0.002 -21"><span class='ocrx_word' id='word_1_567' title='bbox 142 4935 313 4998; x_wconf 90' lang='lat' dir='ltr'><strong>hominem</strong></span> <span class='ocrx_word' id='word_1_568' title='bbox 344 4938 443 5014; x_wconf 91' lang='lat' dir='ltr'><strong>paulo</strong></span> <span class='ocrx_word' id='word_1_569' title='bbox 472 4939 582 4999; x_wconf 88' lang='lat' dir='ltr'><strong>minus</strong></span> <span class='ocrx_word' id='word_1_570' title='bbox 617 4939 664 5001; x_wconf 88' lang='lat' dir='ltr'><strong>ab</strong></span> <span class='ocrx_word' id='word_1_571' title='bbox 692 4939 837 5016; x_wconf 88' lang='lat' dir='ltr'><strong>angelis,</strong></span> <span class='ocrx_word' id='word_1_572' title='bbox 867 4941 944 5017; x_wconf 85' lang='lat' dir='ltr'><strong>quia</strong></span> <span class='ocrx_word' id='word_1_573' title='bbox 999 4938 1141 5010; x_wconf 89' lang='lat' dir='ltr'><strong>steriles,</strong></span> <span class='ocrx_word' id='word_1_574' title='bbox 1158 4938 1254 5011; x_wconf 90' lang='lat' dir='ltr'><strong>idest,</strong></span> <span class='ocrx_word' id='word_1_575' title='bbox 1275 4937 1399 5000; x_wconf 89' lang='lat' dir='ltr'><strong>abono</strong></span> <span class='ocrx_word' id='word_1_576' title='bbox 1419 4955 1518 5016; x_wconf 89' lang='lat' dir='ltr'><strong>opere</strong></span> <span class='ocrx_word' id='word_1_577' title='bbox 1534 4939 1621 5016; x_wconf 93' lang='lat' dir='ltr'><strong>apud</strong></span> <span class='ocrx_word' id='word_1_578' title='bbox 1644 4943 1748 5000; x_wconf 78' lang='lat' dir='ltr'><strong>Derim</strong></span> <span class='ocrx_word' id='word_1_579' title='bbox 1763 4939 1799 5000; x_wconf 92' lang='lat' dir='ltr'><strong>in</strong></span> 
     </span>
     <span class='ocr_line' id='line_1_48' title="bbox 142 5033 1799 5116; baseline 0.002 -22"><span class='ocrx_word' id='word_1_580' title='bbox 142 5034 278 5095; x_wconf 89' lang='lat' dir='ltr'><strong>mortali</strong></span> <span class='ocrx_word' id='word_1_581' title='bbox 302 5050 442 5112; x_wconf 89' lang='lat' dir='ltr'><strong>corpore</strong></span> <span class='ocrx_word' id='word_1_582' title='bbox 461 5035 587 5098; x_wconf 87' lang='lat' dir='ltr'><strong>vestitit</strong></span> <span class='ocrx_word' id='word_1_583' title='bbox 609 5053 697 5112; x_wconf 81' lang='lat' dir='ltr'><strong>eum,</strong></span> <span class='ocrx_word' id='word_1_584' title='bbox 725 5035 812 5116; x_wconf 81' lang='lat' dir='ltr'><strong>quod</strong></span> <span class='ocrx_word' id='word_1_585' title='bbox 834 5037 944 5113; x_wconf 90' lang='lat' dir='ltr'><strong>augeli</strong></span> <span class='ocrx_word' id='word_1_586' title='bbox 999 5033 1212 5113; x_wconf 91' lang='lat' dir='ltr'><strong>opprobrium</strong></span> <span class='ocrx_word' id='word_1_587' title='bbox 1242 5034 1330 5096; x_wconf 88' lang='lat' dir='ltr'><strong>sunt.</strong></span> <span class='ocrx_word' id='word_1_588' title='bbox 1365 5037 1486 5098; x_wconf 87' lang='lat' dir='ltr'><strong>Nonne</strong></span> <span class='ocrx_word' id='word_1_589' title='bbox 1511 5039 1594 5098; x_wconf 90' lang='lat' dir='ltr'><strong>Sara</strong></span> <span class='ocrx_word' id='word_1_590' title='bbox 1624 5051 1729 5114; x_wconf 90' lang='lat' dir='ltr'><strong>usque</strong></span> <span class='ocrx_word' id='word_1_591' title='bbox 1757 5037 1799 5098; x_wconf 87' lang='lat' dir='ltr'><strong>ad</strong></span> 
     </span>
     <span class='ocr_line' id='line_1_49' title="bbox 144 5131 1799 5209; baseline 0.002 -17"><span class='ocrx_word' id='word_1_592' title='bbox 144 5147 210 5193; x_wconf 90' lang='lat' dir='ltr'><strong>non</strong></span> <span class='ocrx_word' id='word_1_593' title='bbox 226 5131 361 5193; x_wconf 88' lang='lat' dir='ltr'><strong>habent.</strong></span> <span class='ocrx_word' id='word_1_594' title='bbox 999 5133 1238 5209; x_wconf 87' lang='lat' dir='ltr'><strong>octogesimum</strong></span> <span class='ocrx_word' id='word_1_595' title='bbox 1252 5147 1376 5194; x_wconf 88' lang='lat' dir='ltr'><strong>annum</strong></span> <span class='ocrx_word' id='word_1_596' title='bbox 1398 5135 1530 5196; x_wconf 89' lang='lat' dir='ltr'><strong>sterilis.</strong></span> <span class='ocrx_word' id='word_1_597' title='bbox 1538 5133 1611 5204; x_wconf 86' lang='grc'><strong>1111,</strong></span> <span class='ocrx_word' id='word_1_598' title='bbox 1631 5136 1664 5196; x_wconf 91' lang='lat' dir='ltr'><strong>et</strong></span> <span class='ocrx_word' id='word_1_599' title='bbox 1686 5135 1799 5196; x_wconf 89' lang='lat' dir='ltr'><strong>tamen</strong></span> 
     </span>
     <span class='ocr_line' id='line_1_50' title="bbox 183 5228 1800 5316; baseline 0.002 -26"><span class='ocrx_word' id='word_1_600' title='bbox 183 5233 258 5291; x_wconf 88' lang='lat' dir='ltr'><strong>Per</strong></span> <span class='ocrx_word' id='word_1_601' title='bbox 271 5230 544 5303; x_wconf 71' lang='lat' dir='ltr'><strong>fraternitatem,</strong></span> <span class='ocrx_word' id='word_1_602' title='bbox 559 5228 637 5307; x_wconf 85' lang='lat' dir='ltr'><strong>quia</strong></span> <span class='ocrx_word' id='word_1_603' title='bbox 657 5231 757 5316; x_wconf 74' lang='lat' dir='ltr'><strong>l’ater</strong></span> <span class='ocrx_word' id='word_1_604' title='bbox 771 5248 858 5292; x_wconf 87' lang='lat' dir='ltr'><strong>unus</strong></span> <span class='ocrx_word' id='word_1_605' title='bbox 873 5247 945 5293; x_wconf 91' lang='lat' dir='ltr'><strong>om·</strong></span> <span class='ocrx_word' id='word_1_606' title='bbox 999 5229 1034 5292; x_wconf 91' lang='lat' dir='ltr'><strong>in</strong></span> <span class='ocrx_word' id='word_1_607' title='bbox 1058 5229 1172 5291; x_wconf 86' lang='lat' dir='ltr'><strong>ultima</strong></span> <span class='ocrx_word' id='word_1_608' title='bbox 1197 5229 1369 5291; x_wconf 87' lang='lat' dir='ltr'><strong>senectute</strong></span> <span class='ocrx_word' id='word_1_609' title='bbox 1391 5232 1509 5307; x_wconf 82' lang='lat' dir='ltr'><strong>genuit</strong></span> <span class='ocrx_word' id='word_1_610' title='bbox 1530 5233 1646 5292; x_wconf 78' lang='grc'><strong>111111</strong></span> <span class='ocrx_word' id='word_1_611' title='bbox 1674 5231 1800 5294; x_wconf 86' lang='lat' dir='ltr'><strong>Rachel</strong></span> 
     </span>
     <span class='ocr_line' id='line_1_51' title="bbox 143 5327 1799 5408; baseline 0.004 -22"><span class='ocrx_word' id='word_1_612' title='bbox 143 5327 236 5388; x_wconf 90' lang='lat' dir='ltr'><strong>nium</strong></span> <span class='ocrx_word' id='word_1_613' title='bbox 253 5327 441 5388; x_wconf 87' lang='lat' dir='ltr'><strong>nostrorum</strong></span> <span class='ocrx_word' id='word_1_614' title='bbox 460 5327 495 5389; x_wconf 90' lang='lat' dir='ltr'><strong>et</strong></span> <span class='ocrx_word' id='word_1_615' title='bbox 510 5327 646 5389; x_wconf 90' lang='lat' dir='ltr'><strong>illorum</strong></span> <span class='ocrx_word' id='word_1_616' title='bbox 661 5329 722 5390; x_wconf 85' lang='lat' dir='ltr'><strong>est.</strong></span> <span class='ocrx_word' id='word_1_617' title='bbox 737 5331 777 5391; x_wconf 81' lang='lat' dir='ltr'><strong>at</strong></span> <span class='ocrx_word' id='word_1_618' title='bbox 789 5330 865 5391; x_wconf 91' lang='lat' dir='ltr'><strong>ideo</strong></span> <span class='ocrx_word' id='word_1_619' title='bbox 884 5345 945 5390; x_wconf 91' lang='lat' dir='ltr'><strong>nos</strong></span> <span class='ocrx_word' id='word_1_620' title='bbox 1000 5343 1128 5406; x_wconf 82' lang='lat' dir='ltr'><strong>quoque</strong></span> <span class='ocrx_word' id='word_1_621' title='bbox 1148 5327 1205 5388; x_wconf 87' lang='lat' dir='ltr'><strong>diu</strong></span> <span class='ocrx_word' id='word_1_622' title='bbox 1230 5327 1353 5390; x_wconf 88' lang='lat' dir='ltr'><strong>sterilis</strong></span> <span class='ocrx_word' id='word_1_623' title='bbox 1377 5327 1449 5400; x_wconf 86' lang='lat' dir='ltr'><strong>luit,</strong></span> <span class='ocrx_word' id='word_1_624' title='bbox 1478 5331 1511 5390; x_wconf 91' lang='lat' dir='ltr'><strong>et</strong></span> <span class='ocrx_word' id='word_1_625' title='bbox 1535 5328 1651 5404; x_wconf 85' lang='lat' dir='ltr'><strong>genuit</strong></span> <span class='ocrx_word' id='word_1_626' title='bbox 1675 5331 1799 5408; x_wconf 83' lang='lat' dir='ltr'><strong>loseph</strong></span> 
     </span>
     <span class='ocr_line' id='line_1_52' title="bbox 144 5423 1797 5504; baseline 0.003 -20"><span class='ocrx_word' id='word_1_627' title='bbox 144 5423 252 5485; x_wconf 89' lang='lat' dir='ltr'><strong>atilli</strong></span> <span class='ocrx_word' id='word_1_628' title='bbox 279 5423 340 5484; x_wconf 87' lang='lat' dir='ltr'><strong>tilii</strong></span> <span class='ocrx_word' id='word_1_629' title='bbox 366 5424 425 5485; x_wconf 87' lang='lat' dir='ltr'><strong>Dei</strong></span> <span class='ocrx_word' id='word_1_630' title='bbox 451 5426 484 5487; x_wconf 90' lang='lat' dir='ltr'><strong>et</strong></span> <span class='ocrx_word' id='word_1_631' title='bbox 509 5425 631 5486; x_wconf 86' lang='lat' dir='ltr'><strong>iratres</strong></span> <span class='ocrx_word' id='word_1_632' title='bbox 655 5441 779 5486; x_wconf 90' lang='lat' dir='ltr'><strong>sumus.</strong></span> <span class='ocrx_word' id='word_1_633' title='bbox 806 5429 853 5487; x_wconf 91' lang='lat' dir='ltr'><strong>De</strong></span> <span class='ocrx_word' id='word_1_634' title='bbox 878 5426 944 5486; x_wconf 91' lang='lat' dir='ltr'><strong>illis</strong></span> <span class='ocrx_word' id='word_1_635' title='bbox 999 5427 1175 5488; x_wconf 88' lang='lat' dir='ltr'><strong>Dominum</strong></span> <span class='ocrx_word' id='word_1_636' title='bbox 1198 5425 1345 5504; x_wconf 83' lang='lat' dir='ltr'><strong>AEgypti.</strong></span> <span class='ocrx_word' id='word_1_637' title='bbox 1373 5426 1457 5498; x_wconf 87' lang='lat' dir='ltr'><strong>Quis</strong></span> <span class='ocrx_word' id='word_1_638' title='bbox 1479 5425 1596 5487; x_wconf 82' lang='lat' dir='ltr'><strong>tortior</strong></span> <span class='ocrx_word' id='word_1_639' title='bbox 1626 5429 1797 5501; x_wconf 81' lang='lat' dir='ltr'><strong>samsone,</strong></span> 
     </span>
     <span class='ocr_line' id='line_1_53' title="bbox 145 5520 1799 5597; baseline 0.005 -17"><span class='ocrx_word' id='word_1_640' title='bbox 145 5536 290 5597; x_wconf 89' lang='lat' dir='ltr'><strong>namque</strong></span> <span class='ocrx_word' id='word_1_641' title='bbox 305 5520 426 5583; x_wconf 88' lang='lat' dir='ltr'><strong>dicitur</strong></span> <span class='ocrx_word' id='word_1_642' title='bbox 439 5522 474 5582; x_wconf 93' lang='lat' dir='ltr'><strong>in</strong></span> <span class='ocrx_word' id='word_1_643' title='bbox 488 5521 576 5584; x_wconf 83' lang='lat' dir='ltr'><strong>Job:</strong></span> <span class='ocrx_word' id='word_1_644' title='bbox 603 5523 777 5584; x_wconf 81' lang='lat' dir='ltr'><strong>Venerunt</strong></span> <span class='ocrx_word' id='word_1_645' title='bbox 797 5524 859 5595; x_wconf 77' lang='lat' dir='ltr'><strong>filit</strong></span> <span class='ocrx_word' id='word_1_646' title='bbox 881 5526 945 5584; x_wconf 84' lang='lat' dir='ltr'><strong>Det</strong></span> <span class='ocrx_word' id='word_1_647' title='bbox 998 5523 1051 5585; x_wconf 89' lang='grc'><strong>111</strong></span> <span class='ocrx_word' id='word_1_648' title='bbox 1072 5524 1219 5584; x_wconf 88' lang='lat' dir='ltr'><strong>sanctior</strong></span> <span class='ocrx_word' id='word_1_649' title='bbox 1244 5523 1415 5584; x_wconf 85' lang='lat' dir='ltr'><strong>Samuelet</strong></span> <span class='ocrx_word' id='word_1_650' title='bbox 1443 5526 1482 5585; x_wconf 83' lang='lat' dir='ltr'><strong>ili</strong></span> <span class='ocrx_word' id='word_1_651' title='bbox 1507 5525 1619 5586; x_wconf 86' lang='lat' dir='ltr'><strong>tamen</strong></span> <span class='ocrx_word' id='word_1_652' title='bbox 1642 5524 1679 5585; x_wconf 91' lang='lat' dir='ltr'><strong>hi</strong></span> <span class='ocrx_word' id='word_1_653' title='bbox 1702 5526 1799 5590; x_wconf 90' lang='lat' dir='ltr'><strong>ambo</strong></span> 
     </span>
     <span class='ocr_line' id='line_1_54' title="bbox 145 5617 1799 5700; baseline 0.005 -22"><span class='ocrx_word' id='word_1_654' title='bbox 145 5619 182 5678; x_wconf 86' lang='lat' dir='ltr'><strong>nt</strong></span> <span class='ocrx_word' id='word_1_655' title='bbox 208 5619 415 5680; x_wconf 69' lang='lat' dir='ltr'><strong>asenterent</strong></span> <span class='ocrx_word' id='word_1_656' title='bbox 433 5635 549 5681; x_wconf 82' lang='lat' dir='ltr'><strong>cor-om</strong></span> <span class='ocrx_word' id='word_1_657' title='bbox 575 5623 723 5682; x_wconf 81' lang='lat' dir='ltr'><strong>Domino</strong></span> <span class='ocrx_word' id='word_1_658' title='bbox 745 5618 830 5697; x_wconf 87' lang='lat' dir='ltr'><strong>(Job.</strong></span> <span class='ocrx_word' id='word_1_659' title='bbox 851 5635 874 5692; x_wconf 88' lang='lat' dir='ltr'><strong>r,</strong></span> <span class='ocrx_word' id='word_1_660' title='bbox 897 5617 943 5700; x_wconf 87' lang='lat'><strong>6).</strong></span> <span class='ocrx_word' id='word_1_661' title='bbox 999 5623 1121 5683; x_wconf 88' lang='lat' dir='ltr'><strong>matres</strong></span> <span class='ocrx_word' id='word_1_662' title='bbox 1152 5622 1282 5682; x_wconf 88' lang='lat' dir='ltr'><strong>steriles</strong></span> <span class='ocrx_word' id='word_1_663' title='bbox 1315 5620 1512 5684; x_wconf 88' lang='lat' dir='ltr'><strong>habuerunt.</strong></span> <span class='ocrx_word' id='word_1_664' title='bbox 1554 5623 1673 5684; x_wconf 92' lang='lat' dir='ltr'><strong>Nonne</strong></span> <span class='ocrx_word' id='word_1_665' title='bbox 1703 5628 1799 5686; x_wconf 83' lang='lat' dir='ltr'><strong>Anna</strong></span> 
     </span>
     <span class='ocr_line' id='line_1_55' title="bbox 145 5709 1801 5796; baseline 0.005 -23"><span class='ocrx_word' id='word_1_666' title='bbox 145 5715 352 5778; x_wconf 83' lang='lat' dir='ltr'><strong>Veneruuta</strong></span> <span class='ocrx_word' id='word_1_667' title='bbox 377 5715 563 5780; x_wconf 90' lang='lat' dir='ltr'><strong>ministerio</strong></span> <span class='ocrx_word' id='word_1_668' title='bbox 577 5717 720 5795; x_wconf 85' lang='lat' dir='ltr'><strong>adquod</strong></span> <span class='ocrx_word' id='word_1_669' title='bbox 745 5717 946 5796; x_wconf 89' lang='lat' dir='ltr'><strong>deputantur</strong></span> <span class='ocrx_word' id='word_1_670' title='bbox 999 5719 1105 5780; x_wconf 86' lang='lat' dir='ltr'><strong>mater</strong></span> <span class='ocrx_word' id='word_1_671' title='bbox 1121 5719 1230 5781; x_wconf 83' lang='lat' dir='ltr'><strong>Beatae</strong></span> <span class='ocrx_word' id='word_1_672' title='bbox 1250 5711 1366 5780; x_wconf 79' lang='lat' dir='ltr'><strong>Mariae</strong></span> <span class='ocrx_word' id='word_1_673' title='bbox 1385 5717 1442 5780; x_wconf 88' lang='lat' dir='ltr'><strong>diu</strong></span> <span class='ocrx_word' id='word_1_674' title='bbox 1466 5709 1590 5781; x_wconf 83' lang='lat' dir='ltr'><strong>sterilis</strong></span> <span class='ocrx_word' id='word_1_675' title='bbox 1612 5718 1675 5781; x_wconf 84' lang='lat' dir='ltr'><strong>fuit</strong></span> <span class='ocrx_word' id='word_1_676' title='bbox 1693 5725 1725 5782; x_wconf 90' lang='lat' dir='ltr'><strong>et</strong></span> <span class='ocrx_word' id='word_1_677' title='bbox 1740 5737 1801 5796; x_wconf 88' lang='lat' dir='ltr'><strong>ge-</strong></span> 
     </span>
    </p>
   </div>
   <div class='ocr_carea' id='block_1_3' title="bbox 0 0 2110 6404">
    <p class='ocr_par' dir='ltr' id='par_1_3' title="bbox 0 0 2110 6404">
     <span class='ocr_line' id='line_1_56' title="bbox 0 0 2110 6404; baseline 0 0"><span class='ocrx_word' id='word_1_678' title='bbox 0 0 2110 6404; x_wconf 95' lang='lat' dir='ltr'><strong> </strong></span> 
     </span>
    </p>
   </div>
  </div>
 </body>
</html>
