4104 6392
95 274 153 331 'tit

96 447 210 494 coram
233 428 480 492 venerabilibus
496 427 578 490 viris
581 470 658 490 ......
681 426 817 490 cantore
821 469 893 488 ......
928 435 930 440 ’

96 528 385 607 archipresbytero
425 527 458 586 61
499 525 659 600 magistro
694 524 895 586 Bonoamico
927 553 928 556 ¹

99 626 259 689 canonico
281 624 460 686 Biturioen.
485 622 683 685 auctoritate
704 619 895 698 Apostolica

98 725 236 802 quaestio
248 722 445 794 verteretur,
457 719 639 782 tandemde
650 734 790 782 assensu
803 718 896 794 oapi·
929 751 931 782 f

96 821 240 884 tulorum
256 836 391 882 suorum
408 819 469 880 sub
488 834 586 896 poena
606 817 738 882 centum
759 830 895 878 marca-

95 935 170 978 rum
192 909 492 994 compromiserunt
506 917 542 978 in
564 931 637 988 nos,
658 915 692 978 et
714 913 894 976 venerabi-

94 1016 159 1076 lem
174 1015 283 1076 virum
308 1013 502 1091 magistrum
524 1003 694 1089 Hugonem
714 1012 893 1074 Biturioen.

94 1112 368 1175 archidiaconum
397 1113 494 1190 Juxta
525 1111 663 1173 sormam
683 1125 757 1188 quae
779 1110 814 1170 in
834 1124 897 1170 au-

93 1205 252 1267 thenticis
274 1206 464 1267 eorumdem
480 1206 514 1267 et
527 1202 747 1281 capitulorum
759 1218 895 1265 suorum

95 1302 176 1362 inde
197 1301 366 1374 conlectis,
383 1301 416 1364 61
441 1301 535 1362 nobis
555 1297 687 1388 traditis
704 1299 895 1377 expressius

95 1399 295 1473 continetur,
311 1415 450 1476 quorum
466 1399 585 1460 seriem
601 1398 641 1460 de
653 1397 755 1459 verbo
768 1397 810 1460 ad
823 1413 897 1459 ver·

96 1496 175 1558 bum
201 1498 357 1574 praesenti
381 1497 511 1574 paginae
539 1497 695 1559 duximus
718 1494 892 1558 annotare.

137 1595 281 1656 Litteroe
315 1609 362 1656 ecc
397 1595 499 1668 porte
534 1597 683 1669 episcopi
712 1597 893 1654 Edueosts.

96 1693 289 1764 Gualterus,
311 1693 372 1754 Dei
391 1692 500 1768 gratia
518 1692 680 1755 Eduensis
702 1691 893 1769 episcopus,

95 1789 253 1850 omnibus
273 1791 454 1869 praesentes
483 1788 611 1852 litteras
633 1788 833 1866 inspecturis
859 1787 895 1848 in

92 1887 235 1948 Domino
263 1887 414 1950 salutem.
444 1887 609 1950 Noverint
630 1885 790 1957 universi,
808 1885 893 1964 quod

92 1999 169 2044 cum
182 1985 270 2044 inter
283 2000 344 2046 nos
359 2000 402 2046 ex
414 2001 480 2045 una
494 1985 599 2060 parte,
616 1987 650 2046 61
661 1982 818 2046 venerab.
833 1997 894 2058 pa-

91 2082 179 2142 trem
196 2080 402 2142 Wiiielmum
421 2080 684 2143 antissiodoren.
703 2079 895 2157 episcopum

93 2178 269 2250 exaltem,
287 2194 388 2255 super
411 2175 602 2256 capellada
623 2176 793 2239 Bethleem
806 2175 894 2254 apud

92 2275 330 2336 Clametiacum
357 2277 390 2336 et
424 2278 502 2352 jure
523 2273 710 2353 parochiali
746 2273 894 2353 ejusdem

92 2372 192 2448 burgi
216 2386 366 2432 coram...
392 2371 565 2432 cantore...
588 2363 892 2448 archipresbytero,

92 2468 127 2530 et
142 2468 301 2544 magistro
315 2466 515 2528 Bonoamico
530 2466 692 2527 canonico
711 2464 895 2526 Bituricae,

93 2565 292 2627 auctoritate
311 2563 499 2640 Apostolioa
528 2563 674 2640 quaestio
696 2562 892 2633 verteretur,

91 2663 227 2724 tandem
243 2660 464 2723 mediantibus
481 2661 561 2721 viris
574 2659 669 2720 bonis
681 2661 713 2720 61
727 2659 768 2720 ad
780 2675 894 2736 pacem

92 2757 392 2836 interponentibus,
409 2757 521 2835 partes
535 2773 613 2818 suas
625 2756 660 2817 in
670 2755 893 2817 venerabilem

94 2859 141 2918 M.
161 2855 375 2938 Aurelianen.
393 2856 594 2932 episcopum,
613 2854 809 2929 magistrum
824 2855 895 2916 ilu-

93 2969 213 3029 gonem
231 2953 412 3015 Biturioen.
435 2951 707 3013 archidiaconum
734 2951 767 3014 et
789 2951 895 3012 Hum-

92 3051 242 3111 baudum
265 3050 530 3112 antissiodoren.
566 3049 763 3112 canonicum
794 3063 894 3124 super

92 3149 151 3208 illa
168 3147 396 3208 controversia
423 3145 487 3208 sub
501 3161 601 3223 poena
618 3146 750 3208 centum
763 3160 894 3206 marca-

92 3262 169 3306 rum
205 3245 278 3322 pari
309 3243 387 3305 hinc
416 3243 492 3304 inde
522 3242 809 3320 compromisimus
833 3259 894 3302 vo-

91 3343 232 3412 luntate,
260 3340 408 3403 subhac
435 3340 552 3412 forma,
576 3340 661 3417 quod
691 3339 808 3400 arbitri
829 3339 893 3415 ipsi

92 3441 134 3502 de
155 3440 254 3518 plano
274 3441 331 3516 tus
357 3437 526 3516 utriusque
547 3437 655 3514 partis
673 3437 891 3514 inquirerent,

91 3541 127 3600 et
168 3552 229 3598 nos
258 3537 458 3597 inconcusse
494 3534 700 3596 servabimus
736 3533 892 3612 quidquid

91 3635 160 3713 ipsi
185 3633 238 3695 vel
268 3632 442 3710 episcopus
471 3648 546 3692 cum
571 3632 678 3693 altero
705 3630 893 3692 coarbitro-

91 3749 169 3795 rum
194 3747 329 3792 suorum
349 3730 481 3790 duxerit
509 3729 747 3795 arbitrandum,
764 3730 797 3789 61
812 3745 894 3789 con-

92 3829 292 3892 dictumest
319 3828 405 3906 quod
434 3827 567 3904 propter
595 3827 686 3888 tertii
709 3827 897 3888 absentiam

92 3944 163 3988 non
185 3925 385 4002 impedietur
403 3926 483 4002 quin
508 3924 682 4002 episcopus
702 3941 777 3986 cum
793 3940 893 3986 coar-

93 4027 183 4087 bitro
216 4041 287 4095 suo,
318 4024 375 4100 qui
401 4038 549 4099 praesens
575 4023 685 4095 fuerit,
714 4022 892 4100 procedat:

93 4123 156 4184 sub
172 4138 269 4199 poena
284 4123 395 4182 autem
424 4121 556 4183 centum
585 4136 773 4182 marcarum
796 4136 894 4197 repe-

92 4221 194 4283 tenda
222 4219 253 4280 si
282 4234 430 4280 essemus
448 4216 484 4280 in
499 4218 629 4281 delectu
643 4220 741 4295 plene
765 4234 893 4296 suppo-

91 4320 232 4390 suimus,
264 4333 323 4379 nos
345 4317 576 4394 jurisdictioni
597 4315 745 4394 episcopi
775 4331 895 4394 supra-

91 4417 174 4478 dicti
196 4416 229 4477 et
251 4418 288 4479 ut
316 4418 422 4492 majus
448 4414 551 4476 robur
574 4413 722 4476 obtineat
736 4429 892 4490 compro-

91 4515 244 4586 missum,
271 4514 354 4574 illud
375 4514 443 4575 tam
458 4528 518 4590 per
539 4512 671 4574 nostras
681 4557 691 4590 ,
714 4527 815 4590 quam
836 4527 894 4589 per

91 4611 231 4690 capituli
259 4611 364 4672 nostri
388 4611 517 4672 litteras
543 4609 698 4670 duximus
721 4608 890 4671 roborare.

91 4708 234 4771 Durabit
251 4710 361 4770 autem
377 4709 652 4786 compromissum
677 4707 765 4770 istud
789 4723 893 4785 usque

91 4807 134 4870 ad
151 4808 272 4882 festum
287 4806 434 4867 omnium
452 4807 648 4868 Sanctorum
664 4805 731 4866 nisi
746 4804 787 4868 de
802 4821 894 4867 com-

91 4905 185 4967 muni
202 4919 366 4967 consensu
387 4904 534 4982 partium
551 4902 652 4966 fuerit
665 4903 891 4981 prorogatum,

91 5005 125 5066 et
140 5004 287 5070 extunc,
301 5001 331 5063 si
353 5016 419 5063 non
439 5002 527 5064 esset
553 5016 654 5063 causa
672 5016 732 5078 per
750 4997 893 5063 arbitros

90 5102 282 5174 terminata,
307 5099 460 5162 dominus
479 5097 741 5160 Autissiodoren.
763 5099 893 5176 episco-

91 5217 154 5278 pus
166 5199 351 5276 adjudices
365 5214 444 5259 suos
459 5198 612 5274 superius
626 5197 815 5259 nominatos
830 5197 894 5260 ha·

90 5297 187 5360 beret
212 5312 396 5368 recursum,
420 5297 453 5357 et
474 5296 563 5357 esset
586 5295 756 5371 negotium
784 5296 892 5372 quoad

91 5396 223 5462 litteras
235 5394 443 5472 apostolicas
457 5409 596 5470 quarum
608 5391 805 5455 auctoritate
818 5407 893 5454 con·

92 5493 321 5565 veniebamus,
336 5493 368 5554 et
380 5492 489 5569 quoad
504 5491 614 5553 omnia
628 5491 696 5552 tam
709 5489 816 5569 quoad
832 5505 892 5552 nos

94 5605 192 5666 quam
222 5587 327 5668 quoad
349 5587 456 5665 ipsum
481 5588 515 5648 in
531 5603 570 5650 eo
586 5589 674 5649 statu
689 5589 723 5648 in
744 5603 807 5664 quo
820 5588 893 5648 erat

721 265 949 330 irrisionem
974 265 1051 326 hin.
1076 265 1115 324 Il.

1690 258 1748 317 718

949 424 1101 503 tempore
1114 420 1353 500 compromissi,
1372 419 1418 481 ita
1442 418 1528 498 quod
1555 432 1622 480 non
1644 419 1750 494 possit

950 521 1050 600 hujus
1061 517 1463 596 compromissipraetextu
1474 515 1625 594 exceptio
1636 515 1749 597 aliqua

950 633 993 682 ex
1006 619 1100 696 parte
1124 618 1238 680 nostra
1259 616 1376 678 contra
1404 614 1523 692 ipsum,
1544 614 1598 675 vel
1618 612 1749 676 litteras

949 716 1124 794 praedictas
1159 713 1437 792 opportunum
1475 727 1588 773 mense
1614 710 1749 788 augusti

950 830 1038 876 anno
1052 811 1184 876 Domini
1200 813 1291 874 1211.

989 912 1132 974 Litterae
1144 911 1286 984 captiuo·
1295 911 1428 970 Eduen.
1439 909 1535 982 Hugo
1548 905 1704 980 decanus,
1717 907 1751 969 61

951 1008 1144 1070 universum
1154 1007 1279 1068 Eduen.
1290 1005 1440 1067 ecelesiae
1454 1003 1635 1080 capitulum
1647 1005 1751 1066 omni·

949 1105 1010 1166 bus
1021 1103 1343 1182 praesenteslrtteras
1353 1101 1553 1178 inspecturis
1563 1101 1598 1162 in
1609 1101 1749 1164 Domino

950 1203 1103 1264 salutem.
1134 1201 1332 1266 Noverimus
1366 1201 1515 1262 universi
1543 1199 1630 1276 quod
1660 1200 1750 1260 inter
1829 1207 1832 1210 “

949 1299 1158 1363 venerabiles
1174 1300 1284 1377 patres
1298 1297 1470 1359 dominum
1490 1299 1639 1360 nostrum
1654 1296 1751 1358 Guel-

949 1402 1057 1460 terum
1078 1398 1217 1469 Eduen,
1241 1413 1284 1457 61
1301 1411 1366 1456 una
1386 1395 1480 1472 parte
1498 1396 1531 1456 et
1544 1395 1749 1456 Wiiielmum

931 1494 1210 1556 antissiodoren.
1229 1508 1273 1554 ex
1298 1492 1415 1563 altera,
1440 1491 1625 1568 episcopos,
1650 1506 1750 1567 super

950 1589 1130 1669 capellada
1145 1590 1318 1652 Bethleem·
1340 1589 1427 1666 apud
1443 1588 1698 1661 Clametiacum,
1718 1587 1751 1650 61

928 1695 930 1699 ’
949 1689 1080 1767 injure
1106 1685 1291 1768 parochiali
1310 1685 1459 1764 eJusdem
1479 1685 1576 1763 burgi
1598 1701 1747 1747 coram...

949 1788 1121 1849 cantore...
1139 1785 1442 1864 archipresbytero,
1459 1785 1493 1847 61
1506 1783 1666 1862 magistro
1680 1784 1749 1845 Bo-

949 1885 1103 1946 noamico
1145 1883 1308 1946 canonico
1339 1881 1520 1944 Biturioen.
1553 1881 1751 1943 auctoritate

948 1982 1138 2060 Apostolica
1154 1981 1294 2058 quaestio
1312 1981 1511 2048 verteretur,
1524 1978 1660 2040 tandem
1680 1993 1752 2038 me-

949 2077 1116 2140 diantibus
1132 2077 1214 2140 viris
1231 2076 1448 2150 scameras
1469 2091 1583 2152 pacem
1598 2075 1750 2152 interpo-

949 2175 1114 2244 nentibus,
1124 2177 1236 2253 partes
1252 2189 1331 2236 suas
1344 2173 1379 2234 in
1387 2172 1611 2235 venerabilem
1623 2172 1751 2250 patrem

949 2271 1127 2335 Manassen
1151 2272 1367 2333 Aurelianen.
1393 2261 1596 2349 episcopum,
1621 2270 1749 2346 magis-

949 2370 1036 2431 trum
1051 2371 1092 2430 H.
1103 2369 1284 2431 Bituricen.
1296 2366 1568 2430 archidiaconum
1583 2368 1667 2428 6111.
1677 2369 1749 2427 Au-

948 2466 1159 2527 tissiodoren.
1187 2466 1384 2527 canonicum
1411 2479 1511 2542 super
1535 2464 1751 2526 1116661116-

948 2563 1059 2624 versia
1086 2562 1147 2622 sub
1175 2577 1272 2639 poena
1302 2563 1433 2623 centum
1462 2575 1650 2621 marcarum
1676 2561 1750 2638 pari

949 2659 1118 2721 voluntate
1131 2656 1430 2736 compromiserunt
1442 2657 1521 2717 hinc
1532 2655 1679 2718 indesub
1690 2656 1751 2717 tali

949 2754 1066 2828 forma,
1079 2755 1165 2834 quod
1180 2754 1299 2817 arbitri
1314 2755 1379 2832 ipsi
1394 2754 1434 2815 de
1445 2754 1544 2831 plano
1555 2756 1612 2830 jus
1627 2753 1748 2816 utrius-

949 2869 1014 2930 que
1027 2853 1132 2930 partis
1159 2852 1377 2930 inquirerent,
1400 2851 1434 2913 et
1450 2867 1529 2929 pars
1544 2853 1685 2928 utraque
1701 2851 1749 2911 in-

948 2965 1109 3012 concusse
1124 2949 1271 3011 servabit
1289 2947 1448 3026 quidquid
1463 2947 1581 3010 arbitri
1600 2948 1678 3026 ipsi,
1695 2949 1749 3010 vel

947 3049 1124 3126 episcopus
1144 3064 1219 3110 cum
1237 3045 1343 3108 altero
1359 3044 1602 3108 coarbitrorum
1613 3061 1750 3106 suorum

948 3144 1082 3207 duxerit
1091 3144 1332 3216 arbitrandum,
1345 3143 1377 3205 et
1390 3143 1578 3206 condictum
1592 3145 1653 3216 est,
1664 3143 1751 3221 quod

949 3244 1083 3320 propter
1094 3241 1185 3304 tertii
1193 3239 1379 3302 absentiam
1388 3255 1454 3302 non
1465 3240 1752 3318 impedieturquin

948 3341 1124 3418 episcopus
1148 3354 1222 3402 cum
1239 3338 1375 3408 arbitro,
1388 3337 1446 3415 qui
1467 3336 1567 3399 tuerit
1588 3353 1749 3414 praesens,

949 3436 1116 3514 procedat.
1145 3437 1252 3512 Super
1273 3449 1370 3512 poena
1387 3436 1498 3495 autem
1513 3435 1645 3496 centum
1660 3449 1751 3496 mar-

949 3549 1066 3596 carum
1074 3533 1204 3608 argenti
1213 3531 1403 3608 repetenda,
1412 3530 1441 3592 si
1450 3531 1625 3608 episcopus
1637 3535 1753 3602 noster

949 3633 1036 3694 esset
1049 3630 1085 3691 in
1100 3627 1240 3700 deiectu,
1255 3629 1429 3706 supposuit
1451 3641 1489 3691 se
1509 3628 1596 3689 idem
1619 3629 1750 3704 episco-

950 3745 1010 3806 pus
1045 3728 1141 3805 plene
1173 3725 1403 3805 jurisdictioni
1431 3725 1510 3790 dicti
1532 3725 1747 3788 Aurelianos.

949 3826 1095 3905 episcopi
1125 3825 1360 3898 coercendum,
1389 3825 1422 3887 et
1450 3825 1486 3886 ut
1515 3826 1623 3901 majus
1646 3824 1749 3886 robur

949 3924 1096 3986 obtineat
1124 3923 1414 4002 compromissum,
1450 3921 1604 3984 dominus
1634 3924 1750 3983 noster

948 4021 1122 4100 episcopus
1143 4021 1225 4082 illud
1249 4021 1345 4083 duxit
1369 4036 1429 4098 per
1450 4035 1528 4082 suas
1554 4036 1593 4082 ac
1616 4022 1748 4082 nostras

949 4120 1078 4182 litteras
1102 4118 1271 4180 roborare.
1297 4115 1435 4180 Durabit
1460 4117 1571 4178 autem
1595 4133 1749 4193 compro-

948 4215 1087 4278 missum
1121 4215 1210 4276 istud
1240 4230 1344 4292 usque
1375 4213 1417 4274 ad
1448 4212 1568 4274 testum
1602 4195 1749 4274 omnium

950 4314 1158 4385 Sanctorum,
1170 4311 1236 4372 nisi
1251 4311 1296 4372 de
1304 4309 1471 4372 communi
1486 4325 1650 4372 consensu
1667 4327 1748 4388 par-

947 4411 1030 4473 tium
1043 4409 1143 4472 luerit
1161 4409 1303 4472 alterius·
1313 4409 1537 4486 prorogatum,
1552 4411 1585 4469 et
1599 4423 1642 4469 61
1656 4411 1745 4478 tuno,

948 4509 977 4570 si
999 4524 1064 4570 non
1086 4509 1176 4570 esset
1192 4521 1294 4568 causa
1317 4522 1376 4584 per
1392 4506 1536 4567 arbitros
1556 4506 1745 4576 terminata,

948 4605 1101 4668 dominus
1131 4604 1395 4667 Autissiodoren.
1430 4604 1472 4666 ad
1502 4603 1634 4683 judices
1670 4619 1749 4665 suos

947 4703 1101 4782 superius
1127 4701 1315 4765 nominatos
1343 4702 1481 4764 haberet
1508 4717 1691 4774 recursum,
1716 4704 1749 4763 61

947 4803 1036 4864 66661
1063 4801 1232 4878 negotium
1256 4800 1365 4879 quoad
1387 4801 1517 4863 litteras
1538 4799 1747 4878 Apostolicas

947 4914 1087 4978 quarum
1125 4899 1323 4968 auctoritate
1356 4896 1555 4958 convenitur
1593 4895 1746 4958 dominus

947 5001 1060 5060 noster
1075 4995 1259 5072 episcopus,
1271 4996 1305 5056 et
1316 4994 1423 5072 quoad
1435 4994 1547 5055 omnia
1558 4993 1626 5054 tam
1640 4993 1747 5070 quoad

946 5093 1141 5174 praedictum
1165 5093 1334 5155 dominum
1355 5092 1505 5154 nostrum
1521 5107 1619 5169 quam
1639 5089 1747 5168 quoad

947 5194 1116 5256 dominum
1128 5191 1383 5255 Autissidioren.
1404 5190 1608 5260 incestato,
1628 5187 1664 5248 in
1682 5204 1746 5266 quo

947 5294 1021 5355 erat
1043 5293 1190 5368 tempore
1217 5287 1463 5365 compromissi,
1492 5287 1538 5348 ita
1565 5285 1651 5364 quod
1681 5301 1746 5348 non

947 5389 1067 5466 poterit
1076 5390 1176 5468 hujus
1184 5387 1411 5464 compromissi
1424 5387 1586 5463 praetextu
1593 5387 1746 5464 exceptio

946 5488 1059 5566 aliqua
1087 5487 1202 5549 contra
1226 5485 1395 5547 dominum
1413 5481 1666 5546 Autissidioren.
1692 5485 1745 5546 vel

948 5587 1077 5649 litteras
1104 5601 1182 5646 suas
1212 5584 1387 5661 praedictas
1413 5581 1455 5643 ab
1488 5583 1629 5644 adversa
1653 5585 1746 5661 parte
