4234 6408
164 279 225 342 229

162 441 198 505 et
216 435 393 516 pratentis
419 434 535 512 scripti
565 433 750 512 patrocinio
772 436 960 500 communi·
1054 407 1057 415 ¹

163 551 247 600 mus.
276 533 369 596 Nulli
397 547 476 608 ergo
501 531 635 593 omnino
661 531 832 594 hominum
862 533 963 595 liceat

165 637 252 697 hanc
264 631 422 711 paginam
436 630 558 693 nostrae
573 629 834 692 confirmationis
847 630 962 692 intrin-

160 749 251 811 gere,
279 729 334 792 vel
356 728 387 790 ei
414 744 498 788 ausu
522 728 702 791 temerario
724 729 902 790 contraire.
927 728 963 789 Si

165 831 238 910 quis
254 830 365 890 autem
376 826 439 887 hoc
459 825 621 888 attentare
633 826 894 902 praesumpserit,
910 827 964 890 in·

165 915 391 1006 dignationem
411 924 645 1002 omnipotentis
667 923 726 986 Dei
745 926 778 986 et
791 923 963 986 beatorum

165 1026 255 1090 Petri
272 1025 305 1087 et
319 1023 416 1086 Pauli
435 1022 660 1100 apostolorum
680 1023 752 1100 eJ‘us
774 1037 810 1084 se
833 1022 964 1085 noverit

165 1125 392 1186 incursurum.
412 1121 533 1183 Datum
557 1119 726 1188 Laterani,
749 1121 779 1182 11
802 1119 963 1181 kalendas

166 1219 338 1294 februarii,
350 1217 561 1298 pontificatus
573 1218 682 1280 nostri
696 1230 785 1280 anno
798 1218 917 1295 primo.

444 1448 690 1538 CLXXXVII

235 1726 289 1786 Ad
309 1724 562 1786 waldemarum
576 1735 696 1799 rapam
708 1724 899 1784 banorum,

459 1867 492 1928 at
510 1867 572 1944 jan.
594 1869 673 1927 triv.
812 1929 817 1938 ,

247 1993 348 2060 [sunm.
364 1957 888 2058 nisan·nnnemna,r.'1x‚p.ru].

797 277 1026 340 EPISTOLAE.
1049 279 1128 339 LIB.
1152 279 1176 339 Ι.

1281 447 1546 542 CLXXXVIII

1152 655 1205 714 Ad
1225 654 1412 727 capitulum
1432 661 1669 724 Arusiausem.

1308 795 1342 853 st
1358 796 1418 870 ian.
1441 797 1520 856 iili.

1017 885 1170 952 stengsbek,
1179 887 1317 956 Scriptores
1326 906 1409 943 rerum
1421 895 1574 946 bsnrceram
1587 897 1664 948 medii
1672 900 1729 962 mvi,
1740 907 1758 952 t.
1768 905 1810 964 Vl,
1895 895 1898 900 ’

1363 988 1388 1038 p.
1399 973 1466 1039 seit

1017 1109 1199 1171 Conbrmatlo
1209 1111 1246 1170 de
1258 1114 1339 1174 tertia
1348 1125 1428 1188 parte
1438 1116 1589 1178 oblationis
1601 1121 1636 1178 ad
1650 1123 1812 1196 sepulcrum

1310 1202 1387 1263 beati
1401 1207 1521 1266 Nicolai.

1057 1381 1224 1444 Honorius
1239 1385 1424 1463 episcopus,
1433 1401 1548 1449 servus
1559 1403 1732 1452 servorum
1740 1392 1812 1466 Dei,

1019 1475 1148 1541 dilectis
1170 1478 1249 1542 nnis
1260 1481 1405 1561 capitulo
1424 1485 1609 1559 arusiensi,
1625 1487 1815 1551 salutemet

1018 1577 1234 1655 apostolicam
1249 1577 1523 1644 benedictionem.
1903 1651 1906 1656 ,

1060 1675 1140 1738 Cum
1162 1693 1182 1738 a
1203 1677 1298 1739 nobis
1314 1679 1446 1755 petitur,
1468 1681 1554 1758 quod
1565 1683 1692 1759 justum
1710 1686 1761 1746 est
1784 1685 1817 1746 et

1019 1771 1205 1847 honestum,
1228 1775 1296 1837 tam
1319 1776 1416 1854 vigor
1430 1779 1595 1856 aequitatis
1615 1797 1713 1859 quam
1735 1782 1816 1844 ordo

1020 1871 1125 1950 exigit
1139 1871 1290 1945 rationis,
1306 1874 1342 1936 ut
1356 1875 1389 1936 id
1398 1891 1458 1953 per
1469 1877 1726 1940 sollicitudinem
1742 1879 1818 1940 oili-

1021 1967 1065 2030 cii
1080 1970 1186 2032 nostri
1205 1969 1246 2031 ad
1262 1969 1408 2032 debitum
1429 1973 1630 2049 perducatur
1650 1975 1814 2048 effectum,

1022 2067 1214 2151 eapropter,
1236 2067 1349 2130 dilecti
1375 2069 1411 2130 in
1437 2071 1576 2132 Domino
1594 2071 1672 2144 dlii,
1698 2073 1818 2134 vestris

166 2159 273 2219 Scribit
301 2176 334 2219 se
361 2159 533 2219 confirmare
561 2160 698 2235 quidquid
731 2159 891 2218 Fridericus
918 2173 968 2216 rex
1018 2165 1118 2242 justis
1144 2165 1424 2243 postulationihus
1453 2168 1549 2244 grato
1580 2169 1819 2232 concurrentes

207 2249 357 2318 Sicilianm
373 2249 567 2324 ¹homanorum
580 2252 781 2323 imperatorem
796 2252 918 2318 electus,
933 2247 968 2305 de

206 2353 326 2397 assensu
347 2339 507 2412 principum
528 2353 579 2412 pro
590 2353 662 2412 paca
675 2346 703 2396 et
723 2337 875 2396 concordia
896 2339 970 2395 inter

202 2428 358 2502 imperium
373 2435 402 2485 et
414 2443 535 2500 regnum
551 2429 646 2485 Daciae
658 2426 837 2485 observanda
856 2435 885 2484 et
900 2425 966 2484 hos·

205 2517 282 2576 tibus
297 2517 409 2590 imperii
422 2515 589 2575 coercendis
604 2515 712 2575 iecerit.

210 2694 315 2758 iustis
345 2695 527 2773 petentium
551 2692 725 2756 desideriis
755 2689 892 2770 dignum
921 2692 972 2753 est

170 2809 234 2855 nos
258 2791 390 2855 facilem
409 2793 558 2871 praebere
586 2808 795 2864 consensum,
821 2791 855 2855 et
880 2791 968 2861 vota,

167 2908 247 2972 quae
262 2907 282 2954 a
296 2891 437 2954 rationis
450 2891 584 2954 tramite
607 2907 675 2952 non
699 2889 900 2961 discordant,
922 2888 973 2950 oi-

168 2989 262 3054 iectu
281 2990 502 3069 prosequente
514 2990 691 3068 complere.
708 2991 789 3050 Cum
804 2988 907 3065 igitur
920 3002 972 3050 ca·

171 3089 328 3151 tissimus
343 3089 379 3150 in
391 3089 523 3151 Christo
539 3088 628 3150 iilius
643 3089 756 3150 noster
768 3087 969 3157 thidericus,

171 3203 238 3250 rex
266 3187 401 3260 Siciliae,
427 3187 463 3249 in
488 3189 713 3250 Romanorum
738 3185 973 3264 imperatorem

169 3285 313 3358 electus,
331 3285 371 3346 de
388 3299 545 3346 asssensu
559 3285 747 3363 principum
762 3299 822 3362 pro
838 3299 919 3361 paco
934 3299 973 3346 ac

172 3383 355 3446 concordia
370 3381 458 3444 inter
470 3383 645 3459 imperium
662 3383 695 3444 et
708 3396 848 3458 regnum
863 3381 973 3443 Daciae

175 3480 417 3544 inviolabiliter
430 3481 647 3551 observanda,
659 3479 692 3541 et
704 3479 853 3540 hostibus
869 3479 975 3554 impe-

172 3579 221 3640 rii
234 3579 438 3650 coercendis,
459 3593 574 3640 omnes
590 3577 750 3639 terminos
769 3575 855 3637 ultra
871 3575 973 3636 Elda-

171 3692 255 3739 nam
285 3677 318 3738 et
353 3676 484 3738 Albiam
518 3675 695 3753 imperium
728 3672 973 3748 contingentes,

168 3790 259 3855 quos
273 3773 397 3836 inclitae
410 3771 652 3835 recordationis
668 3771 820 3831 Kanutus
833 3784 895 3829 rex
906 3768 977 3830 ira·

170 3873 229 3935 ter
242 3872 331 3944 tuns,
353 3871 552 3949 provocatus
577 3865 723 3944 injuriis,
739 3867 773 3927 et
790 3866 827 3928 tu
846 3881 921 3928 cum
936 3880 975 3928 eo

170 3969 305 4050 pariter
322 3963 522 4044 acpttisistis,
532 3963 565 4027 et
578 3963 736 4042 quidquid
750 3962 871 4025 Slaviae
889 3963 976 4026 idem

172 4067 285 4131 irater
298 4066 376 4125 tuus
388 4062 614 4140 comparatum
627 4061 765 4140 paterno
780 4075 906 4139 suoque
919 4062 975 4123 la-

169 4167 260 4229 bore
273 4160 390 4232 tenuit,
415 4175 519 4238 regno
544 4161 602 4223 tuo
625 4160 800 4233 addiderit,
817 4160 903 4222 sicut
917 4176 977 4240 per

170 4259 408 4326 authenticum
427 4259 504 4320 inde
521 4258 707 4322 coniectum
729 4258 901 4321 evidenter
911 4274 975 4335 ap-

173 4357 284 4440 paret,
309 4373 371 4419 nos
387 4357 453 4420 tuis
476 4357 629 4433 precibus
653 4355 816 4429 inclinati,
833 4354 976 4434 quodab

172 4457 296 4521 eodem
316 4471 396 4531 rege
417 4454 458 4516 de
477 4454 618 4517 consilio
639 4454 837 4532 principum,
864 4454 897 4516 et
922 4469 979 4514 as-

1022 2261 1155 2332 affectu,
1184 2264 1318 2326 tertiam
1341 2265 1469 2343 partem
1492 2265 1712 2340 oblationum,
1745 2283 1819 2345 quaa

1023 2360 1146 2422 intuitu
1168 2359 1257 2423 beati
1280 2361 1435 2424 Nicholai
1460 2363 1649 2426 cathedrali
1669 2364 1819 2428 eeclesiae

1023 2457 1219 2530 offeruntur,
1236 2463 1358 2537 praeter
1377 2460 1535 2522 victualia
1551 2461 1662 2522 delata
1680 2457 1818 2536 ibidem,

1024 2571 1097 2634 quae
1112 2556 1223 2617 omnia
1239 2555 1475 2618 canonicorum
1488 2559 1567 2618 sunt
1582 2558 1696 2620 usibus
1715 2559 1821 2637 depu-

1024 2653 1104 2725 tata,
1128 2653 1214 2714 sicut
1235 2669 1275 2714 ea
1294 2653 1385 2731 juste
1406 2669 1446 2716 ac
1468 2655 1605 2732 pacifice
1627 2657 1817 2734 possidetis,

1024 2750 1117 2814 vobis
1133 2751 1166 2813 et
1179 2765 1307 2828 pervos
1320 2751 1470 2814 ecclesiae
1487 2753 1607 2815 vestrae
1623 2754 1821 2816 auctoritate

1024 2849 1214 2927 Apostolica
1224 2847 1503 2913 confirmamus'et
1518 2851 1691 2928 praesentis
1706 2851 1822 2929 scripti

1025 2946 1211 3025 patrocinio
1227 2945 1480 3010 communimus.
1492 2948 1585 3010 Nulli
1596 2963 1675 3024 ergo
1686 2949 1821 3012 omnino

1025 3044 1197 3108 hominum
1212 3044 1312 3107 liceat
1326 3043 1412 3107 hanc
1428 3045 1583 3123 paginam
1598 3047 1721 3108 nostrae
1739 3062 1822 3110 con-

1027 3143 1223 3206 firmationis
1236 3143 1419 3219 intringere
1438 3145 1489 3206 vel
1504 3145 1535 3206 ei
1551 3159 1635 3206 ausu
1645 3143 1823 3208 temerario

1027 3243 1205 3304 contraire.
1222 3241 1257 3301 Si
1272 3241 1346 3318 quis
1363 3242 1473 3303 autem
1489 3242 1551 3303 hoc
1562 3242 1727 3304 attentare
1742 3259 1825 3320 prae·

1028 3339 1216 3416 sumpserit,
1231 3338 1495 3413 indignationem
1508 3339 1742 3416 omnipotentis
1762 3341 1823 3401 Dei

1028 3437 1062 3497 et
1072 3435 1244 3496 beatorum
1257 3433 1347 3494 Petri
1363 3434 1396 3494 et
1406 3432 1504 3493 Pauli
1516 3435 1742 3509 apostolorum
1753 3437 1824 3511 ejus

1029 3548 1065 3592 se
1093 3528 1224 3592 noverit
1249 3529 1471 3590 incursurum.
1503 3530 1620 3590 Datum
1655 3532 1822 3604 Laterani,

1030 3629 1059 3690 11
1091 3627 1253 3688 kalendas
1276 3625 1448 3699 februarii,
1477 3625 1689 3703 pontificatus
1717 3629 1824 3690 nostri

1030 3739 1117 3788 anno
1129 3725 1248 3801 primo.

1316 3919 1538 4010 CLXXXIX

1108 4113 1161 4174 Act
1183 4113 1416 4173 senonensem
1440 4112 1744 4183 archiepiscopum.

1323 4268 1356 4325 :tl
1371 4267 1432 4341 jan.
1451 4267 1529 4324 till.

1078 4377 1186 4440 [begeat.
1198 4375 1243 4424 lib.
1255 4374 1275 4434 l,
1290 4373 1365 4438 epist.
1378 4373 1433 4422 2⁰8.
1445 4373 1502 4422 blss.
1514 4373 1550 4424 La
1559 4372 1634 4423 Porta
1644 4371 1780 4436 dabbath]

173 4569 283 4618 sensu
297 4567 358 4632 pro
372 4552 458 4614 bono
474 4553 566 4629 pacis
577 4567 677 4629 super
690 4550 743 4612 his
755 4550 892 4628 provide
908 4549 979 4612 iac·-
1032 4559 1227 4616 senonmsem
1242 4553 1489 4628 archiepiscopum
1502 4552 1659 4628 redarguit,
1676 4553 1752 4626 quod
1772 4555 1824 4612 ali·

174 4655 250 4715 tum
261 4651 321 4722 est,
336 4651 446 4712 ratum
458 4649 619 4712 habentes
634 4647 979 4726 auctontatenposto-

55 4817 56 4822 ,
176 4750 245 4812 lica
285 4748 539 4820 confirmamus,
578 4749 613 4808 et
649 4746 823 4825 praesentis
863 4747 975 4824 script'

177 4846 366 4925 patrocinio
382 4845 635 4908 communimus.
648 4843 741 4905 Nulli
753 4858 832 4918 ergo
843 4845 978 4905 omnino

178 4944 352 5008 hominum
370 4943 471 5004 liceat
485 4943 572 5004 hanc
586 4943 742 5020 paginam
757 4943 880 5003 nostrae
893 4957 977 5003 con-

179 5042 381 5106 firmationis
402 5040 597 5116 intringere,
612 5040 665 5102 vel
684 5040 715 5100 ei
730 5055 816 5100 ausu
829 5039 978 5100 temera-

179 5142 233 5204 rio
255 5139 433 5202 contraire.
451 5139 486 5199 Si
506 5137 579 5216 quis
603 5137 713 5200 autem
732 5136 795 5199 hcc
817 5137 979 5200 attentare

1066 4660 1139 4718 quos
1151 4644 1313 4702 neccitatos
1324 4658 1378 4701 ncc
1392 4644 1516 4700 monitos
1524 4643 1828 4701 excommunicationis

1066 4735 1170 4808 laqueo
1195 4731 1375 4791 innodaverit
1397 4738 1426 4789 et
1453 4738 1578 4790 castrum
1610 4733 1763 4791 Pravinum
1793 4733 1829 4791 ad

1067 4821 1223 4882 blancham
1231 4822 1408 4878 comitissam
1422 4821 1587 4892 campanie
1601 4819 1746 4894 liliumque
1766 4822 1829 4894 cius

1068 4912 1214 4984 partinens
1223 4909 1404 4983 supposuerit
1416 4910 1478 4966 sine
1491 4907 1566 4982 justu
1577 4922 1664 4967 causa
1675 4911 1825 4968 ecclesias·

1068 4997 1124 5054 tice
1139 4996 1299 5054 interdicto.

1074 5140 1252 5212 Honorius,
1275 5139 1351 5212 etc,
1374 5137 1559 5200 venerabili
1580 5137 1676 5199 fratri
1697 5140 1832 5201 archie-

180 5237 442 5318 praesumpserit,
461 5234 725 5311 indignationem
744 5234 980 5312 omnipotentis
1034 5241 1169 5320 piscopo
1185 5240 1350 5299 senonen.

181 5337 243 5399 liei
258 5336 291 5398 et
303 5335 477 5398 beatorum
490 5333 581 5395 Petri
594 5332 627 5393 et
641 5331 738 5394 Pauli
753 5333 980 5410 apostolorum

1075 5336 1204 5411 Quanto
1223 5333 1435 5412 praesentiam
1453 5333 1545 5395 tuam
1568 5332 1762 5396 ferventiori
1775 5335 1830 5396 di-

182 5437 257 5512 ejus
277 5449 312 5494 se
335 5432 466 5494 noverit
484 5431 707 5493 incursurum.
735 5430 853 5491 Datum
878 5429 981 5492 Late·
1036 5436 1171 5513 ligimus
1186 5433 1336 5504 caritate,
1352 5432 1444 5494 tanto
1455 5431 1574 5508 majori
1589 5431 1704 5495 dolore
1717 5433 1833 5495 turba-

182 5531 304 5603 rani,11
316 5529 477 5591 kalendas
490 5527 662 5597 februarii,
678 5525 889 5605 pontificatus
903 5542 983 5590 nos-
1036 5549 1111 5594 mur
1126 5547 1200 5594 cum
1222 5543 1262 5592 ea
1281 5529 1375 5590 nobis
1394 5527 1434 5590 de
1450 5529 1517 5590 tuis
1532 5529 1659 5592 actibus
1675 5529 1831 5592 referun-

184 5627 230 5688 tri
240 5639 327 5690 anno
342 5627 461 5706 primo.

998 5669 1002 5678 ·
1036 5631 1102 5702 tur,
1134 5645 1207 5706 quae
1242 5627 1362 5690 famam
1398 5627 1489 5688 tuam
1524 5626 1719 5691 obnubilant
1745 5627 1831 5705 apud
