4234 6442
296 321 357 381 399
581 369 583 372 .
914 321 1093 384 HONORH
1115 323 1159 383 ΙΙΙ
1181 323 1329 386 OPERA.
1664 394 1669 400 ,
1818 389 1824 398 ,
1886 329 1946 389 400

296 481 735 558 torumpercontumaclam
749 481 895 546 vostrum
911 480 1092 560 capitulum
1147 483 1397 560 dispensatione
1430 482 1602 556 consistat,
1632 482 1665 545 et
1693 499 1768 546 cum
1795 484 1944 561 ejusdem

294 577 506 654 frequentare
539 578 709 651 desierint,
737 578 836 640 liceat
858 579 969 642 abbati
996 583 1092 642 Prae·
1147 580 1287 642 consilio
1311 580 1367 657 qui
1396 579 1569 658 eligendus
1590 579 1692 643 fuerit
1716 596 1735 642 a
1759 583 1941 656 canonicis,

296 675 530 737 monstrateusi
539 676 680 736 consilio
691 677 742 736 sul
756 677 904 753 capituli,
919 693 977 739 eos
987 693 1092 756 usque
1147 677 1299 753 eligatur.
1316 679 1428 740 Electo
1442 679 1553 739 autem
1566 677 1685 740 fratres
1705 679 1855 741 ecclesiae
1870 681 1943 742 sta-

295 773 337 834 ad
377 773 574 849 condignam
614 774 891 847 satisfactionem,
928 777 1092 839 sententia
1145 776 1204 836 tim
1220 775 1442 837 obedientiam
1464 776 1667 852 promittant,
1683 776 1739 853 qui
1762 792 1828 838 non
1848 779 1945 854 quasi

294 870 476 948 percellere
511 871 669 948 regulari,
706 874 740 934 et
764 874 961 936 sententiam
992 889 1092 952 quam
1146 873 1316 935 absolutus
1332 889 1352 934 a
1368 874 1530 950 potestate
1545 875 1648 952 patris
1664 873 1793 936 abbatis
1813 876 1865 937 vel
1881 890 1942 937 or-

294 969 453 1046 proefatus
473 971 801 1032 praemonstratensis
821 970 935 1044 abbas,
956 972 1038 1044 sive,
1056 972 1090 1032 in
1146 971 1233 1032 diuis
1258 972 1322 1039 sui,
1350 971 1612 1049 archiepiscopo,
1635 972 1689 1033 vel
1713 973 1879 1050 episcopo,
1907 975 1943 1036 in

293 1067 443 1142 generali
479 1067 634 1143 capitulo,
672 1068 742 1129 sive
777 1073 873 1130 extra
896 1069 1088 1146 capitulum,
1146 1072 1240 1146 cujus
1260 1068 1395 1131 dioecesi
1417 1069 1517 1131 fuerit
1543 1073 1776 1146 praesentetur,
1797 1072 1946 1149 plenitu-

294 1165 434 1226 oousilio
449 1164 655 1238 coabbatum,
674 1165 709 1226 in
723 1166 879 1243 praelatos
894 1168 928 1228 et
942 1167 1090 1242 subditos
1146 1167 1256 1228 dinem
1276 1166 1317 1228 ab
1341 1183 1382 1230 eo
1404 1167 1505 1229 officii
1521 1168 1749 1245 percepturus,
1768 1169 1815 1230 ita
1828 1170 1940 1232 tamen

293 1262 395 1324 totius
414 1262 542 1324 ordinis
561 1263 664 1326 vestri
679 1266 839 1326 canonice
858 1265 984 1337 tulerit,
1007 1265 1090 1326 nulli
1145 1265 1230 1342 quod
1255 1267 1328 1342 post
1350 1265 1472 1326 factam
1493 1265 1744 1344 archiepiscopo
1772 1267 1826 1328 vel
1852 1268 1944 1344 epis-

294 1359 622 1438 arcbiepiscoporum
651 1377 712 1423 seu
749 1362 992 1440 episcoporum,
1024 1363 1090 1424 nisi
1145 1377 1227 1439 copo
1242 1378 1303 1424 suo
1325 1361 1576 1440 professionem,
1602 1364 1778 1426 occasione
1792 1364 1851 1426 illa
1874 1381 1943 1426 non

293 1457 379 1520 forte
398 1458 438 1519 de
460 1459 616 1522 mandato
631 1460 773 1522 Romani
791 1461 974 1534 pontificis,
991 1461 1091 1523 liceat
1144 1459 1409 1536 transgrediatur
1439 1459 1691 1522 constitutiones
1719 1461 1848 1523 ordinis
1875 1463 1940 1534 sui,

292 1556 459 1618 relaxare.
1145 1556 1255 1617 necin
1275 1557 1387 1634 aliquo
1402 1559 1473 1634 ejus
1496 1557 1733 1634 praevaricator
1751 1558 1884 1621 existat.
1906 1561 1942 1621 Si

334 1655 371 1715 iu
387 1654 537 1730 generali
555 1654 659 1731 igitur
676 1655 789 1717 vestro
808 1654 953 1732 capitulo
972 1655 1091 1733 praesi-
1144 1655 1218 1730 quis
1232 1655 1333 1716 etiam
1348 1671 1391 1716 ex
1404 1654 1499 1716 vobis
1514 1656 1675 1717 canonice
1691 1655 1814 1718 electus
1829 1657 1864 1717 in
1882 1657 1944 1718 ab·

175 1752 178 1758 '
293 1751 392 1814 dente
415 1751 533 1814 abbate
553 1753 866 1814 praemonstratensi
894 1753 1089 1829 ceterisque
1143 1751 1464 1824 batem,dioecesano
1477 1753 1643 1830 episcopo,
1656 1754 1758 1815 semel
1771 1755 1804 1816 et
1818 1755 1942 1817 iterum
2048 1789 2053 1794 -

293 1849 552 1922 considentibus
566 1849 645 1912 etin
659 1851 779 1927 spiritu
794 1850 853 1911 Dei
874 1851 1088 1928 cooperanti·
1145 1866 1203 1928 per
1221 1849 1358 1912 abbates
1373 1851 1475 1912 vestri
1499 1849 1627 1912 ordinis
1641 1852 1861 1927 presentatus
1882 1851 1943 1914 be-

291 1946 367 2020 bus,
381 1949 422 2009 de
432 1949 475 2008 iis
488 1964 561 2027 quae
572 1947 612 2009 ad
626 1948 879 2010 aedificationem
889 1949 1087 2021 animarum,
1144 1947 1365 2009 nedictionem
1389 1947 1487 2009 abeo
1510 1964 1578 2010 non
1599 1949 1744 2026 potuerit
1769 1949 1941 2012 obtinere:

292 2045 333 2106 ad
350 2045 602 2107 instructionem
616 2061 755 2117 morum,
770 2045 802 2107 ct
819 2046 860 2107 ad
875 2045 1088 2108 informatio·
1145 2046 1353 2118 roccoleno,
1377 2046 1418 2106 ad
1438 2062 1536 2123 qnam
1552 2047 1687 2108 vocatus
1707 2048 1768 2119 est,
1785 2046 1943 2110 destituta

291 2158 369 2202 nem
381 2143 552 2214 virtutum,
569 2145 666 2220 atque
686 2143 927 2205 incrementum
948 2144 1087 2220 regula·
1144 2143 1283 2205 oonsilio
1305 2143 1524 2220 periclitetur,
1541 2143 1651 2206 oftlcio
1666 2145 1699 2204 et
1718 2144 1791 2206 loco
1812 2143 1944 2206 abbatis

292 2241 339 2300 ris
368 2240 552 2317 disciplinae
583 2240 789 2317 spectabunt,
810 2256 919 2302 sermo
947 2240 1089 2316 diligens
1143 2241 1485 2318 plenariesecundum
1501 2241 1651 2303 ordinem
1667 2240 1823 2318 fungatur
1838 2243 1940 2316 inea,

292 2335 1090 2415 habeatur.porrodoomnibusquaestlonibuset
1143 2341 1209 2400 tam
1220 2338 1486 2400 inexterioribus
1495 2337 1720 2416 providendis,
1736 2341 1944 2416 quaminin-

292 2435 436 2513 querelis
455 2437 524 2497 tam
543 2435 772 2514 spiritualibus
796 2452 894 2514 quam
915 2437 1087 2514 tempora·
1142 2435 1321 2498 terioribus
1332 2436 1556 2513 corrigendis3
1569 2436 1673 2498 donec
1683 2440 1741 2498 aut
1750 2438 1941 2499 interventu

293 2533 393 2607 libus,
410 2549 483 2610 quae
502 2534 536 2593 in
556 2534 630 2611 ipso
650 2533 795 2611 capitulo
817 2533 993 2610 propositae
1015 2532 1089 2595 fue-
1142 2533 1309 2609 generalis
1324 2533 1461 2611 capituli
1476 2534 1589 2607 vestrl,
1611 2537 1669 2596 aut
1687 2537 1851 2612 praecepto
1871 2538 1942 2598 Ro·

291 2631 369 2703 rint,
391 2630 474 2692 illud
489 2631 642 2693 tencatur
659 2630 936 2707 irrefragabiliter
956 2632 990 2692 et
1010 2646 1087 2692 ser·
1143 2630 1232 2692 mani
1253 2630 1435 2700 pontificis,
1453 2647 1512 2692 seu
1529 2631 1774 2710 metropolitani
1788 2631 1942 2695 benedic·

291 2731 398 2801 vetur,
422 2729 508 2806 quod
533 2727 636 2790 abbas
657 2728 988 2790 praemonstratensis
1012 2743 1087 2790 cum
1142 2729 1265 2794 tionem
1281 2745 1375 2792 suam
1388 2728 1547 2790 obtineat.

290 2826 345 2900 iis,
373 2828 430 2904 qui
453 2826 597 2888 sanioris
626 2825 758 2888 consilii
783 2826 816 2887 et
843 2826 950 2902 magis
974 2825 1086 2886 idonei
1182 2829 1286 2887 porro
1314 2826 1407 2888 nulla
1442 2841 1584 2902 persona
1617 2826 1844 2890 ecclesiastiea
1879 2844 1939 2906 pro

290 2925 516 3002 apparuerint,
524 2924 614 3001 iuste
625 2923 808 3001 acprovide
815 2922 989 3000 judicabit.
1001 2925 1089 2986 Sane
1142 2923 1336 2996 chrismate,
1365 2924 1424 2985 aut
1449 2917 1757 2986 consecrationibus
1789 2926 1821 2988 et
1847 2926 1941 2988 ordl-

292 3023 321 3082 si
345 3021 448 3083 abbas
464 3021 585 3098 aliquis
600 3021 704 3084 vestri
727 3020 854 3082 ordinis
875 3020 1011 3082 infamis
1033 3024 1086 3086 vel
1142 3020 1342 3094 nationibus,
1364 3022 1422 3083 aut
1436 3037 1496 3098 pro
1518 3022 1689 3099 sepultura
1709 3023 1863 3100 pretium,
1880 3025 1938 3085 aut

292 3118 432 3190 inutilis,
443 3121 501 3180 aut
515 3119 642 3180 ordinis
657 3119 708 3179 sui
723 3119 959 3196 praevaricator
973 3119 1089 3184 iuven·
1143 3135 1202 3196 pro
1215 3118 1317 3180 bened
1323 3119 1438 3182 icendo
1451 3118 1562 3181 abbati
1579 3121 1612 3182 et
1625 3120 1816 3182 deducendo
1831 3121 1866 3182 in
1882 3137 1939 3183 se-

291 3218 346 3278 tus
362 3216 473 3284 fuerit,
494 3217 527 3278 et
541 3217 634 3293 prius
656 3219 853 3295 perpetrem
869 3235 965 3280 suum
984 3219 1090 3282 abba-
1142 3217 1216 3278 dem
1236 3232 1329 3278 suam
1352 3217 1561 3295 palafridum,
1583 3220 1641 3280 aut
1659 3217 1783 3296 aliquid
1806 3218 1894 3280 aliud
1917 3235 1938 3280 a

291 3316 370 3386 tem,
388 3314 446 3376 aut
459 3329 520 3392 per
534 3314 673 3376 nuncios
688 3317 761 3392 ejus
773 3315 973 3390 admonitus,
990 3333 1087 3379 suum
1141 3315 1235 3377 vobis
1250 3314 1397 3392 exigere,
1414 3315 1526 3376 nullus
1542 3319 1698 3388 vestrum,
1715 3317 1846 3378 etiamsi
1859 3317 1939 3378 exi·

290 3412 459 3489 corrigere
480 3412 513 3474 et
527 3412 704 3475 emendare
718 3413 873 3476 delictum
890 3415 1085 3491 neglexerit,
1141 3415 1249 3489 gatur,
1264 3412 1345 3476 dare
1357 3412 1548 3491 praesumat,
1561 3414 1639 3490 quia
1654 3416 1686 3475 et
1701 3413 1888 3490 exigentem
1905 3415 1938 3476 et

291 3512 348 3572 aut
360 3510 488 3583 cedere,
504 3510 535 3572 si
548 3511 750 3573 amovendus
766 3511 875 3584 fuerit,
895 3514 1013 3590 sponte
1027 3529 1088 3576 uo-
1142 3511 1273 3572 dantem
1299 3512 1377 3573 nota
1396 3511 1429 3573 et
1444 3511 1629 3589 periculum
1648 3511 1840 3574 simoniacae
1859 3528 1940 3590 pra·

291 3608 402 3681 luerlt,
426 3609 623 3671 auctoritate
644 3609 811 3686 generalis
829 3610 966 3688 capituli
986 3611 1088 3687 depo-
1142 3608 1254 3670 vitatis
1270 3609 1422 3670 involvit.

290 3706 408 3782 natnr3
430 3707 464 3768 et
482 3706 662 3784 depositus,
684 3707 757 3770 sine
781 3707 943 3770 dilatione
961 3708 1002 3769 ad
1026 3709 1088 3770 do·
1183 3706 1345 3768 Caeterum
1358 3705 1511 3784 sialiqua
1524 3707 1937 3770 ecclesiarumvestrarum

290 3819 380 3865 mum
404 3804 492 3864 unde
518 3805 632 3877 exivit,
656 3821 715 3866 seu
739 3805 780 3866 ad
807 3806 908 3867 aliam
938 3807 1086 3884 eiusdem
1142 3805 1283 3882 pastoris
1303 3805 1422 3867 solatio
1450 3805 1617 3877 destituta,
1643 3806 1731 3867 iuter
1753 3805 1873 3867 fratres
1897 3805 1937 3867 da

252 3927 254 3931 ·
290 3901 417 3964 ordinis
436 3917 534 3979 quam
549 3901 697 3979 elegerit,
723 3904 796 3964 sine
809 3903 876 3964 ulla
898 3904 1086 3966 conditione
1141 3903 1368 3964 substituendo
1403 3902 1521 3964 abbate
1554 3903 1720 3964 discordia
1758 3903 1858 3965 fuerit
1885 3904 1937 3965 vel

288 3998 481 4076 temporalis
509 4001 682 4070 commodi,
712 4001 915 4073 revertatur,
945 4000 980 4062 in
1002 4001 1085 4063 obe·
1141 4001 1286 4061 scissura
1310 4000 1455 4072 suborta,
1480 3999 1513 4062 et
1529 3999 1593 4076 ipsi
1614 3999 1712 4062 facile
1736 4001 1777 4062 ad
1798 4016 1939 4062 concor·

290 4097 415 4158 dientia
437 4095 575 4170 abbatis,
599 4099 685 4160 sicut
705 4097 818 4159 caeteri
840 4097 960 4162 fratres
979 4097 1085 4175 ipsius
1141 4096 1229 4157 diam
1261 4098 1315 4158 vel
1339 4096 1499 4159 unitatem
1527 4097 1679 4159 revocari
1708 4097 1935 4174 nequiverint,

289 4194 860 4272 domestirmiterpermansurus.ld
871 4195 1085 4272 ipsumetiam
1139 4196 1234 4273 pater
1249 4193 1352 4256 abbas
1367 4193 1507 4256 oonsilio
1522 4195 1718 4257 coabbatum
1738 4211 1873 4259 suorum
1889 4195 1937 4256 eis

289 4293 524 4370 aliotempore‚
537 4293 566 4354 si
580 4308 716 4354 necesse
730 4291 841 4365 fuerit,
857 4294 889 4355 et
903 4293 1084 4370 capitulum
1140 4292 1293 4353 idoneam
1318 4291 1492 4370 provideat
1511 4309 1703 4369 personam3
1736 4296 1769 4355 et
1788 4293 1839 4354 illi
1863 4309 1937 4354 eam

289 4392 362 4453 sine
375 4391 543 4464 scandalo,
560 4389 613 4451 vel
626 4390 773 4466 periculo
788 4391 958 4467 expectari
973 4391 1086 4470 nequi-
1140 4391 1212 4451 sine
1231 4390 1493 4453 contradictione
1512 4391 1676 4468 recipiant
1698 4391 1733 4453 in
1763 4391 1936 4465 abbatem3

287 4491 384 4562 verit,
408 4505 467 4568 per
492 4487 643 4550 abbatem
667 4487 1029 4562 praemonstratensem,
1051 4493 1085 4552 et
1139 4489 1280 4565 quamsi
1303 4489 1454 4566 recipere
1470 4489 1738 4566 contempserint,
1761 4490 1937 4551 sententias

286 4589 413 4666 patrem
430 4586 580 4648 abbatem
600 4585 633 4648 et
651 4585 736 4645 allos
755 4583 901 4658 abbates,
926 4602 1009 4663 quos
1023 4603 1085 4649 vo-
1138 4586 1342 4663 subjaceant,
1357 4602 1455 4663 quam
1468 4587 1566 4664 pater
1575 4585 1677 4649 abbas
1697 4603 1772 4648 cum
1793 4587 1935 4650 consilio

287 4686 413 4748 caverit
429 4683 501 4745 deri
515 4683 639 4744 licebit.
656 4683 747 4754 Quod
763 4682 791 4742 si
806 4683 975 4760 depositus
997 4685 1032 4746 iu
1048 4701 1084 4747 se
1138 4683 1373 4746 coabbatorum
1388 4699 1523 4746 suorum
1538 4685 1574 4745 in
1587 4700 1645 4746 eos
1664 4684 1808 4758 duxerit,
1824 4687 1936 4747 aucto·

286 4785 373 4846 ‹latae
389 4782 563 4843 sententiae
576 4780 817 4842 contumaciter
830 4781 998 4844 contraire
1015 4783 1084 4846 ten·
1137 4783 1235 4845 ritate
1251 4781 1388 4854 ordinis,
1405 4782 1689 4860 promulgandam.
1705 4783 1754 4845 Ad
1770 4783 1843 4845 baec
1856 4799 1934 4860 quo-

285 4879 418 4952 taverlt,
449 4881 517 4942 tam
541 4879 615 4957 ipse
643 4894 741 4957 quam
769 4879 972 4959 principales
997 4884 1080 4959 eius,
1137 4881 1227 4942 niam
1243 4881 1571 4942 praemonstratensis
1581 4880 1732 4943 ecoleslae
1743 4881 1851 4958 prima
1864 4897 1939 4941 ma-

286 4979 343 5058 qui
366 4978 407 5041 de
424 4978 540 5040 ordine
556 4980 667 5040 vestro
685 4977 809 5040 fuerint
823 4977 857 5039 in
873 4980 1082 5042 contumacia
1136 4980 1188 5040 tor
1206 4981 1256 5040 est
1270 4977 1418 5039 omnium
1437 4979 1655 5040 ecclesiarum
1670 4979 1772 5041 totius
1792 4979 1933 5049 ordinis,

284 5077 516 5148 coamatores,
534 5075 706 5138 ababbate
725 5077 1035 5140 praemonstratensi
1050 5077 1083 5140 et
1136 5077 1168 5138 et
1187 5079 1313 5154 patrem
1336 5091 1435 5153 super
1454 5091 1490 5139 se
1508 5077 1610 5138 alium
1626 5092 1692 5138 non
1718 5077 1828 5143 habet.
1850 5077 1936 5138 sicut

284 5175 414 5239 caeteris
439 5173 632 5247 abbatibus,
669 5191 810 5236 censura
841 5175 1079 5247 ecclesiastiea,
1135 5174 1176 5234 ad
1192 5173 1354 5235 cautelam
1370 5175 1402 5236 et
1414 5175 1598 5236 custodiam
1614 5174 1754 5247 ordinis,
1776 5174 1935 5236 statutum

284 5275 389 5336 donec
404 5272 623 5346 satisfaciant,
640 5275 829 5335 arceantur.
1136 5271 1187 5334 est
1201 5287 1260 5349 per
1275 5274 1344 5333 tres
1361 5272 1486 5348 primos
1500 5271 1647 5345 abbates,
1666 5272 1936 5344 Laudunensem,

322 5374 446 5433 Verum
468 5387 542 5432 cum
569 5371 683 5448 aliqua
707 5371 924 5433 ecclesiarum
948 5369 1079 5431 vestra·
1135 5369 1385 5431 Florefflensem
1399 5371 1432 5431 et
1446 5370 1722 5442 cuissiacensem,
1741 5385 1851 5431 annua
1868 5369 1937 5430 ibi-

282 5485 357 5533 rum
370 5469 488 5531 abbate
501 5468 635 5547 proprio
648 5467 925 5539 fueritdesiituta,
938 5467 990 5528 vel
1005 5483 1079 5528 oum
1135 5467 1208 5528 dem
1230 5467 1376 5530 visitatio
1392 5467 1468 5542 flat3
1486 5468 1519 5528 et
1539 5466 1567 5528 si
1588 5467 1666 5545 quid
1689 5469 1724 5528 in
1744 5468 1817 5546 ipsa
1833 5466 1931 5529 domo

282 5569 330 5632 ibi
357 5567 485 5630 abbatis
513 5567 632 5629 electio
656 5565 856 5642 regulariter
884 5581 950 5626 non
979 5564 1080 5627 fuerit
1134 5565 1366 5642 corrigendum
1388 5564 1498 5637 fuerit,
1520 5564 1645 5643 absque
1663 5566 1783 5643 majori
1803 5579 1861 5643 per
1876 5579 1936 5626 eos

282 5666 459 5738 celebrata,
487 5665 548 5728 sub
567 5663 672 5743 patris
695 5662 823 5728 abbatis
852 5663 1012 5742 potestate
1039 5678 1079 5726 ac
1134 5663 1305 5727 audientia
1315 5662 1513 5740 corrigatur.
1530 5663 1621 5738 Quod
1642 5663 1670 5725 si
1683 5661 1785 5726 abbas
1801 5662 1839 5726 in
1857 5677 1939 5726 cor-
