4234 6442
274 309 354 404 ‘aa

293 500 382 562 modi
410 498 560 567 Babilon,
582 513 679 576 quam
702 497 809 560 studio
830 495 932 560 multo
956 499 1091 560 curavi-

293 615 368 660 mus
402 598 444 660 ad
479 597 654 659 sanitatem
689 596 856 658 ullatenus
888 598 1089 674 perveniret,

909 339 1086 401 HONORII
1108 341 1153 401 111
1174 343 1324 403 OPERA.

1145 501 1303 574 sentetur,
1322 501 1362 563 ab
1378 518 1417 564 eo
1441 502 1704 566 confirmationis
1727 506 1759 567 et
1779 504 1952 566 benedic-

1145 598 1245 661 tionis
1266 601 1408 677 gratiam
1427 604 1632 680 recepturus,
1658 605 1699 666 ad
1724 607 1820 683 cujus
1844 620 1952 665 amo-

2051 79 2054 152 l

2054 174 2055 228 l

2055 266 2056 306 l

1890 347 1956 406 llo
2056 358 2057 386 l

294 695 441 774 quinimo
464 698 535 772 ejus
558 695 837 773 computruissent
855 694 938 756 adeo
957 696 1092 758 cicatri-
1145 697 1281 766 tionem,
1307 699 1335 758 si
1365 699 1495 775 quando
1520 703 1654 778 propter
1680 718 1837 762 excessus
1867 717 1952 763 suos
2060 724 2061 770 t

293 810 360 866 cae,
382 797 417 855 ul
437 809 552 854 earum
574 793 672 854 foetor
693 793 793 854 etiam
818 791 921 854 laicos
942 793 982 854 ad
1007 810 1093 854 nau-

1146 793 1246 857 fuerit
1260 796 1473 870 amovendus,
1489 799 1677 860 inconsulto
1692 801 1840 862 Romano
1854 803 1954 860 Pon-

293 907 384 954 seam
404 893 609 967 provocaret,
626 891 757 952 demum
774 891 982 952 attendentes
1002 890 1090 952 ferro
1145 892 1234 954 tiflce
1248 893 1438 956 nullatenus
1451 896 1660 973 procedatur.
1677 897 1770 958 Nulli
1781 913 1861 974 ergo
1878 913 1953 958 om·
2062 907 2063 960 t

293 988 414 1050 debere
435 990 575 1050 vulnera
594 989 751 1061 resecari,
776 1005 849 1066 quae
871 988 1091 1050 fomentorum

295 1103 360 1148 non
382 1087 529 1148 sentiunt
552 1087 763 1160 medicinam,
788 1086 972 1148 venerabili
996 1085 1093 1148 fratri

293 1184 334 1244 N.
353 1183 480 1259 Regino
505 1185 660 1262 episcopo
681 1185 759 1247 tunc
778 1185 895 1257 electo,
912 1184 946 1245 et
961 1183 1093 1246 dilectis

294 1281 372 1342 tiliis
387 1281 491 1358 priori
506 1282 613 1344 sancti
629 1282 763 1358 Georgii
778 1284 811 1344 et
828 1284 864 1343 V.
889 1281 1093 1344 subdiacono

294 1381 408 1440 nostro
424 1380 585 1441 canonico
596 1381 781 1442 Veronensi
792 1379 942 1440 dedimus
958 1379 993 1439 in
1003 1395 1094 1441 man·

293 1476 391 1548 datis,
410 1477 525 1539 uttam
548 1480 583 1538 Ε.
601 1477 765 1555 quondam
782 1478 930 1556 ejusdem
949 1476 1014 1539 loci
1029 1477 1093 1538 ab·

293 1573 416 1646 batem,
434 1575 524 1652 quia
545 1575 709 1650 regimine
728 1575 834 1652 ipsius
851 1575 965 1636 nostra
987 1573 1095 1636 fuerat

296 1672 493 1735 auctoritate
515 1675 655 1745 amotus,
678 1690 776 1751 quam
798 1673 898 1734 etiam
914 1673 1093 1733 monachos

296 1771 471 1832 universos
487 1787 546 1848 per
560 1771 628 1832 alia
652 1771 854 1833 monasteria
879 1771 1091 1842 collocantes,

295 1868 405 1929 uirum
421 1868 565 1946 aliquem
587 1869 781 1946 religiosum
805 1869 901 1931 bonae
925 1867 1093 1945 opinionis

295 1967 329 2027 et
352 1965 428 2027 vitm
451 1966 630 2027 sollicitum
647 1968 680 2028 in
703 1966 932 2045 spiritualibus
952 1965 985 2027 et
1004 1965 1093 2026 tem-

296 2062 465 2139 poralibus
485 2064 771 2141 circumspectum,
795 2063 998 2125 monasterio
1013 2079 1095 2139 prae-

297 2160 437 2222 licerent
451 2161 629 2234 antedicto,
651 2163 708 2238 qui
724 2177 837 2222 secum
852 2161 933 2222 uiris
948 2159 1094 2237 pruden-

296 2258 385 2319 tibus
412 2258 445 2320 et
464 2258 631 2334 religiosis
656 2259 835 2336 assumptis
857 2257 1094 2319 monasterium

297 2355 406 2432 ipsum
435 2356 653 2433 spiritualiter
679 2358 712 2417 et
732 2355 961 2434 temporaliter
984 2354 1094 2415 refor-

296 2454 413 2516 maret.
432 2454 495 2526 Qui
509 2453 699 2516 mandatum
711 2453 933 2532 apostolicum
952 2451 1096 2514 fideliter

299 2553 518 2628 exsequentes
533 2551 689 2613 dilectum
706 2551 810 2612 fllium
827 2553 873 2622 S.,
890 2551 1006 2612 domus
1018 2565 1096 2610 ves-

297 2648 357 2710 trae
369 2648 409 2710 de
419 2650 551 2710 Verona
564 2649 720 2726 priorem,
735 2651 843 2711 uirum
858 2649 969 2726 utique
983 2648 1096 2726 provi-

297 2745 374 2806 dum
390 2747 423 2808 et
436 2746 622 2818 honestum,
637 2747 700 2824 ipsi
714 2746 915 2808 monasterio
931 2745 1095 2823 praefece-

296 2844 386 2916 runt,
405 2844 616 2922 injungentes
638 2843 756 2917 eidem,
779 2846 814 2906 ut
828 2844 869 2904 ad
885 2843 994 2904 minus
1012 2841 1098 2903 duo-

298 2939 405 3001 decim
451 2940 533 3002 viris
577 2939 706 3000 idoneis
755 2941 796 3000 de
833 2939 948 3000 ordine
985 2939 1095 3000 vestro

301 3037 481 3112 assumptis
503 3036 543 3096 ad
571 3037 718 3112 ejusdem
746 3037 1016 3098 reformationem
1042 3033 1096 3096 iu-

272 3149 274 3154 ·
298 3134 449 3196 tenderet
464 3133 606 3195 sollicite
621 3136 654 3194 et
667 3133 858 3210 prudenter.
883 3132 986 3194 Nobis
1007 3132 1098 3195 nihi-

298 3231 441 3292 lominus
465 3247 525 3308 per
550 3247 628 3291 suas
652 3231 791 3302 litteras
822 3233 907 3310 quod
937 3231 1094 3318 fecerant,

298 3328 503 3401 intimantes,
521 3331 557 3391 ut
571 3345 686 3392 eorum
700 3345 875 3406 processus
898 3345 957 3406 per
976 3345 1102 3406 appro-

299 3425 466 3488 bationem
482 3428 629 3488 nostram
641 3427 855 3490 stabilitatem
869 3427 1012 3490 debitam
1024 3443 1098 3489 sor-

298 3525 429 3587 tiretur.
446 3525 600 3587 Volentes
619 3525 720 3602 igitur
735 3525 783 3588 sic
800 3525 948 3604 ejusdem
963 3541 1099 3586 monas·

297 3622 375 3683 terii
387 3622 616 3686 reformationi
632 3639 672 3684 ac
694 3623 794 3685 statui
810 3623 995 3700 providere,
1011 3623 1097 3701 quod

296 3735 339 3781 ex
352 3719 414 3781 hoc
422 3721 492 3797 juri
503 3720 701 3797 apostolica
717 3720 823 3792 Sedis,
837 3720 877 3780 ad
892 3736 990 3797 qnam
1006 3720 1097 3782 nullo

297 3817 405 3877 medio
421 3818 587 3893 pertinet,
607 3817 741 3878 minime
755 3816 943 3894 derogetur,
961 3816 1001 3878 de
1024 3815 1096 3877 fra-

297 3915 385 3975 trum
420 3914 608 3974 nostrorum
643 3914 784 3975 consilio
813 3914 923 3990 ipsum
952 3915 1097 3990 priorem

298 4010 515 4072 concedentes
537 4010 625 4071 dicto
649 4011 853 4072 monasterio
874 4011 908 4071 in
932 4008 1095 4083 abbatem,

300 4107 436 4170 liberam
465 4109 612 4186 ejusdem
642 4109 836 4170 monasterii
858 4109 1097 4171 correctionem

299 4207 333 4268 et
355 4207 487 4286 plenam
509 4206 581 4280 tibi,
601 4207 647 4267 illi
676 4208 778 4284 prior,
795 4208 828 4269 et
851 4207 1097 4270 successoribus

297 4305 364 4366 tuis
398 4305 553 4366 duximus
587 4304 872 4377 committendam,
907 4304 954 4366 ita
986 4306 1098 4368 tamen

297 4401 394 4479 quud,
412 4402 467 4480 qui
479 4419 537 4479 pro
550 4403 697 4478 tempore
711 4401 810 4463 fuerit
821 4401 945 4464 electus
960 4403 1095 4475 ibidem,

298 4503 446 4562 Romano
463 4500 615 4561 Pontifici
631 4500 860 4575 praesentetur,
876 4499 918 4560 ab
931 4516 969 4560 eo
982 4501 1099 4561 contir-

299 4597 453 4658 mationis
473 4599 505 4658 et
518 4595 761 4658 benedictionis
782 4597 924 4672 gratiam
944 4600 1099 4674 receptu-

297 4709 366 4755 rus.
381 4693 429 4754 Ad
446 4695 540 4770 cujus
556 4693 766 4766 amotionem,
777 4693 806 4754 si
817 4695 948 4771 quando
964 4696 1099 4772 propter

298 4807 455 4854 excessus
484 4807 561 4853 suos
597 4790 696 4853 fuerit
723 4792 943 4860 amovendus,
979 4792 1100 4853 incon-

299 4890 385 4952 sulto
401 4891 550 4952 Romano
562 4889 722 4952 Pontifice
738 4889 926 4952 nullatenus
937 4890 1099 4966 proceda-

299 4991 364 5051 tur.
381 4990 500 5050 Datum
514 4989 637 5066 Signiae
652 4991 711 5050 Vll
726 4987 793 5049 kal.
810 4988 874 5050 oct.
889 4988 1098 5066 pontificatus

299 5087 406 5148 nostri
418 5104 506 5149 anno
522 5087 607 5149 XVI.

338 5186 408 5246 Nos
425 5185 528 5262 igitur
547 5185 694 5263 ejusdem
717 5184 973 5262 praedecessoris
990 5183 1098 5246 'nostri

299 5282 450 5359 vestigiis
471 5283 673 5345 inhaerentes
693 5281 832 5343 liberam
856 5283 1004 5359 ejusdem
1025 5297 1099 5342 mo·

299 5381 439 5443 naslerii
468 5382 709 5443 correctionem
736 5381 769 5440 et
796 5379 928 5456 plenam
952 5379 1024 5451 tibi,
1051 5377 1099 5439 fili

298 5479 401 5557 prior,
418 5482 450 5541 et
469 5479 719 5541 successoribus
740 5476 807 5538 tuis
832 5476 988 5538 duximus
1009 5493 1099 5537 com-

300 5577 505 5649 mittendam,
522 5577 568 5638 ita
581 5577 693 5638 tamen
709 5573 794 5651 quod
809 5575 862 5652 qui
880 5591 940 5652 pro
952 5575 1100 5651 tempore

300 5674 403 5738 fuerit
412 5675 538 5738 electus
548 5673 682 5746 ibidem,
696 5673 845 5736 Romano
855 5671 1008 5735 Pontifici
1019 5687 1101 5750 prae·

1147 990 1225 1051 nino
1254 991 1435 1066 bominum,
1465 995 1526 1055 etc.
1559 995 1703 1072 Siquis
1734 996 1795 1056 etc.
1824 996 1952 1056 Datum
2063 999 2064 1038 ³

1147 1089 1318 1164 Anagniae,
1339 1092 1370 1151 X
1391 1090 1458 1152 kal.
1482 1091 1572 1170 julii,
1599 1091 1809 1170 pontificatus
1837 1094 1955 1156 nostri
2064 1099 2066 1188 ]

1147 1203 1235 1248 anno
1250 1188 1370 1265 primo.

1451 1351 1646 1439 dccxcv

1146 1503 1200 1563 Ad
1222 1487 1391 1567 decanatui
1408 1504 1526 1566 Sancti
1544 1506 1758 1566 Wotmbatdt
1778 1505 1812 1566 et
1826 1507 1958 1567 Sattctt'

1187 1601 1307 1674 Reptttt
1329 1615 1370 1661 ac
1384 1601 1502 1662 Soractt
1530 1603 1743 1664 braimbatdt
1766 1604 1959 1678 Sploanec-
2070 1642 2071 1646 =

1189 1697 1307 1758 teraris.

1450 1793 1484 1850 tl
1493 1793 1555 1866 jun.
1571 1793 1656 1852 12¹7.

1188 1907 1319 1972 [doublet
1330 1905 1394 1958 llist.
1406 1907 1439 1958 de
1450 1907 1605 1972 l‘abbaysde
1613 1907 1787 1967 saint-banis,
1798 1923 1823 1973 p.
1834 1909 1905 1974 aaa]

1149 2024 1294 2082 predictis
1304 2022 1422 2082 decanis
1436 2023 1553 2082 mandat
1562 2023 1692 2083 Pontifex
1701 2033 1732 2083 ut
1742 2024 1859 2083 audiant
1872 2039 1950 2082 cau-

1183 2128 1246 2172 sam
1260 2113 1333 2170 inter
1347 2120 1520 2171 coruveutum
1536 2113 1632 2172 Sancti
1647 2113 1775 2188 Dionysii
1797 2121 1826 2171 et
1840 2113 1953 2171 archie-

1185 2201 1334 2275 piscopum
1346 2201 1541 2258 senonensem
1554 2209 1693 2272 exortam,
1712 2216 1835 2275 eamque
1847 2204 1955 2276 appel-

1184 2291 1290 2348 latione
1305 2297 1413 2346 remota
1431 2290 1592 2348 terminent.

1189 2417 1551 2494 Honorius-episcopus,
1565 2433 1681 2480 servus
1690 2433 1861 2480 servorum
1874 2419 1951 2492 Dei,

1150 2515 1280 2576 dilectis
1303 2514 1381 2576 tiliis
1402 2515 1528 2577 decano
1549 2517 1657 2578 sancti
1675 2515 1889 2585 Fraimbaldi,
1911 2517 1947 2578 et

1150 2612 1258 2673 sancti·
1269 2611 1399 2688 Reguli,
1416 2626 1455 2674 ac
1476 2613 1583 2675 sancti
1600 2611 1780 2674 Franbaldi
1794 2613 1948 2676 cantori-

1149 2709 1215 2770 bus
1234 2709 1505 2782 Silvanectensis,
1522 2710 1662 2772 salutem
1682 2711 1715 2772 et
1731 2710 1951 2787 apostolicam

1149 2807 1425 2870 benedictionem.

1191 2904 1372 2977 Querelam
1386 2905 1586 2968 dilectorum
1602 2906 1746 2968 tiliorum
1765 2904 1892 2967 abbatis
1912 2908 1950 2967 et

1151 3005 1340 3064 conventus·
1356 3003 1470 3064 Sancti
1492 3003 1642 3082 Dionysii
1661 3003 1847 3080 recepimus
1866 3018 1951 3065 con-

1150 3100 1323 3172 tinentem,
1349 3099 1436 3176 quod
1464 3100 1666 3162 venerabilis
1701 3100 1807 3162 trater
1836 3102 1953 3162 noster

1153 3197 1354 3260 senonensis
1376 3197 1657 3276 archiepiscopus,
1683 3200 1717 3260 et
1738 3199 1871 3276 quidam
1890 3197 1952 3260 alii

1152 3295 1394 3372 archiepiscopi
1408 3297 1441 3358 et
1454 3297 1602 3374 episcopi
1614 3311 1672 3374 per
1683 3312 1822 3373 regnum
1838 3299 1950 3358 Frau-

1151 3393 1213 3455 ciae
1235 3394 1418 3465 constituti,
1444 3393 1485 3455 ab
1505 3410 1620 3456 eorum
1644 3395 1805 3456 maneriis
1827 3395 1863 3456 in
1877 3395 1949 3455 suis

1152 3490 1351 3553 dioecesibus
1379 3491 1497 3569 positis
1520 3492 1772 3569 procurationes
1795 3493 1947 3554 insolitas

1151 3588 1300 3664 exigunt,
1314 3589 1438 3665 injuste
1453 3588 1486 3650 et
1500 3589 1656 3662 indebite,
1670 3593 1832 3666 quatenus
1845 3589 1951 3666 parti-

1152 3684 1213 3746 bus
1226 3687 1418 3748 convocatis
1429 3686 1573 3748 audiatis
1587 3703 1736 3759 causam,
1751 3689 1785 3749 et
1798 3687 1948 3764 appella-

1152 3783 1242 3844 tione
1265 3784 1396 3846 remota
1414 3784 1586 3845 mediante·
1597 3785 1729 3861 justitia
1752 3784 1948 3856 terminetis,

1152 3879 1311 3942 facientes
1325 3882 1410 3958 quod
1426 3882 1602 3942 statuimus
1621 3897 1870 3959 percensuram
1894 3897 1954 3943 ec-

1152 3979 1373 4041 clesiasticam
1392 3978 1533 4041 firmiter
1553 3979 1743 4041 observare.
1759 3979 1874 4042 Testes
1889 3995 1953 4040 au-

1151 4077 1218 4138 tem
1233 4077 1289 4154 qui
1304 4074 1428 4137 fuerint
1442 4076 1604 4138 nominati
1619 4077 1648 4137 si
1667 4093 1703 4138 se
1715 4077 1843 4153 gratia,
1858 4076 1946 4148 odio,

1151 4174 1205 4236 vel
1220 4173 1340 4234 timore
1355 4171 1591 4245 subtraxerint,
1604 4189 1664 4250 per
1678 4189 1854 4236 censuram
1865 4189 1952 4235 eam·

1152 4271 1237 4342 dem,
1255 4272 1405 4331 cessante
1419 4269 1652 4346 appellatione,
1669 4271 1802 4347 cogatis.
1817 4271 1953 4332 veritati

1152 4368 1377 4431 testimonium
1391 4368 1577 4445 perhibere.
1595 4368 1688 4440 Quod
1708 4369 1741 4429 si
1754 4385 1824 4430 non
1836 4383 1953 4431 omnes

1153 4466 1194 4527 iis
1207 4465 1426 4543 exsequendis
1441 4465 1591 4542 poteritis
1608 4467 1787 4539 interesse,
1799 4466 1864 4527 duo
1880 4481 1954 4527 ves·

1152 4564 1241 4626 trum
1261 4579 1301 4624 ea
1325 4562 1542 4624 nihilominus
1567 4564 1803 4641 exsequanttu.
1835 4564 1954 4625 Datum

1152 4661 1312 4738 Anagniae
1332 4662 1407 4722 Vlll
1436 4661 1503 4722 kal.
1527 4660 1589 4738 jul.
1613 4661 1824 4738 pontificatus
1846 4661 1953 4722 nostri

1153 4774 1242 4821 anno
1257 4757 1376 4835 primo.

1447 4927 1662 5036 uucxuu

1187 5090 1238 5149 Ad
1251 5090 1426 5150 Simonem
1441 5091 1637 5164 episcopum
1660 5089 1917 5152 Varadtensem.

1449 5220 1483 5277 27
1496 5219 1558 5292 jun.
1575 5220 1655 5279 tart.

1186 5341 1279 5408 [Fajen
1288 5341 1372 5392 Codex
1382 5341 1563 5408 diplomaticus
1577 5343 1721 5406 ilungaris,
1733 5349 1754 5394 t.
1765 5344 1807 5402 lll,
1816 5359 1842 5409 p.
1853 5343 1921 5406 m]

1167 5459 1310 5517 Honorius
1325 5458 1492 5531 episcopum
1502 5457 1722 5528 Varadiensem,
1734 5457 1771 5516 ob
1783 5459 1935 5532 pecuniam

1278 5561 1329 5620 pro
1342 5547 1370 5604 S.
1387 5546 1546 5606 chrismate
1561 5553 1713 5618 extortam,
1724 5548 1825 5622 carpit.

1195 5672 1362 5736 Honorius
1374 5671 1559 5751 episcopus,
1572 5687 1687 5737 servus
1697 5665 1867 5736 servorum
1877 5669 1949 5748 bei,
