4234 6408
380 254 439 318 179
995 257 1171 321 HONORII
1192 257 1238 318 III
1259 257 1407 320 OPERA.
1969 258 2026 319 180
2092 261 2093 296 ³

381 415 559 492 utrumque
577 413 754 492 inquiratis
776 414 1031 491 diligentissime
1049 417 1176 479 verita·
1225 419 1393 495 jussuum
1412 428 1525 477 coram
1537 409 1671 476 domino
1685 409 1774 476 leodi
1795 414 1952 492 prosequi
1971 416 2028 480 de-

380 513 448 574 tem
464 514 581 590 atquae
597 512 762 574 invenerit
777 513 918 576 fideliter
937 513 1127 592 redigentes
1140 515 1176 574 in
1229 512 1521 591 buisset,praeiatae
1533 511 1654 574 litterae
1678 527 1745 574 non
1758 511 1915 574 valebant
1929 530 2027 590 quum

382 609 527 687 scriptis,
553 625 593 671 ea
614 609 674 670 sub
695 611 816 672 vestris
831 610 950 687 sigillis
965 611 1006 672 ad
1028 613 1175 674 nostram
1230 629 1297 674 non
1312 611 1436 674 saciant
1449 611 1649 672 mentionem
1665 609 1751 687 quod
1771 608 1860 671 leodi
1875 611 2027 674 dominus

337 703 340 710 ’
382 708 594 785 praesentiam
618 709 861 781 transmittatis,
886 710 922 771 ut
947 726 1007 787 per
1032 711 1177 771 vestram
1231 711 1331 772 fuerit
1349 709 1539 786 requisitus,
1556 708 1679 784 etipse
1698 708 1733 768 in
1753 707 1943 770 exhibenda
1967 711 2028 772 sibi

382 805 579 867 relationem
594 805 747 868 instructi
773 807 808 867 in
832 807 964 883 negotio
988 807 1072 884 ipso,
1097 823 1179 868 auc·
1227 808 1356 886 justitia
1384 807 1532 869 extiterit
1560 806 1732 882 negligens
1764 805 1818 868 vel
1848 807 2026 885 remissus3

383 901 456 964 tore
471 902 622 974 Domino,
634 902 861 979 procedamus
879 903 976 982 prout
984 903 1041 964 ille
1056 904 1113 981 qui
1123 902 1179 964 dat
1233 903 1531 982 subjungensquod
1542 903 1666 965 eaedem
1676 903 1807 977 litterae,
1817 903 2031 966 falsitateex-

386 999 539 1062 omnibus
552 999 726 1062 affluenter
738 999 772 1062 et
784 1016 851 1062 non
866 1000 1070 1077 improperat
1083 999 1178 1062 nobis
1233 1018 1358 1081 pressa,
1375 1001 1499 1065 tuerint
1512 1001 1708 1078 impetratae,
1725 1017 1764 1063 eo
1779 1001 1865 1079 quod
1888 1018 2030 1078 sugges-

388 1096 496 1160 adsui
510 1097 653 1158 nominis
671 1097 831 1159 honorem
856 1099 888 1160 et
908 1097 1049 1175 gloriam
1069 1098 1178 1176 inspi-
1233 1103 1303 1164 tum
1311 1100 1419 1162 fuerat
1429 1099 1573 1161 castrum
1581 1099 1662 1160 illud
1673 1099 1714 1160 ad
1723 1099 1872 1161 eamdem
1880 1101 2031 1176 reginam

387 1194 485 1257 rabit.
507 1193 598 1265 Quod
618 1194 647 1255 si
669 1211 736 1256 non
759 1211 874 1256 omnes
897 1194 950 1256 his
977 1195 1180 1273 exequendis
1234 1200 1364 1261 ratione
1378 1199 1520 1261 dotalitii
1547 1198 1734 1274 pertinere;
1758 1213 1858 1274 quum
1893 1213 1954 1260 neo
1989 1198 2028 1260 ab

388 1288 563 1367 potueritis
577 1292 752 1366 interesse,
775 1291 812 1354 tu
832 1292 1001 1364 salrator
1015 1294 1179 1371 episcope,
1235 1297 1344 1370 111111,
1359 1312 1421 1358 111
1442 1295 1581 1357 durante
1602 1295 1813 1356 matrimonio
1832 1310 1853 1356 a
1871 1295 1944 1357 viro
1968 1295 2033 1356 sibi

387 1403 597 1450 cumeorum
618 1389 723 1452 altero
738 1390 958 1451 nihilominus
972 1391 1179 1468 exsequaris.
1236 1394 1337 1456 suerit
1359 1395 1394 1455 in
1418 1394 1595 1456 donatione
1616 1394 1750 1471 propter
1763 1392 1897 1469 nuptias
1918 1392 2031 1468 assig-

386 1484 507 1547 Datum
535 1486 701 1559 Laterani,
735 1490 810 1550 XVI
840 1487 973 1550 kalend.
1007 1487 1180 1560 februarii,
1237 1493 1361 1554 natum.
1378 1492 1426 1553 Ad
1445 1491 1518 1553 haec
1537 1491 1646 1553 autem
1667 1489 1730 1552 luit
1750 1507 1794 1552 ex
1814 1489 1907 1566 parte
1927 1490 2033 1566 ipsius

387 1583 598 1660 pontificatus
613 1584 718 1648 nostri
731 1586 949 1663 annoprimo.
1237 1591 1363 1666 reginae
1393 1604 1599 1666 responsum,
1636 1587 1722 1665 quod
1756 1587 1858 1648 vidua
1892 1587 2033 1664 spoliata

1238 1687 1428 1764 irrequisito
1456 1686 1544 1748 leodi
1565 1685 1710 1758 domino,
1736 1685 1948 1762 spoliatorem
1975 1701 2034 1746 seu

1239 1785 1441 1847 detentorem
1464 1783 1513 1846 rei
1539 1799 1651 1848 coram
1679 1783 1906 1844 ecclesiastico
1922 1783 2034 1860 judice

1239 1869 1368 1961 poterat
1380 1881 1568 1954 convenire,
1582 1885 1678 1959 quus
1692 1880 1832 1942 interest
1843 1880 1961 1942 viduas
1977 1879 2035 1941 de-

1239 1980 1383 2053 fensare,
1400 1995 1461 2042 nec
1482 1978 1585 2052 obest,
1602 1978 1689 2056 quod
1708 1977 1772 2039 sibi
1794 1979 1940 2041 castrum
1954 1977 2035 2037 illud

1240 2095 1261 2140 a
1283 2078 1357 2140 viro
1376 2078 1581 2154 assignatum
1604 2091 1671 2138 non
1692 2075 1811 2149 iuerat,
1838 2091 1913 2136 cum
1937 2074 2036 2136 clarae

1241 2176 1409 2238 memoriae
1434 2178 1580 2237 loannes
1608 2190 1671 2236 rex
1697 2173 1837 2250 Angliae,
1865 2173 1975 2234 baeres
2007 2173 2039 2233 et

720 1827 853 1914 CXLV

453 2033 506 2092 Ad
530 2031 822 2105 archiepiscopum
844 2030 879 2092 et
901 2033 1068 2092 decanum
1093 2031 1128 2093 ct

525 2131 805 2190 archidiaconum
824 2133 1048 2190 Toronenses.

688 2249 794 2324 171111·
812 2249 890 2309 ¹²¹⁷·
1242 2289 1414 2336 successor
1438 2273 1504 2334 viri
1532 2272 1600 2344 sui,
1628 2272 1773 2334 castrum
1803 2269 1980 2348 praeiatum
2004 2269 2038 2330 in

422 2379 543 2445 [liegest.,
553 2377 598 2431 lib.
614 2379 634 2430 1.
647 2379 721 2444 epist.
738 2379 792 2431 too.
809 2381 867 2432 llss.
880 2382 917 2432 La
928 2381 1004 2432 Porte
1016 2379 1051 2430 du
1063 2379 1157 2445 Thell]

392 2539 425 2597 ln
452 2553 538 2597 causa
565 2540 746 2612 berengariae
772 2547 870 2597 contra
897 2541 951 2599 W.
981 2538 1016 2598 de
1048 2538 1188 2598 Gucrchia

428 2626 605 2684 detentorem
628 2628 714 2685 castri
735 2629 835 2702 segrei
854 2629 964 2686 ratione
983 2627 1102 2686 dotalitii
1123 2644 1186 2701 per·

428 2715 544 2775 lineriis
559 2715 594 2774 ad
609 2717 701 2789 ipsam
717 2731 773 2790 quo
791 2732 842 2790 per
860 2731 927 2775 curn
946 2715 1039 2775 iuerat
1056 2717 1188 2792 spoliata,

427 2805 637 2882 mandatadat.

432 2967 611 3041 Honorius,
635 2967 709 3040 etc,
725 2967 909 3030 venerabili
933 2967 1028 3030 tratri
1053 2968 1189 3030 archie-

393 3065 528 3144 piscopo
544 3067 577 3128 et
592 3065 721 3128 dilectis
736 3065 814 3126 tlliis
830 3066 955 3128 decano
975 3067 1008 3128 ct
1021 3065 1191 3128 archidia-

1243 2371 1472 2433 concambium
1495 2386 1554 2447 pro
1578 2369 1655 2430 aliis
1675 2367 1775 2430 rebus
1798 2367 2038 2430 dotalitialihus

1243 2470 1349 2531 eidem
1365 2468 1576 2541 concesserit,
1591 2469 1624 2530 et
1637 2468 1711 2543 ipsa
1722 2465 1804 2527 illud
1820 2464 1877 2526 diu
1891 2481 1952 2542 pro
1967 2465 2038 2526 dote

1243 2567 1380 2644 pacifice
1394 2565 1606 2644 possedisset.
1628 2564 1677 2626 Ad
1700 2565 1772 2626 haec
1793 2563 1903 2626 autem
1919 2562 1983 2624 luit
1999 2577 2038 2622 ex

1244 2665 1336 2742 parte
1358 2664 1463 2742 ipsius
1488 2663 1610 2725 nobilis
1638 2661 1846 2739 replicatum,
1870 2659 1958 2736 quod
1982 2675 2040 2720 rex

1244 2762 1420 2839 praedictus
1441 2762 1550 2822 haeres
1564 2776 1630 2823 non
1645 2759 1755 2820 iuerat
1768 2758 1858 2834 regis
1873 2756 2037 2826 Riccardi,

1244 2875 1306 2921 nec
1317 2859 1469 2921 dominus
1480 2859 1692 2934 Andagaven.
1707 2855 1766 2918 sed
1778 2855 1929 2933 eJ'usdem
1942 2853 2039 2916 castri

1244 2959 1358 3035 raptor
1376 2957 1485 3034 potius
1508 2956 1541 3018 et
1561 2957 1708 3027 invasor,
1734 2955 1767 3016 et
1787 2953 1835 3014 ita
1855 2955 1931 3029 jus,
1956 2949 2039 3030 quod

1243 3056 1316 3132 ipse
1349 3070 1555 3132 nequaquam
1590 3051 1724 3124 habuit,
1757 3049 1941 3113 transferre
1979 3065 2040 3110 non

392 3178 477 3226 cono
494 3166 660 3225 Turonen.
1245 3151 1371 3230 potuit
1362 3169 1397 3212 m
1409 3153 1569 3228 reginam.
1580 3151 1630 3213 Ad
1643 3149 1727 3228 quod
1741 3149 1790 3210 sic
1804 3163 1881 3225 pars
1895 3146 2041 3225 ejusdem

432 3263 482 3322 Ex
504 3261 598 3340 parte
620 3261 802 3324 carissimae
822 3261 857 3323 in
877 3259 1008 3324 Christo
1030 3261 1108 3323 1111ae
1127 3264 1191 3323 ΒΘ.
1246 3251 1371 3326 reginae
1399 3249 1581 3326 respondit,
1600 3247 1686 3326 quod
1706 3246 1821 3308 contra
1845 3245 2041 3322 rescriptum

391 3358 567 3436 rengariae,
579 3359 744 3436 quondam
755 3360 884 3436 Angliae
895 3359 1022 3436 reginae
1036 3359 1188 3432 illustris
1246 3348 1396 3426 exceptio
1409 3347 1599 3425 huJusmodr
1609 3362 1676 3407 non
1686 3343 1828 3416 valebat
1844 3359 1906 3405 nec
1921 3341 2041 3404 habere

392 3455 456 3519 fuit
481 3458 685 3534 propositum
713 3473 824 3519 coram
859 3457 966 3530 nohis,
992 3457 1079 3534 quod
1116 3473 1191 3519 cum
1246 3445 1385 3508 debebat
1399 3445 1538 3507 locum
1529 3461 1566 3506 11
1587 3443 1805 3522 possessorio,
1823 3441 1909 3518 quod
1931 3439 2042 3502 eadem

269 3573 273 3580 ·
393 3554 538 3617 nobilem
552 3556 662 3618 virum
677 3557 730 3618 W.
747 3555 787 3616 de
800 3555 966 3616 Guercltia
987 3555 1191 3617 detentorem
1246 3543 1510 3606 contradictum
1536 3542 1680 3603 n0bilem
1701 3538 1897 3602 intentabat·
1922 3541 2042 3600 Verum

392 3653 495 3715 castri
521 3653 635 3729 segrei
663 3653 793 3715 ratione
822 3653 965 3715 dotalitii
995 3652 1191 3730 pertinentis
1246 3659 1304 3705 vos
1327 3657 1426 3703 aures
1450 3639 1640 3718 huJ‘usmodi
1653 3636 1905 3715 exceptionibus
1918 3634 2043 3696 frivolis

392 3749 435 3810 ad
448 3747 576 3828 [ipsam
592 3766 657 3826 quo
673 3767 732 3828 per
750 3767 825 3811 enrn
843 3752 895 3812 vel
919 3753 991 3828 ejus
1013 3749 1192 3827 complices
1247 3739 1451 3812 adhibentes,
1473 3739 1509 3798 in
1526 3735 1702 3814 principali
1717 3733 1850 3810 1111111110
1865 3731 2043 3810 Ρΐθῦθΰθῐθ

393 3846 508 3907 contra
520 3847 684 3923 jmtitiam
698 3845 807 3908 ruerat
828 3848 979 3924 spoliata,
994 3847 1193 3910 auctoritate
1247 3837 1407 3898 hactenus
1449 3835 1623 3898 distulistis
1658 3834 1694 3894 in
1734 3831 1882 3909 ejusdem
1921 3831 2045 3906 reginae

393 3941 489 4006 bonae
508 3943 678 4004 memoriae
693 3944 877 4004 innocentii
894 3960 988 4020 papae
1003 3944 1192 4022 praedeoes-
1247 3950 1427 4010 gravamen
1451 3949 1517 3995 non
1541 3932 1706 3994 modicum
1730 3930 1762 3991 ct
1782 3929 1961 4006 jacturam.
1980 3929 2044 3988 Nos

395 4039 482 4102 soris
494 4039 600 4102 nostri
613 4055 725 4102 coram
737 4038 833 4100 vobis
846 4056 947 4117 super
961 4039 1023 4100 hoc
1035 4040 1194 4102 traxisset
1247 4031 1498 4094 verovolentes
1527 4029 1667 4091 utfinis
1699 4027 1812 4090 litibus
1843 4026 2043 4102 imponatur,

394 4137 430 4200 in
451 4153 606 4214 causam;
628 4136 735 4200 dictus
755 4137 876 4199 nobilis
900 4137 1095 4214 excipiendo
1116 4153 1194 4214 pro-
1248 4128 1441 4192 discretioni
1468 4129 1588 4190 vestrae
1615 4141 1676 4203 per
1702 4123 1895 4201 apostolica
1925 4122 2046 4198 scripta

392 4236 515 4314 posuit,
538 4236 624 4313 quod
651 4233 770 4297 litterae
784 4233 983 4312 apostolicae
1008 4249 1075 4295 non
1094 4235 1192 4296 vale·
1248 4226 1470 4308 praecipiendo
1490 4224 1696 4294 mandamns,
1718 4222 1882 4300 quatenus
1904 4220 1932 4281 si
1954 4218 2046 4282 vobis

392 4331 473 4396 bant
493 4349 552 4412 pro
574 4350 625 4406 eo,
651 4332 736 4410 quod
759 4332 905 4394 castrum
929 4332 1114 4404 ouerchiae,
1136 4332 1194 4394 ubi
1249 4325 1435 4388 constiterit
1452 4322 1575 4385 dictum
1596 4321 1742 4383 nobilem
1762 4319 1892 4380 terram
1906 4317 2048 4379 1111111-

392 4433 445 4494 111
458 4434 531 4509 ejus
545 4431 749 4492 domicilium
770 4429 966 4507 principale,
983 4429 1136 4493 consistit
1157 4429 1193 4490 in
1249 4425 1375 4485 sionem
1399 4421 1523 4482 habere
1543 4419 1579 4480 in
1599 4418 1814 4494 andegaven.
1840 4415 1995 4486 dimersi,
2016 4413 2049 4473 in

394 4529 530 4590 dioecesi
553 4529 722 4590 Redonen.
728 4544 826 4605 ,quae
841 4527 928 4589 ultra
950 4527 1033 4589 duas
1051 4527 1193 4590 dietasa
1249 4537 1313 4598 qua
1334 4518 1501 4582 interdum
1526 4515 1698 4578 consuevit
1716 4513 1928 4584 commorari,
1945 4513 1980 4573 et
1995 4513 2049 4586 ip-

394 4625 537 4687 Turonis
558 4625 609 4686 est
631 4623 774 4698 remota;
806 4623 893 4684 unde
916 4624 985 4685 illic
1010 4624 1101 4686 trahi
1128 4639 1194 4686 non
1231 4634 1322 4679 sarn
1345 4616 1516 4678 dioecesim
1540 4629 1561 4675 a
1587 4613 1730 4674 Turonis
1757 4611 1843 4672 ultra
1872 4611 1955 4671 duas
1985 4623 2051 4668 non

395 4723 525 4804 poterat
552 4721 732 4783 secundum
756 4720 1027 4782 constitutionem
1054 4721 1194 4782 Concilii
1249 4715 1350 4778 distet
1370 4713 1488 4785 dietas,
1513 4711 1606 4774 1111
1633 4710 1749 4771 eadem
1775 4708 1956 4784 litigiosum
1981 4720 2049 4766 rem

395 4819 573 4898 generalis.
590 4822 712 4882 Verum
734 4818 929 4895 replicatum
953 4816 1017 4879 luit
1037 4834 1080 4879 ex
1101 4817 1195 4895 parte
1250 4829 1339 4884 1111,
1365 4827 1432 4873 non
1464 4807 1672 4872 obstantibus
1699 4805 1950 4882 exceptionibus
1977 4803 2051 4864 aliis

394 4918 539 4996 reginae,
570 4917 658 4995 quod
684 4917 773 4976 idem
797 4914 918 4977 nobilis
943 4916 1087 4977 Turonis
1113 4917 1195 4977 satis
1249 4927 1323 4988 quae
1334 4927 1369 4970 rn
1380 4908 1535 4987 petitorio
1549 4905 1659 4984 potrus
1679 4919 1777 4981 quam
1796 4919 1832 4964 rn
1846 4915 2052 4980 possessorio

394 5016 524 5096 poterat
546 5013 728 5086 conveniri,
747 5029 821 5076 cum
844 5029 910 5075 non
940 5013 1046 5074 solum
1067 5013 1193 5075 Redon
1250 5008 1358 5069 locum
1391 5005 1514 5068 habere
1548 5003 1718 5074 videntur,
1748 5003 1784 5062 in
1811 5001 1886 5077 ipso
1919 4997 2053 5074 negotio

396 5115 454 5178 sed
479 5114 578 5175 etiarn
602 5112 755 5174 dioecesis
781 5111 993 5186 Andagaven.
1008 5111 1142 5179 existat,
1157 5125 1195 5172 eo
1246 5107 1343 5183 Juxta
1358 5105 1507 5182 priorum
1522 5100 1760 5164 continentiam
1775 5096 1974 5167 litterarum,
1994 5112 2053 5156 su-

395 5213 504 5292 quod
495 5229 531 5273 in
543 5211 617 5290 ipsa
631 5212 741 5273 castra
754 5211 787 5272 et
799 5209 948 5270 redditus
961 5209 1073 5286 plures
1084 5207 1194 5281 habet,
1250 5203 1339 5265 blato
1362 5201 1540 5279 cujuslibet
1566 5196 1838 5260 contradictionis
1853 5197 1887 5258 et
1901 5195 2054 5271 appella-

395 5312 429 5373 et
462 5311 618 5382 castrum,
649 5309 689 5370 de
718 5323 783 5387 quo
812 5306 950 5384 quaestio
976 5306 1077 5369 vertit
1078 5322 1135 5378 ur,
1161 5307 1196 5367 in
1250 5301 1351 5363 tionis
1367 5299 1550 5372 obstaculo,
1565 5297 1695 5359 ratione
1710 5310 1836 5372 praetra
1849 5291 2051 5372 procedatis

397 5408 512 5470 eadem
547 5407 708 5472 consistat
742 5405 889 5477 dioecesi‚
925 5420 997 5482 quae
1024 5419 1044 5465 a
1070 5407 1193 5466 Turon
1251 5399 1454 5483 praeceptum
1484 5395 1705 5474 apostolicum
1731 5391 1844 5454 taliter
1872 5388 2054 5467 impleturi,

399 5519 608 5584 nequaquam
632 5503 720 5567 ultra
746 5503 919 5565 duodecim
933 5501 1072 5578 leugues
1085 5501 1194 5566 distat.
1252 5498 1338 5580 quol
1318 5496 1468 5559 eadem
1492 5493 1610 5570 regina
1635 5505 1696 5568 pro
1721 5487 1853 5552 deiectu
1878 5487 1995 5550 vestro
2016 5483 2055 5544 ad

399 5603 489 5666 ldern
512 5619 592 5667 vero
613 5602 736 5680 adjecit
757 5600 843 5679 qnod
868 5616 942 5662 cum
970 5599 1057 5662 dicta
1081 5600 1197 5677 regina
1252 5613 1313 5662 nos
1328 5594 1484 5658 laborare
1499 5590 1640 5654 ulterius
1663 5603 1731 5652 non
1754 5586 1903 5664 cogatur,
1919 5599 1985 5648 nec
2001 5599 2057 5644 vos
