<?xml version="1.0" encoding="UTF-8"?>
<!DOCTYPE html PUBLIC "-//W3C//DTD XHTML 1.0 Transitional//EN"
    "http://www.w3.org/TR/xhtml1/DTD/xhtml1-transitional.dtd">
<html xmlns="http://www.w3.org/1999/xhtml" xml:lang="en" lang="en">
 <head>
  <title>
</title>
<meta http-equiv="Content-Type" content="text/html;charset=utf-8" />
  <meta name='ocr-system' content='tesseract 3.04.00' />
  <meta name='ocr-capabilities' content='ocr_page ocr_carea ocr_par ocr_line ocrx_word'/>
</head>
<body>
  <div class='ocr_page' id='page_1' title='image "./mediiaevibiblio02unkngoog_0340.png"; bbox 0 0 4234 6408; ppageno 0'>
   <div class='ocr_carea' id='block_1_1' title="bbox 149 285 1161 357">
    <p class='ocr_par' dir='ltr' id='par_1_1' title="bbox 149 285 1161 357">
     <span class='ocr_line' id='line_1_1' title="bbox 149 285 1161 357; baseline 0.007 -9"><span class='ocrx_word' id='word_1_1' title='bbox 149 285 206 348; x_wconf 76' lang='lat'><strong>19⁷</strong></span> <span class='ocrx_word' id='word_1_2' title='bbox 781 293 1010 356; x_wconf 84' lang='lat' dir='ltr'><strong>EPISTOLAE.</strong></span> <span class='ocrx_word' id='word_1_3' title='bbox 1034 295 1112 356; x_wconf 86' lang='lat' dir='ltr'><strong>LIB.</strong></span> <span class='ocrx_word' id='word_1_4' title='bbox 1137 297 1161 357; x_wconf 93' lang='grc' dir='ltr'><strong>Ι.</strong></span> 
     </span>
    </p>
   </div>
   <div class='ocr_carea' id='block_1_2' title="bbox 1736 311 1794 372">
    <p class='ocr_par' dir='ltr' id='par_1_2' title="bbox 1736 311 1794 372">
     <span class='ocr_line' id='line_1_2' title="bbox 1736 311 1794 372; baseline 0 0"><span class='ocrx_word' id='word_1_5' title='bbox 1736 311 1794 372; x_wconf 84' lang='grc'><strong>198</strong></span> 
     </span>
    </p>
   </div>
   <div class='ocr_carea' id='block_1_3' title="bbox 147 445 1793 838">
    <p class='ocr_par' dir='ltr' id='par_1_3' title="bbox 147 445 1793 838">
     <span class='ocr_line' id='line_1_3' title="bbox 147 445 1792 532; baseline 0.013 -22"><span class='ocrx_word' id='word_1_6' title='bbox 147 462 283 510; x_wconf 91' lang='lat' dir='ltr'><strong>manum</strong></span> <span class='ocrx_word' id='word_1_7' title='bbox 298 445 492 510; x_wconf 82' lang='lat' dir='ltr'><strong>Pontificem</strong></span> <span class='ocrx_word' id='word_1_8' title='bbox 504 447 944 527; x_wconf 87' lang='lat' dir='ltr'><strong>protectorem,auctoritate</strong></span> <span class='ocrx_word' id='word_1_9' title='bbox 998 458 1156 520; x_wconf 89' lang='lat' dir='ltr'><strong>servaret.</strong></span> <span class='ocrx_word' id='word_1_10' title='bbox 1180 457 1303 520; x_wconf 82' lang='lat' dir='ltr'><strong>verum</strong></span> <span class='ocrx_word' id='word_1_11' title='bbox 1328 457 1447 532; x_wconf 88' lang='lat' dir='ltr'><strong>iidem,</strong></span> <span class='ocrx_word' id='word_1_12' title='bbox 1476 475 1544 525; x_wconf 90' lang='lat' dir='ltr'><strong>non</strong></span> <span class='ocrx_word' id='word_1_13' title='bbox 1571 465 1792 532; x_wconf 74' lang='lat' dir='ltr'><strong>consideratis</strong></span> 
     </span>
     <span class='ocr_line' id='line_1_4' title="bbox 148 544 1792 634; baseline 0.014 -28"><span class='ocrx_word' id='word_1_14' title='bbox 148 544 241 607; x_wconf 87' lang='lat' dir='ltr'><strong>vobis</strong></span> <span class='ocrx_word' id='word_1_15' title='bbox 252 545 467 621; x_wconf 88' lang='lat' dir='ltr'><strong>praesentium</strong></span> <span class='ocrx_word' id='word_1_16' title='bbox 482 547 703 623; x_wconf 82' lang='lat' dir='ltr'><strong>indulgemus,</strong></span> <span class='ocrx_word' id='word_1_17' title='bbox 719 550 755 612; x_wconf 94' lang='lat' dir='ltr'><strong>ut</strong></span> <span class='ocrx_word' id='word_1_18' title='bbox 767 551 796 611; x_wconf 91' lang='lat' dir='ltr'><strong>si</strong></span> <span class='ocrx_word' id='word_1_19' title='bbox 811 552 942 628; x_wconf 84' lang='lat' dir='ltr'><strong>quando</strong></span> <span class='ocrx_word' id='word_1_20' title='bbox 998 554 1255 617; x_wconf 80' lang='lat' dir='ltr'><strong>circumstantiis</strong></span> <span class='ocrx_word' id='word_1_21' title='bbox 1274 557 1410 634; x_wconf 84' lang='lat' dir='ltr'><strong>negotii,</strong></span> <span class='ocrx_word' id='word_1_22' title='bbox 1427 575 1487 621; x_wconf 90' lang='lat' dir='ltr'><strong>nec</strong></span> <span class='ocrx_word' id='word_1_23' title='bbox 1507 561 1656 624; x_wconf 90' lang='lat' dir='ltr'><strong>ecclesiae</strong></span> <span class='ocrx_word' id='word_1_24' title='bbox 1672 566 1792 628; x_wconf 77' lang='lat' dir='ltr'><strong>vestrae</strong></span> 
     </span>
     <span class='ocr_line' id='line_1_5' title="bbox 148 642 1793 734; baseline 0.012 -30"><span class='ocrx_word' id='word_1_25' title='bbox 148 643 182 704; x_wconf 90' lang='lat' dir='ltr'><strong>in</strong></span> <span class='ocrx_word' id='word_1_26' title='bbox 197 642 348 704; x_wconf 89' lang='lat' dir='ltr'><strong>ecclesiis</strong></span> <span class='ocrx_word' id='word_1_27' title='bbox 362 644 559 706; x_wconf 88' lang='lat' dir='ltr'><strong>vacantibus</strong></span> <span class='ocrx_word' id='word_1_28' title='bbox 575 646 739 723; x_wconf 89' lang='lat' dir='ltr'><strong>inquibus</strong></span> <span class='ocrx_word' id='word_1_29' title='bbox 753 664 819 709; x_wconf 95' lang='lat' dir='ltr'><strong>non</strong></span> <span class='ocrx_word' id='word_1_30' title='bbox 835 649 944 711; x_wconf 89' lang='lat' dir='ltr'><strong>ambi·</strong></span> <span class='ocrx_word' id='word_1_31' title='bbox 998 652 1208 728; x_wconf 83' lang='lat' dir='ltr'><strong>privilegium</strong></span> <span class='ocrx_word' id='word_1_32' title='bbox 1227 655 1432 718; x_wconf 85' lang='lat' dir='ltr'><strong>attendentes</strong></span> <span class='ocrx_word' id='word_1_33' title='bbox 1449 660 1707 734; x_wconf 79' lang='lat' dir='ltr'><strong>pronuntiarunt</strong></span> <span class='ocrx_word' id='word_1_34' title='bbox 1727 663 1793 724; x_wconf 91' lang='lat' dir='ltr'><strong>im-</strong></span> 
     </span>
     <span class='ocr_line' id='line_1_6' title="bbox 149 741 1791 838; baseline 0.014 -38"><span class='ocrx_word' id='word_1_35' title='bbox 149 741 713 818; x_wconf 85' lang='lat' dir='ltr'><strong>gitur,vosjuspatronatushabere,</strong></span> <span class='ocrx_word' id='word_1_36' title='bbox 726 748 943 823; x_wconf 88' lang='lat' dir='ltr'><strong>praesentatos</strong></span> <span class='ocrx_word' id='word_1_37' title='bbox 997 747 1195 826; x_wconf 77' lang='lat' dir='ltr'><strong>prudenter,</strong></span> <span class='ocrx_word' id='word_1_38' title='bbox 1218 752 1271 814; x_wconf 91' lang='lat' dir='ltr'><strong>vel</strong></span> <span class='ocrx_word' id='word_1_39' title='bbox 1306 753 1416 830; x_wconf 92' lang='lat' dir='ltr'><strong>potius</strong></span> <span class='ocrx_word' id='word_1_40' title='bbox 1449 754 1672 833; x_wconf 87' lang='lat' dir='ltr'><strong>impudenter,</strong></span> <span class='ocrx_word' id='word_1_41' title='bbox 1704 759 1791 838; x_wconf 82' lang='lat' dir='ltr'><strong>quod</strong></span> 
     </span>
    </p>
   </div>
   <div class='ocr_carea' id='block_1_4' title="bbox 145 839 1796 2974">
    <p class='ocr_par' dir='ltr' id='par_1_4' title="bbox 145 839 1796 2974">
     <span class='ocr_line' id='line_1_7' title="bbox 149 839 1790 932; baseline 0.012 -32"><span class='ocrx_word' id='word_1_42' title='bbox 149 839 643 914; x_wconf 87' lang='lat' dir='ltr'><strong>avobisquosconstiteritesse</strong></span> <span class='ocrx_word' id='word_1_43' title='bbox 655 841 792 905; x_wconf 89' lang='lat' dir='ltr'><strong>idoneos</strong></span> <span class='ocrx_word' id='word_1_44' title='bbox 805 844 943 907; x_wconf 87' lang='lat' dir='ltr'><strong>arbitrio</strong></span> <span class='ocrx_word' id='word_1_45' title='bbox 998 847 1090 923; x_wconf 91' lang='lat' dir='ltr'><strong>prior</strong></span> <span class='ocrx_word' id='word_1_46' title='bbox 1111 848 1260 910; x_wconf 88' lang='lat' dir='ltr'><strong>ecclesiae</strong></span> <span class='ocrx_word' id='word_1_47' title='bbox 1283 852 1403 912; x_wconf 88' lang='lat' dir='ltr'><strong>vestrae</strong></span> <span class='ocrx_word' id='word_1_48' title='bbox 1423 867 1497 914; x_wconf 91' lang='lat' dir='ltr'><strong>cum</strong></span> <span class='ocrx_word' id='word_1_49' title='bbox 1518 855 1664 932; x_wconf 84' lang='lat' dir='ltr'><strong>quinque</strong></span> <span class='ocrx_word' id='word_1_50' title='bbox 1684 871 1790 918; x_wconf 90' lang='lat' dir='ltr'><strong>cano-</strong></span> 
     </span>
     <span class='ocr_line' id='line_1_8' title="bbox 147 935 1789 1027; baseline 0.013 -31"><span class='ocrx_word' id='word_1_51' title='bbox 147 935 309 997; x_wconf 90' lang='lat' dir='ltr'><strong>bonorum</strong></span> <span class='ocrx_word' id='word_1_52' title='bbox 332 935 476 998; x_wconf 89' lang='lat' dir='ltr'><strong>virorum</strong></span> <span class='ocrx_word' id='word_1_53' title='bbox 503 941 721 1001; x_wconf 90' lang='lat' dir='ltr'><strong>communiter</strong></span> <span class='ocrx_word' id='word_1_54' title='bbox 750 940 940 1016; x_wconf 88' lang='lat' dir='ltr'><strong>electorum,</strong></span> <span class='ocrx_word' id='word_1_55' title='bbox 998 945 1094 1018; x_wconf 88' lang='lat' dir='ltr'><strong>uicis,</strong></span> <span class='ocrx_word' id='word_1_56' title='bbox 1115 944 1173 1007; x_wconf 92' lang='lat' dir='ltr'><strong>aut</strong></span> <span class='ocrx_word' id='word_1_57' title='bbox 1187 947 1215 1006; x_wconf 90' lang='lat' dir='ltr'><strong>si</strong></span> <span class='ocrx_word' id='word_1_58' title='bbox 1236 947 1323 1008; x_wconf 90' lang='lat' dir='ltr'><strong>idem</strong></span> <span class='ocrx_word' id='word_1_59' title='bbox 1338 949 1430 1025; x_wconf 88' lang='lat' dir='ltr'><strong>prior</strong></span> <span class='ocrx_word' id='word_1_60' title='bbox 1442 967 1589 1026; x_wconf 86' lang='lat' dir='ltr'><strong>praesens</strong></span> <span class='ocrx_word' id='word_1_61' title='bbox 1609 969 1676 1014; x_wconf 91' lang='lat' dir='ltr'><strong>non</strong></span> <span class='ocrx_word' id='word_1_62' title='bbox 1690 957 1789 1027; x_wconf 91' lang='lat' dir='ltr'><strong>esset,</strong></span> 
     </span>
     <span class='ocr_line' id='line_1_9' title="bbox 147 1032 1794 1124; baseline 0.011 -30"><span class='ocrx_word' id='word_1_63' title='bbox 147 1033 278 1111; x_wconf 89' lang='lat' dir='ltr'><strong>praelati</strong></span> <span class='ocrx_word' id='word_1_64' title='bbox 293 1032 466 1094; x_wconf 85' lang='lat' dir='ltr'><strong>admittere</strong></span> <span class='ocrx_word' id='word_1_65' title='bbox 480 1037 745 1111; x_wconf 88' lang='lat' dir='ltr'><strong>praetermittunt,</strong></span> <span class='ocrx_word' id='word_1_66' title='bbox 759 1055 819 1100; x_wconf 88' lang='lat' dir='ltr'><strong>vos</strong></span> <span class='ocrx_word' id='word_1_67' title='bbox 834 1040 944 1101; x_wconf 89' lang='lat' dir='ltr'><strong>auclo-</strong></span> <span class='ocrx_word' id='word_1_68' title='bbox 998 1042 1051 1102; x_wconf 93' lang='lat' dir='ltr'><strong>vel</strong></span> <span class='ocrx_word' id='word_1_69' title='bbox 1070 1043 1291 1118; x_wconf 86' lang='lat' dir='ltr'><strong>personaliter</strong></span> <span class='ocrx_word' id='word_1_70' title='bbox 1314 1045 1364 1106; x_wconf 89' lang='lat' dir='ltr'><strong>ire</strong></span> <span class='ocrx_word' id='word_1_71' title='bbox 1383 1062 1450 1107; x_wconf 89' lang='lat' dir='ltr'><strong>non</strong></span> <span class='ocrx_word' id='word_1_72' title='bbox 1465 1050 1586 1124; x_wconf 91' lang='lat' dir='ltr'><strong>posset,</strong></span> <span class='ocrx_word' id='word_1_73' title='bbox 1603 1066 1663 1111; x_wconf 82' lang='lat' dir='ltr'><strong>sex</strong></span> <span class='ocrx_word' id='word_1_74' title='bbox 1673 1050 1794 1112; x_wconf 81' lang='lat' dir='ltr'><strong>extra-</strong></span> 
     </span>
     <span class='ocr_line' id='line_1_10' title="bbox 147 1127 1791 1218; baseline 0.012 -29"><span class='ocrx_word' id='word_1_75' title='bbox 147 1128 246 1190; x_wconf 89' lang='lat' dir='ltr'><strong>ritate</strong></span> <span class='ocrx_word' id='word_1_76' title='bbox 258 1127 373 1188; x_wconf 91' lang='lat' dir='ltr'><strong>nostra</strong></span> <span class='ocrx_word' id='word_1_77' title='bbox 388 1128 605 1192; x_wconf 92' lang='lat' dir='ltr'><strong>ecclesiarum</strong></span> <span class='ocrx_word' id='word_1_78' title='bbox 616 1131 751 1194; x_wconf 90' lang='lat' dir='ltr'><strong>illarum</strong></span> <span class='ocrx_word' id='word_1_79' title='bbox 763 1135 943 1210; x_wconf 85' lang='lat' dir='ltr'><strong>proventus</strong></span> <span class='ocrx_word' id='word_1_80' title='bbox 997 1137 1104 1200; x_wconf 89' lang='lat' dir='ltr'><strong>tribus</strong></span> <span class='ocrx_word' id='word_1_81' title='bbox 1137 1140 1178 1200; x_wconf 87' lang='lat' dir='ltr'><strong>ad</strong></span> <span class='ocrx_word' id='word_1_82' title='bbox 1214 1144 1375 1218; x_wconf 86' lang='lat' dir='ltr'><strong>majorem</strong></span> <span class='ocrx_word' id='word_1_83' title='bbox 1400 1144 1578 1206; x_wconf 90' lang='lat' dir='ltr'><strong>ecclesiam</strong></span> <span class='ocrx_word' id='word_1_84' title='bbox 1606 1147 1642 1208; x_wconf 88' lang='lat' dir='ltr'><strong>in</strong></span> <span class='ocrx_word' id='word_1_85' title='bbox 1679 1149 1791 1211; x_wconf 84' lang='lat' dir='ltr'><strong>Missae</strong></span> 
     </span>
     <span class='ocr_line' id='line_1_11' title="bbox 148 1225 1788 1321; baseline 0.012 -34"><span class='ocrx_word' id='word_1_86' title='bbox 148 1227 282 1287; x_wconf 91' lang='lat' dir='ltr'><strong>interim</strong></span> <span class='ocrx_word' id='word_1_87' title='bbox 296 1225 333 1286; x_wconf 92' lang='lat' dir='ltr'><strong>in</strong></span> <span class='ocrx_word' id='word_1_88' title='bbox 354 1242 434 1286; x_wconf 90' lang='lat' dir='ltr'><strong>usus</strong></span> <span class='ocrx_word' id='word_1_89' title='bbox 453 1229 604 1304; x_wconf 88' lang='lat' dir='ltr'><strong>proprios</strong></span> <span class='ocrx_word' id='word_1_90' title='bbox 622 1231 814 1294; x_wconf 89' lang='lat' dir='ltr'><strong>convertere</strong></span> <span class='ocrx_word' id='word_1_91' title='bbox 829 1233 944 1294; x_wconf 91' lang='lat' dir='ltr'><strong>valea·</strong></span> <span class='ocrx_word' id='word_1_92' title='bbox 997 1238 1134 1314; x_wconf 88' lang='lat' dir='ltr'><strong>majoris</strong></span> <span class='ocrx_word' id='word_1_93' title='bbox 1161 1239 1318 1300; x_wconf 84' lang='lat' dir='ltr'><strong>solemnis</strong></span> <span class='ocrx_word' id='word_1_94' title='bbox 1345 1241 1382 1302; x_wconf 88' lang='lat' dir='ltr'><strong>in</strong></span> <span class='ocrx_word' id='word_1_95' title='bbox 1416 1241 1557 1318; x_wconf 83' lang='lat' dir='ltr'><strong>singulis</strong></span> <span class='ocrx_word' id='word_1_96' title='bbox 1587 1244 1788 1321; x_wconf 87' lang='lat' dir='ltr'><strong>supradictis</strong></span> 
     </span>
     <span class='ocr_line' id='line_1_12' title="bbox 147 1323 1791 1418; baseline 0.01 -32"><span class='ocrx_word' id='word_1_97' title='bbox 147 1324 201 1396; x_wconf 89' lang='lat' dir='ltr'><strong>tis,</strong></span> <span class='ocrx_word' id='word_1_98' title='bbox 219 1323 265 1384; x_wconf 87' lang='lat' dir='ltr'><strong>ita</strong></span> <span class='ocrx_word' id='word_1_99' title='bbox 285 1323 447 1386; x_wconf 81' lang='lat' dir='ltr'><strong>duntaxat</strong></span> <span class='ocrx_word' id='word_1_100' title='bbox 468 1325 553 1401; x_wconf 85' lang='lat' dir='ltr'><strong>quod</strong></span> <span class='ocrx_word' id='word_1_101' title='bbox 569 1327 720 1390; x_wconf 87' lang='lat' dir='ltr'><strong>ecclesiae</strong></span> <span class='ocrx_word' id='word_1_102' title='bbox 734 1327 801 1390; x_wconf 87' lang='lat' dir='ltr'><strong>illae</strong></span> <span class='ocrx_word' id='word_1_103' title='bbox 823 1329 942 1391; x_wconf 89' lang='lat' dir='ltr'><strong>debitis</strong></span> <span class='ocrx_word' id='word_1_104' title='bbox 996 1331 1230 1396; x_wconf 76' lang='lat' dir='ltr'><strong>festivitatibus</strong></span> <span class='ocrx_word' id='word_1_105' title='bbox 1243 1335 1383 1398; x_wconf 91' lang='lat' dir='ltr'><strong>debeant</strong></span> <span class='ocrx_word' id='word_1_106' title='bbox 1396 1341 1584 1402; x_wconf 89' lang='lat' dir='ltr'><strong>convenire.</strong></span> <span class='ocrx_word' id='word_1_107' title='bbox 1601 1343 1670 1402; x_wconf 91' lang='lat' dir='ltr'><strong>Nos</strong></span> <span class='ocrx_word' id='word_1_108' title='bbox 1686 1341 1791 1418; x_wconf 82' lang='lat' dir='ltr'><strong>igitur</strong></span> 
     </span>
     <span class='ocr_line' id='line_1_13' title="bbox 146 1419 1791 1512; baseline 0.011 -30"><span class='ocrx_word' id='word_1_109' title='bbox 146 1419 293 1482; x_wconf 90' lang='lat' dir='ltr'><strong>servitiis</strong></span> <span class='ocrx_word' id='word_1_110' title='bbox 306 1437 372 1482; x_wconf 89' lang='lat' dir='ltr'><strong>nou</strong></span> <span class='ocrx_word' id='word_1_111' title='bbox 385 1420 799 1496; x_wconf 81' lang='lat' dir='ltr'><strong>haudentur,etcauonica</strong></span> <span class='ocrx_word' id='word_1_112' title='bbox 811 1427 942 1504; x_wconf 89' lang='lat' dir='ltr'><strong>justitia</strong></span> <span class='ocrx_word' id='word_1_113' title='bbox 997 1431 1214 1501; x_wconf 89' lang='lat' dir='ltr'><strong>attendentes,</strong></span> <span class='ocrx_word' id='word_1_114' title='bbox 1230 1433 1316 1510; x_wconf 87' lang='lat' dir='ltr'><strong>quod</strong></span> <span class='ocrx_word' id='word_1_115' title='bbox 1329 1449 1372 1496; x_wconf 79' lang='lat' dir='ltr'><strong>er</strong></span> <span class='ocrx_word' id='word_1_116' title='bbox 1387 1434 1576 1512; x_wconf 77' lang='lat' dir='ltr'><strong>huJusmodi</strong></span> <span class='ocrx_word' id='word_1_117' title='bbox 1591 1437 1729 1500; x_wconf 90' lang='lat' dir='ltr'><strong>arbitrio</strong></span> <span class='ocrx_word' id='word_1_118' title='bbox 1744 1439 1791 1500; x_wconf 91' lang='lat' dir='ltr'><strong>li-</strong></span> 
     </span>
     <span class='ocr_line' id='line_1_14' title="bbox 148 1517 1793 1614; baseline 0.012 -36"><span class='ocrx_word' id='word_1_119' title='bbox 148 1534 220 1596; x_wconf 82' lang='lat' dir='ltr'><strong>qrrae</strong></span> <span class='ocrx_word' id='word_1_120' title='bbox 230 1517 367 1579; x_wconf 92' lang='lat' dir='ltr'><strong>debetur</strong></span> <span class='ocrx_word' id='word_1_121' title='bbox 381 1520 544 1596; x_wconf 87' lang='lat' dir='ltr'><strong>episcopis</strong></span> <span class='ocrx_word' id='word_1_122' title='bbox 556 1537 622 1583; x_wconf 90' lang='lat' dir='ltr'><strong>nou</strong></span> <span class='ocrx_word' id='word_1_123' title='bbox 637 1522 943 1597; x_wconf 81' lang='lat' dir='ltr'><strong>laedatur,necedat</strong></span> <span class='ocrx_word' id='word_1_124' title='bbox 997 1528 1109 1589; x_wconf 87' lang='lat' dir='ltr'><strong>bertas</strong></span> <span class='ocrx_word' id='word_1_125' title='bbox 1143 1531 1294 1593; x_wconf 88' lang='lat' dir='ltr'><strong>ecclesiae</strong></span> <span class='ocrx_word' id='word_1_126' title='bbox 1322 1531 1442 1594; x_wconf 87' lang='lat' dir='ltr'><strong>vestrae</strong></span> <span class='ocrx_word' id='word_1_127' title='bbox 1466 1533 1646 1609; x_wconf 91' lang='lat' dir='ltr'><strong>minuitur,</strong></span> <span class='ocrx_word' id='word_1_128' title='bbox 1676 1537 1709 1598; x_wconf 89' lang='lat' dir='ltr'><strong>et</strong></span> <span class='ocrx_word' id='word_1_129' title='bbox 1732 1553 1793 1614; x_wconf 88' lang='lat' dir='ltr'><strong>per</strong></span> 
     </span>
     <span class='ocr_line' id='line_1_15' title="bbox 152 1613 1792 1707; baseline 0.012 -32"><span class='ocrx_word' id='word_1_130' title='bbox 152 1613 225 1694; x_wconf 82' lang='lat' dir='ltr'><strong>[nec</strong></span> <span class='ocrx_word' id='word_1_131' title='bbox 250 1613 380 1696; x_wconf 85' lang='lat' dir='ltr'><strong>noceat]</strong></span> <span class='ocrx_word' id='word_1_132' title='bbox 401 1616 494 1678; x_wconf 95' lang='lat' dir='ltr'><strong>vobis</strong></span> <span class='ocrx_word' id='word_1_133' title='bbox 514 1618 649 1696; x_wconf 87' lang='lat' dir='ltr'><strong>propter</strong></span> <span class='ocrx_word' id='word_1_134' title='bbox 670 1620 733 1682; x_wconf 91' lang='lat' dir='ltr'><strong>hoc</strong></span> <span class='ocrx_word' id='word_1_135' title='bbox 752 1623 880 1699; x_wconf 89' lang='lat' dir='ltr'><strong>tempus</strong></span> <span class='ocrx_word' id='word_1_136' title='bbox 906 1624 941 1684; x_wconf 89' lang='lat' dir='ltr'><strong>in</strong></span> <span class='ocrx_word' id='word_1_137' title='bbox 997 1626 1271 1690; x_wconf 85' lang='lat' dir='ltr'><strong>substractionem</strong></span> <span class='ocrx_word' id='word_1_138' title='bbox 1286 1629 1335 1691; x_wconf 88' lang='lat' dir='ltr'><strong>tot</strong></span> <span class='ocrx_word' id='word_1_139' title='bbox 1352 1645 1570 1707; x_wconf 86' lang='lat' dir='ltr'><strong>personarum</strong></span> <span class='ocrx_word' id='word_1_140' title='bbox 1591 1633 1792 1696; x_wconf 87' lang='lat' dir='ltr'><strong>solemnitati</strong></span> 
     </span>
     <span class='ocr_line' id='line_1_16' title="bbox 150 1713 1793 1809; baseline 0.011 -35"><span class='ocrx_word' id='word_1_141' title='bbox 150 1713 365 1774; x_wconf 88' lang='lat' dir='ltr'><strong>Lateraneusi</strong></span> <span class='ocrx_word' id='word_1_142' title='bbox 394 1715 535 1776; x_wconf 86' lang='lat' dir='ltr'><strong>ecclesia</strong></span> <span class='ocrx_word' id='word_1_143' title='bbox 560 1718 738 1779; x_wconf 91' lang='lat' dir='ltr'><strong>constituto</strong></span> <span class='ocrx_word' id='word_1_144' title='bbox 767 1717 943 1800; x_wconf 89' lang='lat' dir='ltr'><strong>[constitu-</strong></span> <span class='ocrx_word' id='word_1_145' title='bbox 997 1723 1204 1788; x_wconf 85' lang='lat' dir='ltr'><strong>subtrahitur</strong></span> <span class='ocrx_word' id='word_1_146' title='bbox 1228 1727 1426 1800; x_wconf 90' lang='lat' dir='ltr'><strong>divinorum,</strong></span> <span class='ocrx_word' id='word_1_147' title='bbox 1450 1728 1641 1793; x_wconf 85' lang='lat' dir='ltr'><strong>auctoritati</strong></span> <span class='ocrx_word' id='word_1_148' title='bbox 1663 1747 1793 1809; x_wconf 84' lang='lat' dir='ltr'><strong>qrroque</strong></span> 
     </span>
     <span class='ocr_line' id='line_1_17' title="bbox 148 1809 1794 1904; baseline 0.012 -33"><span class='ocrx_word' id='word_1_149' title='bbox 148 1809 244 1889; x_wconf 75' lang='lat' dir='ltr'><strong>tuml,</strong></span> <span class='ocrx_word' id='word_1_150' title='bbox 263 1811 341 1888; x_wconf 86' lang='lat' dir='ltr'><strong>quin</strong></span> <span class='ocrx_word' id='word_1_151' title='bbox 357 1813 548 1888; x_wconf 88' lang='lat' dir='ltr'><strong>praesentati</strong></span> <span class='ocrx_word' id='word_1_152' title='bbox 566 1829 585 1874; x_wconf 90' lang='lat' dir='ltr'><strong>a</strong></span> <span class='ocrx_word' id='word_1_153' title='bbox 600 1813 694 1875; x_wconf 88' lang='lat' dir='ltr'><strong>vobis</strong></span> <span class='ocrx_word' id='word_1_154' title='bbox 707 1815 736 1876; x_wconf 91' lang='lat' dir='ltr'><strong>si</strong></span> <span class='ocrx_word' id='word_1_155' title='bbox 749 1815 815 1878; x_wconf 89' lang='lat' dir='ltr'><strong>sint</strong></span> <span class='ocrx_word' id='word_1_156' title='bbox 829 1817 942 1879; x_wconf 87' lang='lat' dir='ltr'><strong>idonei</strong></span> <span class='ocrx_word' id='word_1_157' title='bbox 996 1822 1088 1884; x_wconf 88' lang='lat' dir='ltr'><strong>Sedis</strong></span> <span class='ocrx_word' id='word_1_158' title='bbox 1102 1824 1376 1900; x_wconf 62' lang='lat' dir='ltr'><strong>apostolicatus</strong></span> <span class='ocrx_word' id='word_1_159' title='bbox 1390 1827 1548 1904; x_wconf 85' lang='lat' dir='ltr'><strong>praedicta</strong></span> <span class='ocrx_word' id='word_1_160' title='bbox 1561 1828 1702 1890; x_wconf 90' lang='lat' dir='ltr'><strong>ecclesia</strong></span> <span class='ocrx_word' id='word_1_161' title='bbox 1716 1845 1794 1890; x_wconf 88' lang='lat' dir='ltr'><strong>ves-</strong></span> 
     </span>
     <span class='ocr_line' id='line_1_18' title="bbox 153 1907 1794 2003; baseline 0.012 -35"><span class='ocrx_word' id='word_1_162' title='bbox 153 1907 282 1969; x_wconf 89' lang='lat' dir='ltr'><strong>institui</strong></span> <span class='ocrx_word' id='word_1_163' title='bbox 306 1907 446 1971; x_wconf 90' lang='lat' dir='ltr'><strong>debeant</strong></span> <span class='ocrx_word' id='word_1_164' title='bbox 474 1909 508 1970; x_wconf 93' lang='lat' dir='ltr'><strong>in</strong></span> <span class='ocrx_word' id='word_1_165' title='bbox 534 1911 659 1972; x_wconf 89' lang='lat' dir='ltr'><strong>eisdem</strong></span> <span class='ocrx_word' id='word_1_166' title='bbox 688 1927 762 1973; x_wconf 91' lang='lat' dir='ltr'><strong>cum</strong></span> <span class='ocrx_word' id='word_1_167' title='bbox 788 1929 854 1975; x_wconf 89' lang='lat' dir='ltr'><strong>non</strong></span> <span class='ocrx_word' id='word_1_168' title='bbox 882 1931 944 1977; x_wconf 88' lang='lat' dir='ltr'><strong>ne·</strong></span> <span class='ocrx_word' id='word_1_169' title='bbox 996 1921 1049 1981; x_wconf 91' lang='lat' dir='ltr'><strong>tra</strong></span> <span class='ocrx_word' id='word_1_170' title='bbox 1070 1921 1120 1982; x_wconf 88' lang='lat' dir='ltr'><strong>est</strong></span> <span class='ocrx_word' id='word_1_171' title='bbox 1136 1921 1227 1981; x_wconf 88' lang='lat' dir='ltr'><strong>nullo</strong></span> <span class='ocrx_word' id='word_1_172' title='bbox 1251 1922 1417 1985; x_wconf 85' lang='lat' dir='ltr'><strong>mediante</strong></span> <span class='ocrx_word' id='word_1_173' title='bbox 1441 1923 1600 2002; x_wconf 89' lang='lat' dir='ltr'><strong>subjecta,</strong></span> <span class='ocrx_word' id='word_1_174' title='bbox 1613 1926 1794 2003; x_wconf 90' lang='lat' dir='ltr'><strong>plurimum</strong></span> 
     </span>
     <span class='ocr_line' id='line_1_19' title="bbox 148 2005 1794 2094; baseline 0.012 -29"><span class='ocrx_word' id='word_1_175' title='bbox 148 2005 348 2082; x_wconf 83' lang='lat' dir='ltr'><strong>gligentibus</strong></span> <span class='ocrx_word' id='word_1_176' title='bbox 375 2007 432 2068; x_wconf 90' lang='lat' dir='ltr'><strong>sed</strong></span> <span class='ocrx_word' id='word_1_177' title='bbox 452 2023 533 2069; x_wconf 92' lang='lat' dir='ltr'><strong>cura</strong></span> <span class='ocrx_word' id='word_1_178' title='bbox 550 2011 628 2087; x_wconf 90' lang='lat' dir='ltr'><strong>jura</strong></span> <span class='ocrx_word' id='word_1_179' title='bbox 650 2025 710 2071; x_wconf 85' lang='lat' dir='ltr'><strong>sna</strong></span> <span class='ocrx_word' id='word_1_180' title='bbox 727 2011 942 2087; x_wconf 77' lang='lat' dir='ltr'><strong>vigilantibus</strong></span> <span class='ocrx_word' id='word_1_181' title='bbox 996 2017 1185 2094; x_wconf 82' lang='lat' dir='ltr'><strong>derogatur,</strong></span> <span class='ocrx_word' id='word_1_182' title='bbox 1208 2035 1283 2080; x_wconf 92' lang='lat' dir='ltr'><strong>oum</strong></span> <span class='ocrx_word' id='word_1_183' title='bbox 1304 2020 1367 2081; x_wconf 90' lang='lat' dir='ltr'><strong>etsi</strong></span> <span class='ocrx_word' id='word_1_184' title='bbox 1394 2021 1579 2083; x_wconf 90' lang='lat' dir='ltr'><strong>voluissent</strong></span> <span class='ocrx_word' id='word_1_185' title='bbox 1600 2023 1794 2084; x_wconf 89' lang='lat' dir='ltr'><strong>servitutem</strong></span> 
     </span>
     <span class='ocr_line' id='line_1_20' title="bbox 145 2102 1794 2195; baseline 0.011 -32"><span class='ocrx_word' id='word_1_186' title='bbox 145 2103 264 2164; x_wconf 89' lang='lat' dir='ltr'><strong>debeat</strong></span> <span class='ocrx_word' id='word_1_187' title='bbox 287 2102 467 2166; x_wconf 89' lang='lat' dir='ltr'><strong>subveniri.</strong></span> <span class='ocrx_word' id='word_1_188' title='bbox 485 2106 577 2167; x_wconf 89' lang='lat' dir='ltr'><strong>Nulli</strong></span> <span class='ocrx_word' id='word_1_189' title='bbox 598 2123 688 2183; x_wconf 81' lang='lat' dir='ltr'><strong>ergo,</strong></span> <span class='ocrx_word' id='word_1_190' title='bbox 703 2108 805 2182; x_wconf 90' lang='lat' dir='ltr'><strong>etc...,</strong></span> <span class='ocrx_word' id='word_1_191' title='bbox 819 2107 942 2172; x_wconf 89' lang='lat' dir='ltr'><strong>nostrae</strong></span> <span class='ocrx_word' id='word_1_192' title='bbox 997 2115 1167 2193; x_wconf 85' lang='lat' dir='ltr'><strong>imponere</strong></span> <span class='ocrx_word' id='word_1_193' title='bbox 1180 2116 1279 2178; x_wconf 91' lang='lat' dir='ltr'><strong>reiad</strong></span> <span class='ocrx_word' id='word_1_194' title='bbox 1290 2113 1393 2178; x_wconf 87' lang='lat' dir='ltr'><strong>alium</strong></span> <span class='ocrx_word' id='word_1_195' title='bbox 1403 2119 1595 2195; x_wconf 87' lang='lat' dir='ltr'><strong>pertinenti,</strong></span> <span class='ocrx_word' id='word_1_196' title='bbox 1609 2119 1658 2180; x_wconf 92' lang='lat' dir='ltr'><strong>sic</strong></span> <span class='ocrx_word' id='word_1_197' title='bbox 1671 2119 1794 2182; x_wconf 90' lang='lat' dir='ltr'><strong>dictum</strong></span> 
     </span>
     <span class='ocr_line' id='line_1_21' title="bbox 148 2201 1794 2294; baseline 0.01 -32"><span class='ocrx_word' id='word_1_198' title='bbox 148 2201 386 2274; x_wconf 88' lang='lat' dir='ltr'><strong>concessionis,</strong></span> <span class='ocrx_word' id='word_1_199' title='bbox 404 2203 466 2264; x_wconf 85' lang='lat' dir='ltr'><strong>etc.</strong></span> <span class='ocrx_word' id='word_1_200' title='bbox 486 2203 522 2263; x_wconf 88' lang='lat' dir='ltr'><strong>Si</strong></span> <span class='ocrx_word' id='word_1_201' title='bbox 540 2204 614 2280; x_wconf 87' lang='lat' dir='ltr'><strong>quis</strong></span> <span class='ocrx_word' id='word_1_202' title='bbox 632 2206 855 2278; x_wconf 79' lang='lat' dir='ltr'><strong>autemetc...</strong></span> <span class='ocrx_word' id='word_1_203' title='bbox 871 2210 942 2268; x_wconf 87' lang='lat' dir='ltr'><strong>Da·</strong></span> <span class='ocrx_word' id='word_1_204' title='bbox 998 2213 1173 2276; x_wconf 91' lang='lat' dir='ltr'><strong>arbitrium</strong></span> <span class='ocrx_word' id='word_1_205' title='bbox 1208 2215 1363 2277; x_wconf 81' lang='lat' dir='ltr'><strong>duximus</strong></span> <span class='ocrx_word' id='word_1_206' title='bbox 1400 2215 1671 2293; x_wconf 90' lang='lat' dir='ltr'><strong>temperandum,</strong></span> <span class='ocrx_word' id='word_1_207' title='bbox 1707 2215 1794 2294; x_wconf 91' lang='lat' dir='ltr'><strong>quod</strong></span> 
     </span>
     <span class='ocr_line' id='line_1_22' title="bbox 146 2299 1796 2375; baseline 0.008 -15"><span class='ocrx_word' id='word_1_208' title='bbox 146 2299 216 2360; x_wconf 80' lang='lat' dir='ltr'><strong>tutu</strong></span> <span class='ocrx_word' id='word_1_209' title='bbox 244 2299 411 2372; x_wconf 86' lang='lat' dir='ltr'><strong>Laterani,</strong></span> <span class='ocrx_word' id='word_1_210' title='bbox 444 2301 535 2362; x_wconf 85' lang='lat' dir='ltr'>XVII</span> <span class='ocrx_word' id='word_1_211' title='bbox 569 2301 730 2364; x_wconf 88' lang='lat' dir='ltr'><strong>kalendas</strong></span> <span class='ocrx_word' id='word_1_212' title='bbox 764 2302 940 2374; x_wconf 78' lang='lat' dir='ltr'><strong>februarii,</strong></span> <span class='ocrx_word' id='word_1_213' title='bbox 998 2312 1149 2372; x_wconf 87' lang='lat' dir='ltr'><strong>ecclesiae</strong></span> <span class='ocrx_word' id='word_1_214' title='bbox 1169 2313 1277 2374; x_wconf 87' lang='lat' dir='ltr'><strong>sancti</strong></span> <span class='ocrx_word' id='word_1_215' title='bbox 1298 2313 1435 2375; x_wconf 89' lang='lat' dir='ltr'><strong>Martini</strong></span> <span class='ocrx_word' id='word_1_216' title='bbox 1459 2313 1567 2375; x_wconf 92' lang='lat' dir='ltr'><strong>honor</strong></span> <span class='ocrx_word' id='word_1_217' title='bbox 1581 2313 1709 2375; x_wconf 91' lang='lat' dir='ltr'><strong>debitus</strong></span> <span class='ocrx_word' id='word_1_218' title='bbox 1732 2313 1796 2374; x_wconf 92' lang='lat' dir='ltr'><strong>im-</strong></span> 
     </span>
     <span class='ocr_line' id='line_1_23' title="bbox 145 2396 1795 2489; baseline 0.009 -32"><span class='ocrx_word' id='word_1_219' title='bbox 145 2397 360 2472; x_wconf 87' lang='lat' dir='ltr'><strong>pontiitcaius</strong></span> <span class='ocrx_word' id='word_1_220' title='bbox 375 2396 482 2459; x_wconf 92' lang='lat' dir='ltr'><strong>nostri</strong></span> <span class='ocrx_word' id='word_1_221' title='bbox 497 2414 584 2460; x_wconf 90' lang='lat' dir='ltr'><strong>anno</strong></span> <span class='ocrx_word' id='word_1_222' title='bbox 598 2399 717 2478; x_wconf 85' lang='lat' dir='ltr'><strong>primo.</strong></span> <span class='ocrx_word' id='word_1_223' title='bbox 998 2408 1172 2486; x_wconf 90' lang='lat' dir='ltr'><strong>pendatur,</strong></span> <span class='ocrx_word' id='word_1_224' title='bbox 1189 2409 1222 2471; x_wconf 92' lang='lat' dir='ltr'><strong>et</strong></span> <span class='ocrx_word' id='word_1_225' title='bbox 1236 2409 1379 2471; x_wconf 90' lang='lat' dir='ltr'><strong>ecclesia</strong></span> <span class='ocrx_word' id='word_1_226' title='bbox 1390 2412 1501 2472; x_wconf 88' lang='lat' dir='ltr'><strong>vestra</strong></span> <span class='ocrx_word' id='word_1_227' title='bbox 1516 2412 1591 2489; x_wconf 86' lang='lat' dir='ltr'><strong>plus</strong></span> <span class='ocrx_word' id='word_1_228' title='bbox 1602 2411 1712 2472; x_wconf 90' lang='lat' dir='ltr'><strong>debito</strong></span> <span class='ocrx_word' id='word_1_229' title='bbox 1727 2425 1795 2472; x_wconf 90' lang='lat' dir='ltr'><strong>non</strong></span> 
     </span>
     <span class='ocr_line' id='line_1_24' title="bbox 998 2505 1792 2584; baseline 0.001 -17"><span class='ocrx_word' id='word_1_230' title='bbox 998 2505 1433 2584; x_wconf 81' lang='lat' dir='ltr'><strong>gravetur,videlioet‚quod</strong></span> <span class='ocrx_word' id='word_1_231' title='bbox 1449 2509 1485 2567; x_wconf 91' lang='lat' dir='ltr'><strong>in</strong></span> <span class='ocrx_word' id='word_1_232' title='bbox 1502 2507 1678 2570; x_wconf 86' lang='lat' dir='ltr'><strong>antedictis</strong></span> <span class='ocrx_word' id='word_1_233' title='bbox 1694 2507 1792 2569; x_wconf 87' lang='lat' dir='ltr'><strong>iesti-</strong></span> 
     </span>
     <span class='ocr_line' id='line_1_25' title="bbox 997 2602 1793 2681; baseline 0.003 -17"><span class='ocrx_word' id='word_1_234' title='bbox 997 2602 1155 2665; x_wconf 90' lang='lat' dir='ltr'><strong>vitatibus</strong></span> <span class='ocrx_word' id='word_1_235' title='bbox 1169 2603 1238 2664; x_wconf 87' lang='lat' dir='ltr'><strong>tres</strong></span> <span class='ocrx_word' id='word_1_236' title='bbox 1251 2602 1413 2664; x_wconf 82' lang='lat' dir='ltr'><strong>duntaxat</strong></span> <span class='ocrx_word' id='word_1_237' title='bbox 1422 2605 1576 2666; x_wconf 88' lang='lat' dir='ltr'><strong>canonici</strong></span> <span class='ocrx_word' id='word_1_238' title='bbox 1587 2605 1683 2681; x_wconf 82' lang='lat' dir='ltr'><strong>juxta</strong></span> <span class='ocrx_word' id='word_1_239' title='bbox 1696 2605 1793 2681; x_wconf 91' lang='lat' dir='ltr'><strong>prio-</strong></span> 
     </span>
     <span class='ocr_line' id='line_1_26' title="bbox 998 2699 1793 2788; baseline 0.004 -28"><span class='ocrx_word' id='word_1_240' title='bbox 998 2701 1045 2760; x_wconf 89' lang='lat' dir='ltr'><strong>ris</strong></span> <span class='ocrx_word' id='word_1_241' title='bbox 1059 2700 1243 2788; x_wconf 78' lang='lat' dir='ltr'><strong>arbitrium,</strong></span> <span class='ocrx_word' id='word_1_242' title='bbox 1252 2716 1343 2761; x_wconf 90' lang='lat' dir='ltr'><strong>more</strong></span> <span class='ocrx_word' id='word_1_243' title='bbox 1358 2699 1455 2763; x_wconf 88' lang='lat' dir='ltr'><strong>solito</strong></span> <span class='ocrx_word' id='word_1_244' title='bbox 1469 2700 1509 2762; x_wconf 92' lang='lat' dir='ltr'><strong>ad</strong></span> <span class='ocrx_word' id='word_1_245' title='bbox 1526 2701 1700 2762; x_wconf 88' lang='lat' dir='ltr'><strong>ecclesiam</strong></span> <span class='ocrx_word' id='word_1_246' title='bbox 1716 2717 1793 2763; x_wconf 92' lang='lat' dir='ltr'><strong>con·</strong></span> 
     </span>
     <span class='ocr_line' id='line_1_27' title="bbox 997 2797 1794 2876; baseline 0.001 -17"><span class='ocrx_word' id='word_1_247' title='bbox 997 2798 1134 2860; x_wconf 90' lang='lat' dir='ltr'><strong>veniant</strong></span> <span class='ocrx_word' id='word_1_248' title='bbox 1175 2808 1417 2870; x_wconf 88' lang='lat' dir='ltr'><strong>memoratam,</strong></span> <span class='ocrx_word' id='word_1_249' title='bbox 1465 2797 1654 2876; x_wconf 87' lang='lat' dir='ltr'><strong>hujusmodi</strong></span> <span class='ocrx_word' id='word_1_250' title='bbox 1705 2799 1794 2860; x_wconf 90' lang='lat' dir='ltr'><strong>enim</strong></span> 
     </span>
     <span class='ocr_line' id='line_1_28' title="bbox 998 2895 1792 2974; baseline 0 -18"><span class='ocrx_word' id='word_1_251' title='bbox 998 2895 1223 2958; x_wconf 90' lang='lat' dir='ltr'><strong>moderatione</strong></span> <span class='ocrx_word' id='word_1_252' title='bbox 1245 2895 1388 2968; x_wconf 89' lang='lat' dir='ltr'><strong>servata,</strong></span> <span class='ocrx_word' id='word_1_253' title='bbox 1406 2895 1438 2957; x_wconf 89' lang='lat' dir='ltr'><strong>et</strong></span> <span class='ocrx_word' id='word_1_254' title='bbox 1452 2895 1555 2974; x_wconf 88' lang='lat' dir='ltr'><strong>quieti</strong></span> <span class='ocrx_word' id='word_1_255' title='bbox 1570 2896 1689 2960; x_wconf 88' lang='lat' dir='ltr'><strong>vestrae</strong></span> <span class='ocrx_word' id='word_1_256' title='bbox 1709 2911 1792 2956; x_wconf 90' lang='lat' dir='ltr'><strong>con-</strong></span> 
     </span>
    </p>
   </div>
   <div class='ocr_carea' id='block_1_5' title="bbox 492 2627 589 2716">
    <p class='ocr_par' dir='ltr' id='par_1_5' title="bbox 492 2627 589 2716">
     <span class='ocr_line' id='line_1_29' title="bbox 492 2627 589 2716; baseline 0 -1"><span class='ocrx_word' id='word_1_257' title='bbox 492 2627 589 2716; x_wconf 81' lang='lat' dir='ltr'><strong>uix</strong></span> 
     </span>
    </p>
   </div>
   <div class='ocr_carea' id='block_1_6' title="bbox 143 2825 944 2898">
    <p class='ocr_par' dir='ltr' id='par_1_6' title="bbox 143 2825 944 2898">
     <span class='ocr_line' id='line_1_30' title="bbox 143 2825 944 2898; baseline 0.007 -15"><span class='ocrx_word' id='word_1_258' title='bbox 143 2825 200 2884; x_wconf 79' lang='lat' dir='ltr'><strong>Ad</strong></span> <span class='ocrx_word' id='word_1_259' title='bbox 223 2825 418 2885; x_wconf 65' lang='lat' dir='ltr'><strong>hunerium</strong></span> <span class='ocrx_word' id='word_1_260' title='bbox 445 2827 603 2898; x_wconf 61' lang='lat' dir='ltr'><strong>petorem</strong></span> <span class='ocrx_word' id='word_1_261' title='bbox 620 2826 757 2888; x_wconf 68' lang='lat' dir='ltr'><strong>Sancite</strong></span> <span class='ocrx_word' id='word_1_262' title='bbox 778 2830 944 2890; x_wconf 78' lang='lat' dir='ltr'><strong>Romame</strong></span> 
     </span>
    </p>
   </div>
   <div class='ocr_carea' id='block_1_7' title="bbox 187 2923 1794 3066">
    <p class='ocr_par' dir='ltr' id='par_1_7' title="bbox 187 2923 1794 3066">
     <span class='ocr_line' id='line_1_31' title="bbox 187 2923 944 3001; baseline 0.009 -20"><span class='ocrx_word' id='word_1_263' title='bbox 187 2923 348 2984; x_wconf 67' lang='lat' dir='ltr'><strong>Ecclesiae</strong></span> <span class='ocrx_word' id='word_1_264' title='bbox 367 2925 694 2997; x_wconf 69' lang='lat' dir='ltr'><strong>omecarrccttarium,</strong></span> <span class='ocrx_word' id='word_1_265' title='bbox 708 2925 742 2986; x_wconf 89' lang='lat' dir='ltr'><strong>et</strong></span> <span class='ocrx_word' id='word_1_266' title='bbox 756 2926 944 3001; x_wconf 73' lang='lat' dir='ltr'><strong>capitutum</strong></span> 
     </span>
     <span class='ocr_line' id='line_1_32' title="bbox 998 2991 1794 3066; baseline -0.001 -13"><span class='ocrx_word' id='word_1_267' title='bbox 998 2993 1129 3066; x_wconf 90' lang='lat' dir='ltr'><strong>sulitur,</strong></span> <span class='ocrx_word' id='word_1_268' title='bbox 1144 2993 1177 3055; x_wconf 91' lang='lat' dir='ltr'><strong>et</strong></span> <span class='ocrx_word' id='word_1_269' title='bbox 1191 2991 1391 3054; x_wconf 89' lang='lat' dir='ltr'><strong>cathedralis</strong></span> <span class='ocrx_word' id='word_1_270' title='bbox 1412 2993 1554 3054; x_wconf 89' lang='lat' dir='ltr'><strong>ecclesia</strong></span> <span class='ocrx_word' id='word_1_271' title='bbox 1574 2992 1794 3054; x_wconf 91' lang='lat' dir='ltr'><strong>nihilominus</strong></span> 
     </span>
    </p>
   </div>
   <div class='ocr_carea' id='block_1_8' title="bbox 142 3018 1797 3717">
    <p class='ocr_par' dir='ltr' id='par_1_8' title="bbox 186 3018 617 3080">
     <span class='ocr_line' id='line_1_33' title="bbox 186 3018 617 3080; baseline 0 0"><span class='ocrx_word' id='word_1_272' title='bbox 186 3018 301 3080; x_wconf 81' lang='lat' dir='ltr'><strong>sorrctt&#39;</strong></span> <span class='ocrx_word' id='word_1_273' title='bbox 312 3019 461 3080; x_wconf 83' lang='lat' dir='ltr'><strong>Martini</strong></span> <span class='ocrx_word' id='word_1_274' title='bbox 474 3020 617 3080; x_wconf 83' lang='lat' dir='ltr'><strong>Lucani.</strong></span> 
     </span>
    </p>

    <p class='ocr_par' dir='ltr' id='par_1_9' title="bbox 213 3088 1797 3393">
     <span class='ocr_line' id='line_1_34' title="bbox 997 3088 1794 3167; baseline -0.001 -16"><span class='ocrx_word' id='word_1_275' title='bbox 997 3089 1192 3152; x_wconf 89' lang='lat' dir='ltr'><strong>honoratur.</strong></span> <span class='ocrx_word' id='word_1_276' title='bbox 1209 3089 1301 3154; x_wconf 92' lang='lat' dir='ltr'><strong>Nulli</strong></span> <span class='ocrx_word' id='word_1_277' title='bbox 1317 3106 1407 3167; x_wconf 86' lang='lat' dir='ltr'><strong>ergo,</strong></span> <span class='ocrx_word' id='word_1_278' title='bbox 1425 3091 1525 3153; x_wconf 82' lang='lat' dir='ltr'><strong>etc...</strong></span> <span class='ocrx_word' id='word_1_279' title='bbox 1543 3089 1665 3152; x_wconf 87' lang='lat' dir='ltr'><strong>nostrae</strong></span> <span class='ocrx_word' id='word_1_280' title='bbox 1684 3088 1794 3151; x_wconf 89' lang='lat' dir='ltr'><strong>mode-</strong></span> 
     </span>
     <span class='ocr_line' id='line_1_35' title="bbox 439 3165 1794 3265; baseline -0.003 -15"><span class='ocrx_word' id='word_1_281' title='bbox 439 3167 471 3224; x_wconf 76' lang='lat'><strong>¹⁷</strong></span> <span class='ocrx_word' id='word_1_282' title='bbox 482 3165 546 3240; x_wconf 58' lang='lat'><strong>1⁸¹¹·</strong></span> <span class='ocrx_word' id='word_1_283' title='bbox 564 3167 643 3226; x_wconf 73' lang='lat'>¹²¹⁷·</span> <span class='ocrx_word' id='word_1_284' title='bbox 997 3187 1150 3258; x_wconf 89' lang='lat' dir='ltr'><strong>rationis,</strong></span> <span class='ocrx_word' id='word_1_285' title='bbox 1164 3189 1279 3250; x_wconf 91' lang='lat' dir='ltr'><strong>etc.....</strong></span> <span class='ocrx_word' id='word_1_286' title='bbox 1298 3187 1333 3248; x_wconf 87' lang='lat' dir='ltr'><strong>Si</strong></span> <span class='ocrx_word' id='word_1_287' title='bbox 1348 3189 1422 3265; x_wconf 87' lang='lat' dir='ltr'><strong>quis</strong></span> <span class='ocrx_word' id='word_1_288' title='bbox 1438 3189 1560 3259; x_wconf 88' lang='lat' dir='ltr'><strong>autem,</strong></span> <span class='ocrx_word' id='word_1_289' title='bbox 1578 3189 1692 3248; x_wconf 90' lang='lat' dir='ltr'><strong>etc.....</strong></span> <span class='ocrx_word' id='word_1_290' title='bbox 1723 3188 1794 3247; x_wconf 88' lang='lat' dir='ltr'><strong>Da-</strong></span> 
     </span>
     <span class='ocr_line' id='line_1_36' title="bbox 213 3283 1797 3393; baseline -0.002 -45"><span class='ocrx_word' id='word_1_291' title='bbox 213 3323 510 3390; x_wconf 65' lang='lat' dir='ltr'><strong>[coattestantur.</strong></span> <span class='ocrx_word' id='word_1_292' title='bbox 524 3325 702 3392; x_wconf 73' lang='lat' dir='ltr'><strong>amictusque</strong></span> <span class='ocrx_word' id='word_1_293' title='bbox 723 3327 877 3393; x_wconf 75' lang='lat' dir='ltr'><strong>nationale]</strong></span> <span class='ocrx_word' id='word_1_294' title='bbox 997 3288 1068 3349; x_wconf 90' lang='lat' dir='ltr'><strong>tum</strong></span> <span class='ocrx_word' id='word_1_295' title='bbox 1079 3285 1248 3356; x_wconf 86' lang='lat' dir='ltr'><strong>Laterani,</strong></span> <span class='ocrx_word' id='word_1_296' title='bbox 1260 3285 1335 3346; x_wconf 85' lang='lat' dir='ltr'><strong>XVI</strong></span> <span class='ocrx_word' id='word_1_297' title='bbox 1347 3283 1508 3346; x_wconf 86' lang='lat' dir='ltr'><strong>kalendas</strong></span> <span class='ocrx_word' id='word_1_298' title='bbox 1524 3283 1695 3358; x_wconf 87' lang='lat' dir='ltr'><strong>februarii,</strong></span> <span class='ocrx_word' id='word_1_299' title='bbox 1713 3297 1797 3360; x_wconf 90' lang='lat' dir='ltr'><strong>pon-</strong></span> 
     </span>
    </p>

    <p class='ocr_par' dir='ltr' id='par_1_10' title="bbox 142 3381 1499 3717">
     <span class='ocr_line' id='line_1_37' title="bbox 998 3381 1499 3459; baseline -0.004 -14"><span class='ocrx_word' id='word_1_300' title='bbox 998 3381 1142 3445; x_wconf 80' lang='lat' dir='ltr'><strong>tificatus</strong></span> <span class='ocrx_word' id='word_1_301' title='bbox 1155 3381 1261 3443; x_wconf 90' lang='lat' dir='ltr'><strong>nostri</strong></span> <span class='ocrx_word' id='word_1_302' title='bbox 1276 3396 1364 3442; x_wconf 89' lang='lat' dir='ltr'><strong>anno</strong></span> <span class='ocrx_word' id='word_1_303' title='bbox 1379 3383 1499 3459; x_wconf 88' lang='lat' dir='ltr'><strong>primo.</strong></span> 
     </span>
     <span class='ocr_line' id='line_1_38' title="bbox 142 3465 944 3540; baseline -0.005 -13"><span class='ocrx_word' id='word_1_304' title='bbox 142 3467 270 3540; x_wconf 82' lang='lat' dir='ltr'><strong>Corrigit</strong></span> <span class='ocrx_word' id='word_1_305' title='bbox 295 3465 449 3539; x_wconf 86' lang='lat' dir='ltr'><strong>quamdam</strong></span> <span class='ocrx_word' id='word_1_306' title='bbox 473 3469 645 3525; x_wconf 87' lang='lat' dir='ltr'><strong>sententiam</strong></span> <span class='ocrx_word' id='word_1_307' title='bbox 669 3467 847 3525; x_wconf 86' lang='lat' dir='ltr'><strong>arbitrariam</strong></span> <span class='ocrx_word' id='word_1_308' title='bbox 870 3469 944 3524; x_wconf 89' lang='lat' dir='ltr'><strong>inter</strong></span> 
     </span>
     <span class='ocr_line' id='line_1_39' title="bbox 179 3554 942 3629; baseline -0.003 -15"><span class='ocrx_word' id='word_1_309' title='bbox 179 3555 320 3614; x_wconf 85' lang='lat' dir='ltr'><strong>ecclesias</strong></span> <span class='ocrx_word' id='word_1_310' title='bbox 334 3557 362 3614; x_wconf 87' lang='lat' dir='ltr'><strong>S.</strong></span> <span class='ocrx_word' id='word_1_311' title='bbox 378 3555 490 3616; x_wconf 86' lang='lat' dir='ltr'><strong>llartiui</strong></span> <span class='ocrx_word' id='word_1_312' title='bbox 505 3556 576 3613; x_wconf 87' lang='lat' dir='ltr'><strong>ets.</strong></span> <span class='ocrx_word' id='word_1_313' title='bbox 596 3556 742 3629; x_wconf 80' lang='lat' dir='ltr'><strong>Frigdiaai</strong></span> <span class='ocrx_word' id='word_1_314' title='bbox 761 3555 798 3613; x_wconf 88' lang='lat' dir='ltr'><strong>ad</strong></span> <span class='ocrx_word' id='word_1_315' title='bbox 816 3554 942 3613; x_wconf 83' lang='lat' dir='ltr'><strong>savorem</strong></span> 
     </span>
     <span class='ocr_line' id='line_1_40' title="bbox 180 3642 945 3717; baseline -0.001 -15"><span class='ocrx_word' id='word_1_316' title='bbox 180 3645 213 3702; x_wconf 86' lang='lat' dir='ltr'><strong>S.</strong></span> <span class='ocrx_word' id='word_1_317' title='bbox 229 3643 375 3717; x_wconf 78' lang='lat' dir='ltr'><strong>Frigdiani</strong></span> <span class='ocrx_word' id='word_1_318' title='bbox 381 3659 390 3716; x_wconf 83' lang='lat'><em>3</em></span> <span class='ocrx_word' id='word_1_319' title='bbox 406 3644 503 3702; x_wconf 88' lang='lat' dir='ltr'><strong>statuit</strong></span> <span class='ocrx_word' id='word_1_320' title='bbox 516 3651 547 3700; x_wconf 90' lang='lat' dir='ltr'><strong>ut</strong></span> <span class='ocrx_word' id='word_1_321' title='bbox 565 3651 623 3701; x_wconf 89' lang='lat' dir='ltr'><strong>tres</strong></span> <span class='ocrx_word' id='word_1_322' title='bbox 637 3649 748 3701; x_wconf 88' lang='lat' dir='ltr'><strong>tantum</strong></span> <span class='ocrx_word' id='word_1_323' title='bbox 762 3644 893 3700; x_wconf 89' lang='lat' dir='ltr'><strong>canonici</strong></span> <span class='ocrx_word' id='word_1_324' title='bbox 908 3642 945 3701; x_wconf 85' lang='lat' dir='ltr'><strong>ad</strong></span> 
     </span>
    </p>
   </div>
   <div class='ocr_carea' id='block_1_9' title="bbox 177 3729 946 3880">
    <p class='ocr_par' dir='ltr' id='par_1_11' title="bbox 177 3729 946 3880">
     <span class='ocr_line' id='line_1_41' title="bbox 178 3729 946 3806; baseline -0.004 -16"><span class='ocrx_word' id='word_1_325' title='bbox 178 3731 330 3792; x_wconf 87' lang='lat' dir='ltr'><strong>arbitrium</strong></span> <span class='ocrx_word' id='word_1_326' title='bbox 341 3733 443 3806; x_wconf 88' lang='lat' dir='ltr'><strong>prioris</strong></span> <span class='ocrx_word' id='word_1_327' title='bbox 450 3730 606 3804; x_wconf 86' lang='lat' dir='ltr'><strong>deputandi</strong></span> <span class='ocrx_word' id='word_1_328' title='bbox 616 3729 652 3790; x_wconf 85' lang='lat' dir='ltr'><strong>ad</strong></span> <span class='ocrx_word' id='word_1_329' title='bbox 663 3731 815 3789; x_wconf 86' lang='lat' dir='ltr'><strong>ecclesiam</strong></span> <span class='ocrx_word' id='word_1_330' title='bbox 828 3730 858 3788; x_wconf 84' lang='lat' dir='ltr'><strong>S.</strong></span> <span class='ocrx_word' id='word_1_331' title='bbox 873 3731 946 3790; x_wconf 89' lang='lat' dir='ltr'><strong>llar-</strong></span> 
     </span>
     <span class='ocr_line' id='line_1_42' title="bbox 177 3817 645 3880; baseline -0.006 0"><span class='ocrx_word' id='word_1_332' title='bbox 177 3821 235 3880; x_wconf 87' lang='lat' dir='ltr'><strong>tiui</strong></span> <span class='ocrx_word' id='word_1_333' title='bbox 248 3821 334 3880; x_wconf 84' lang='lat' dir='ltr'><strong>certis</strong></span> <span class='ocrx_word' id='word_1_334' title='bbox 348 3819 449 3878; x_wconf 85' lang='lat' dir='ltr'><strong>diebus</strong></span> <span class='ocrx_word' id='word_1_335' title='bbox 462 3817 645 3878; x_wconf 87' lang='lat' dir='ltr'><strong>conveniant.</strong></span> 
     </span>
    </p>
   </div>
   <div class='ocr_carea' id='block_1_10' title="bbox 1339 3633 1456 3721">
    <p class='ocr_par' dir='ltr' id='par_1_12' title="bbox 1339 3633 1456 3721">
     <span class='ocr_line' id='line_1_43' title="bbox 1339 3633 1456 3721; baseline 0.017 -2"><span class='ocrx_word' id='word_1_336' title='bbox 1339 3633 1456 3721; x_wconf 82' lang='lat' dir='ltr'>CLXI</span> 
     </span>
    </p>
   </div>
   <div class='ocr_carea' id='block_1_11' title="bbox 1078 3837 1716 3913">
    <p class='ocr_par' dir='ltr' id='par_1_13' title="bbox 1078 3837 1716 3913">
     <span class='ocr_line' id='line_1_44' title="bbox 1078 3837 1716 3913; baseline -0.003 -13"><span class='ocrx_word' id='word_1_337' title='bbox 1078 3839 1130 3900; x_wconf 77' lang='lat' dir='ltr'><strong>Aa</strong></span> <span class='ocrx_word' id='word_1_338' title='bbox 1143 3837 1373 3913; x_wconf 73' lang='lat' dir='ltr'><strong>prepositum</strong></span> <span class='ocrx_word' id='word_1_339' title='bbox 1391 3841 1499 3912; x_wconf 81' lang='lat' dir='ltr'><strong>plebis</strong></span> <span class='ocrx_word' id='word_1_340' title='bbox 1518 3839 1559 3899; x_wconf 80' lang='lat' dir='ltr'><strong>dc</strong></span> <span class='ocrx_word' id='word_1_341' title='bbox 1581 3840 1716 3899; x_wconf 79' lang='lat' dir='ltr'><strong>Brtssto</strong></span> 
     </span>
    </p>
   </div>
   <div class='ocr_carea' id='block_1_12' title="bbox 139 3976 946 5126">
    <p class='ocr_par' dir='ltr' id='par_1_14' title="bbox 139 3976 946 5126">
     <span class='ocr_line' id='line_1_45' title="bbox 183 3976 941 4059; baseline -0.007 -14"><span class='ocrx_word' id='word_1_342' title='bbox 183 3985 234 4045; x_wconf 88' lang='lat' dir='ltr'><strong>Ea</strong></span> <span class='ocrx_word' id='word_1_343' title='bbox 257 3997 330 4059; x_wconf 86' lang='lat' dir='ltr'><strong>quae</strong></span> <span class='ocrx_word' id='word_1_344' title='bbox 345 3993 405 4057; x_wconf 91' lang='lat' dir='ltr'><strong>per</strong></span> <span class='ocrx_word' id='word_1_345' title='bbox 425 3976 715 4055; x_wconf 82' lang='lat' dir='ltr'><strong>improvidentiam</strong></span> <span class='ocrx_word' id='word_1_346' title='bbox 738 3977 941 4054; x_wconf 89' lang='lat' dir='ltr'><strong>statuuntur,</strong></span> 
     </span>
     <span class='ocr_line' id='line_1_46' title="bbox 139 4075 941 4162; baseline -0.007 -18"><span class='ocrx_word' id='word_1_347' title='bbox 139 4077 287 4162; x_wconf 90' lang='lat' dir='ltr'><strong>provida</strong></span> <span class='ocrx_word' id='word_1_348' title='bbox 298 4091 358 4138; x_wconf 89' lang='lat' dir='ltr'><strong>nos</strong></span> <span class='ocrx_word' id='word_1_349' title='bbox 374 4075 467 4138; x_wconf 89' lang='lat' dir='ltr'><strong>decet</strong></span> <span class='ocrx_word' id='word_1_350' title='bbox 481 4075 747 4139; x_wconf 87' lang='lat' dir='ltr'><strong>consideratione</strong></span> <span class='ocrx_word' id='word_1_351' title='bbox 762 4077 941 4154; x_wconf 81' lang='lat' dir='ltr'><strong>corrigere,</strong></span> 
     </span>
     <span class='ocr_line' id='line_1_47' title="bbox 139 4173 945 4258; baseline -0.006 -17"><span class='ocrx_word' id='word_1_352' title='bbox 139 4173 333 4258; x_wconf 87' lang='lat' dir='ltr'><strong>praesertim</strong></span> <span class='ocrx_word' id='word_1_353' title='bbox 364 4189 439 4235; x_wconf 90' lang='lat' dir='ltr'><strong>oum</strong></span> <span class='ocrx_word' id='word_1_354' title='bbox 468 4175 501 4236; x_wconf 88' lang='lat' dir='ltr'><strong>et</strong></span> <span class='ocrx_word' id='word_1_355' title='bbox 521 4173 652 4235; x_wconf 88' lang='lat' dir='ltr'><strong>ratione</strong></span> <span class='ocrx_word' id='word_1_356' title='bbox 680 4175 758 4237; x_wconf 89' lang='lat' dir='ltr'><strong>sunt</strong></span> <span class='ocrx_word' id='word_1_357' title='bbox 784 4190 891 4237; x_wconf 90' lang='lat' dir='ltr'><strong>vacua</strong></span> <span class='ocrx_word' id='word_1_358' title='bbox 912 4175 945 4236; x_wconf 91' lang='lat' dir='ltr'><strong>et</strong></span> 
     </span>
     <span class='ocr_line' id='line_1_48' title="bbox 139 4271 943 4350; baseline -0.006 -11"><span class='ocrx_word' id='word_1_359' title='bbox 139 4275 270 4339; x_wconf 89' lang='lat' dir='ltr'><strong>statum</strong></span> <span class='ocrx_word' id='word_1_360' title='bbox 292 4273 432 4335; x_wconf 91' lang='lat' dir='ltr'><strong>onerant</strong></span> <span class='ocrx_word' id='word_1_361' title='bbox 454 4271 628 4345; x_wconf 88' lang='lat' dir='ltr'><strong>libertatis,</strong></span> <span class='ocrx_word' id='word_1_362' title='bbox 646 4288 685 4334; x_wconf 90' lang='lat' dir='ltr'><strong>ac</strong></span> <span class='ocrx_word' id='word_1_363' title='bbox 706 4271 784 4335; x_wconf 89' lang='lat' dir='ltr'><strong>Sedi</strong></span> <span class='ocrx_word' id='word_1_364' title='bbox 797 4273 943 4350; x_wconf 82' lang='lat' dir='ltr'><strong>Aposto-</strong></span> 
     </span>
     <span class='ocr_line' id='line_1_49' title="bbox 140 4369 945 4447; baseline -0.004 -14"><span class='ocrx_word' id='word_1_365' title='bbox 140 4373 222 4434; x_wconf 86' lang='lat' dir='ltr'><strong>licae</strong></span> <span class='ocrx_word' id='word_1_366' title='bbox 248 4369 480 4447; x_wconf 87' lang='lat' dir='ltr'><strong>praejudicium</strong></span> <span class='ocrx_word' id='word_1_367' title='bbox 511 4369 633 4431; x_wconf 81' lang='lat' dir='ltr'><strong>afferre</strong></span> <span class='ocrx_word' id='word_1_368' title='bbox 658 4369 824 4431; x_wconf 88' lang='lat' dir='ltr'><strong>videntur.</strong></span> <span class='ocrx_word' id='word_1_369' title='bbox 857 4371 945 4430; x_wconf 84' lang='lat' dir='ltr'><strong>Saue</strong></span> 
     </span>
     <span class='ocr_line' id='line_1_50' title="bbox 142 4465 943 4548; baseline -0.005 -19"><span class='ocrx_word' id='word_1_370' title='bbox 142 4467 355 4548; x_wconf 88' lang='lat' dir='ltr'><strong>pervenitad</strong></span> <span class='ocrx_word' id='word_1_371' title='bbox 371 4465 573 4528; x_wconf 90' lang='lat' dir='ltr'><strong>audientiam</strong></span> <span class='ocrx_word' id='word_1_372' title='bbox 594 4466 753 4538; x_wconf 86' lang='lat' dir='ltr'><strong>nostram,</strong></span> <span class='ocrx_word' id='word_1_373' title='bbox 775 4465 861 4544; x_wconf 88' lang='lat' dir='ltr'><strong>quod</strong></span> <span class='ocrx_word' id='word_1_374' title='bbox 877 4465 943 4526; x_wconf 91' lang='lat' dir='ltr'><strong>du-</strong></span> 
     </span>
     <span class='ocr_line' id='line_1_51' title="bbox 142 4562 941 4639; baseline -0.008 -11"><span class='ocrx_word' id='word_1_375' title='bbox 142 4568 226 4628; x_wconf 89' lang='lat' dir='ltr'><strong>dum</strong></span> <span class='ocrx_word' id='word_1_376' title='bbox 246 4563 334 4626; x_wconf 86' lang='lat' dir='ltr'><strong>inter</strong></span> <span class='ocrx_word' id='word_1_377' title='bbox 350 4564 525 4626; x_wconf 87' lang='lat' dir='ltr'><strong>ecclesiam</strong></span> <span class='ocrx_word' id='word_1_378' title='bbox 540 4564 685 4626; x_wconf 88' lang='lat' dir='ltr'><strong>vestram</strong></span> <span class='ocrx_word' id='word_1_379' title='bbox 700 4579 743 4624; x_wconf 81' lang='lat' dir='ltr'><strong>ex</strong></span> <span class='ocrx_word' id='word_1_380' title='bbox 758 4562 852 4639; x_wconf 87' lang='lat' dir='ltr'><strong>parte</strong></span> <span class='ocrx_word' id='word_1_381' title='bbox 864 4577 941 4634; x_wconf 89' lang='lat' dir='ltr'><strong>una,</strong></span> 
     </span>
     <span class='ocr_line' id='line_1_52' title="bbox 143 4659 944 4737; baseline -0.004 -12"><span class='ocrx_word' id='word_1_382' title='bbox 143 4663 181 4725; x_wconf 88' lang='lat' dir='ltr'><strong>et</strong></span> <span class='ocrx_word' id='word_1_383' title='bbox 200 4661 339 4724; x_wconf 89' lang='lat' dir='ltr'><strong>dilectos</strong></span> <span class='ocrx_word' id='word_1_384' title='bbox 364 4661 451 4722; x_wconf 89' lang='lat' dir='ltr'><strong>lilios</strong></span> <span class='ocrx_word' id='word_1_385' title='bbox 473 4660 654 4737; x_wconf 88' lang='lat' dir='ltr'><strong>capitulum</strong></span> <span class='ocrx_word' id='word_1_386' title='bbox 676 4660 782 4721; x_wconf 88' lang='lat' dir='ltr'><strong>sancti</strong></span> <span class='ocrx_word' id='word_1_387' title='bbox 808 4659 944 4722; x_wconf 88' lang='lat' dir='ltr'><strong>Martini</strong></span> 
     </span>
     <span class='ocr_line' id='line_1_53' title="bbox 145 4755 944 4835; baseline -0.006 -13"><span class='ocrx_word' id='word_1_388' title='bbox 145 4759 276 4822; x_wconf 89' lang='lat' dir='ltr'><strong>Lucani</strong></span> <span class='ocrx_word' id='word_1_389' title='bbox 291 4774 334 4820; x_wconf 81' lang='lat' dir='ltr'><strong>ex</strong></span> <span class='ocrx_word' id='word_1_390' title='bbox 352 4757 470 4831; x_wconf 88' lang='lat' dir='ltr'><strong>altera,</strong></span> <span class='ocrx_word' id='word_1_391' title='bbox 484 4757 680 4835; x_wconf 87' lang='lat' dir='ltr'><strong>quibusdam</strong></span> <span class='ocrx_word' id='word_1_392' title='bbox 707 4755 944 4835; x_wconf 85' lang='lat' dir='ltr'><strong>quaestionibus</strong></span> 
     </span>
     <span class='ocr_line' id='line_1_54' title="bbox 145 4854 944 4934; baseline -0.004 -15"><span class='ocrx_word' id='word_1_393' title='bbox 145 4855 330 4928; x_wconf 89' lang='lat' dir='ltr'><strong>suscitatis,</strong></span> <span class='ocrx_word' id='word_1_394' title='bbox 344 4855 432 4917; x_wconf 85' lang='lat' dir='ltr'><strong>inter</strong></span> <span class='ocrx_word' id='word_1_395' title='bbox 444 4855 486 4916; x_wconf 88' lang='lat' dir='ltr'><strong>K.</strong></span> <span class='ocrx_word' id='word_1_396' title='bbox 502 4854 730 4934; x_wconf 85' lang='lat' dir='ltr'><strong>presbyterum</strong></span> <span class='ocrx_word' id='word_1_397' title='bbox 752 4855 785 4916; x_wconf 91' lang='lat' dir='ltr'><strong>et</strong></span> <span class='ocrx_word' id='word_1_398' title='bbox 799 4854 944 4931; x_wconf 87' lang='lat' dir='ltr'><strong>priorem</strong></span> 
     </span>
     <span class='ocr_line' id='line_1_55' title="bbox 146 4949 946 5025; baseline -0.003 -9"><span class='ocrx_word' id='word_1_399' title='bbox 146 4951 257 5016; x_wconf 88' lang='lat' dir='ltr'><strong>sancti</strong></span> <span class='ocrx_word' id='word_1_400' title='bbox 269 4953 443 5015; x_wconf 87' lang='lat' dir='ltr'><strong>Michaelis</strong></span> <span class='ocrx_word' id='word_1_401' title='bbox 452 4952 595 5025; x_wconf 66' lang='lat' dir='ltr'><strong>debore,</strong></span> <span class='ocrx_word' id='word_1_402' title='bbox 610 4953 643 5015; x_wconf 89' lang='lat' dir='ltr'><strong>et</strong></span> <span class='ocrx_word' id='word_1_403' title='bbox 655 4949 852 5014; x_wconf 84' lang='lat' dir='ltr'><strong>Gotilridum</strong></span> <span class='ocrx_word' id='word_1_404' title='bbox 864 4954 946 5014; x_wconf 83' lang='lat' dir='ltr'><strong>Cau-</strong></span> 
     </span>
     <span class='ocr_line' id='line_1_56' title="bbox 147 5049 942 5126; baseline -0.003 -14"><span class='ocrx_word' id='word_1_405' title='bbox 147 5050 302 5122; x_wconf 90' lang='lat' dir='ltr'><strong>sidicum‚</strong></span> <span class='ocrx_word' id='word_1_406' title='bbox 319 5051 477 5126; x_wconf 89' lang='lat' dir='ltr'><strong>tanquam</strong></span> <span class='ocrx_word' id='word_1_407' title='bbox 501 5049 536 5112; x_wconf 91' lang='lat' dir='ltr'><strong>in</strong></span> <span class='ocrx_word' id='word_1_408' title='bbox 555 5049 700 5111; x_wconf 88' lang='lat' dir='ltr'><strong>arbitros</strong></span> <span class='ocrx_word' id='word_1_409' title='bbox 728 5049 942 5123; x_wconf 89' lang='lat' dir='ltr'><strong>convenistis,</strong></span> 
     </span>
    </p>
   </div>
   <div class='ocr_carea' id='block_1_13' title="bbox 1190 3937 1614 4168">
    <p class='ocr_par' dir='ltr' id='par_1_15' title="bbox 1190 3937 1614 4168">
     <span class='ocr_line' id='line_1_57' title="bbox 1190 3937 1614 4000; baseline -0.005 -2"><span class='ocrx_word' id='word_1_410' title='bbox 1190 3937 1435 3998; x_wconf 73' lang='lat' dir='ltr'><strong>maureconem.</strong></span> <span class='ocrx_word' id='word_1_411' title='bbox 1451 3938 1614 4000; x_wconf 79' lang='lat' dir='ltr'><strong>dtaecests.</strong></span> 
     </span>
     <span class='ocr_line' id='line_1_58' title="bbox 1290 4094 1503 4168; baseline -0.014 -16"><span class='ocrx_word' id='word_1_412' title='bbox 1290 4095 1324 4154; x_wconf 89' lang='lat' dir='ltr'><strong>l8</strong></span> <span class='ocrx_word' id='word_1_413' title='bbox 1340 4095 1401 4168; x_wconf 86' lang='lat' dir='ltr'><strong>jan.</strong></span> <span class='ocrx_word' id='word_1_414' title='bbox 1424 4094 1503 4154; x_wconf 76' lang='lat'><strong>1217.</strong></span> 
     </span>
    </p>
   </div>
   <div class='ocr_carea' id='block_1_14' title="bbox 1030 4267 1764 4338">
    <p class='ocr_par' dir='ltr' id='par_1_16' title="bbox 1030 4267 1764 4338">
     <span class='ocr_line' id='line_1_59' title="bbox 1030 4267 1764 4338; baseline -0.008 -16"><span class='ocrx_word' id='word_1_415' title='bbox 1030 4271 1103 4338; x_wconf 83' lang='lat' dir='ltr'><strong>[Coti.</strong></span> <span class='ocrx_word' id='word_1_416' title='bbox 1115 4270 1161 4322; x_wconf 81' lang='lat' dir='ltr'><strong>lat.</strong></span> <span class='ocrx_word' id='word_1_417' title='bbox 1172 4267 1243 4330; x_wconf 81' lang='lat' dir='ltr'><strong>aeti,</strong></span> <span class='ocrx_word' id='word_1_418' title='bbox 1254 4285 1280 4334; x_wconf 91' lang='lat' dir='ltr'><strong>p.</strong></span> <span class='ocrx_word' id='word_1_419' title='bbox 1294 4269 1333 4322; x_wconf 79' lang='lat' dir='ltr'><strong>dd.</strong></span> <span class='ocrx_word' id='word_1_420' title='bbox 1349 4269 1407 4319; x_wconf 83' lang='lat' dir='ltr'><strong>lisa.</strong></span> <span class='ocrx_word' id='word_1_421' title='bbox 1422 4267 1601 4334; x_wconf 78' lang='lat' dir='ltr'><strong>bibliotheque</strong></span> <span class='ocrx_word' id='word_1_422' title='bbox 1613 4267 1764 4330; x_wconf 75' lang='lat' dir='ltr'><strong>redonata]</strong></span> 
     </span>
    </p>
   </div>
   <div class='ocr_carea' id='block_1_15' title="bbox 999 4425 1795 4591">
    <p class='ocr_par' dir='ltr' id='par_1_17' title="bbox 999 4425 1795 4591">
     <span class='ocr_line' id='line_1_60' title="bbox 999 4425 1793 4501; baseline -0.004 -14"><span class='ocrx_word' id='word_1_423' title='bbox 999 4427 1155 4500; x_wconf 86' lang='lat' dir='ltr'><strong>Praeposito</strong></span> <span class='ocrx_word' id='word_1_424' title='bbox 1167 4427 1258 4501; x_wconf 86' lang='lat' dir='ltr'><strong>plebis</strong></span> <span class='ocrx_word' id='word_1_425' title='bbox 1267 4425 1301 4484; x_wconf 87' lang='lat' dir='ltr'><strong>de</strong></span> <span class='ocrx_word' id='word_1_426' title='bbox 1312 4425 1417 4485; x_wconf 89' lang='lat' dir='ltr'><strong>Brissio</strong></span> <span class='ocrx_word' id='word_1_427' title='bbox 1429 4425 1650 4486; x_wconf 83' lang='lat' dir='ltr'><strong>Mediolanensia</strong></span> <span class='ocrx_word' id='word_1_428' title='bbox 1660 4425 1793 4485; x_wconf 83' lang='lat' dir='ltr'><strong>dioecesis</strong></span> 
     </span>
     <span class='ocr_line' id='line_1_61' title="bbox 1034 4515 1795 4591; baseline -0.001 -17"><span class='ocrx_word' id='word_1_429' title='bbox 1034 4515 1178 4591; x_wconf 76' lang='lat' dir='ltr'><strong>siguificat</strong></span> <span class='ocrx_word' id='word_1_430' title='bbox 1197 4531 1230 4574; x_wconf 92' lang='lat' dir='ltr'><strong>se</strong></span> <span class='ocrx_word' id='word_1_431' title='bbox 1248 4517 1393 4573; x_wconf 87' lang='lat' dir='ltr'><strong>relaxasse</strong></span> <span class='ocrx_word' id='word_1_432' title='bbox 1407 4516 1578 4573; x_wconf 85' lang='lat' dir='ltr'><strong>senteutiam</strong></span> <span class='ocrx_word' id='word_1_433' title='bbox 1597 4517 1795 4589; x_wconf 87' lang='lat' dir='ltr'><strong>suspensionis</strong></span> 
     </span>
    </p>
   </div>
   <div class='ocr_carea' id='block_1_16' title="bbox 1034 4605 1914 4678">
    <p class='ocr_par' dir='ltr' id='par_1_18' title="bbox 1034 4605 1914 4678">
     <span class='ocr_line' id='line_1_62' title="bbox 1034 4605 1914 4678; baseline -0.003 -13"><span class='ocrx_word' id='word_1_434' title='bbox 1034 4607 1121 4665; x_wconf 88' lang='lat' dir='ltr'><strong>latam</strong></span> <span class='ocrx_word' id='word_1_435' title='bbox 1131 4615 1228 4664; x_wconf 88' lang='lat' dir='ltr'><strong>contra</strong></span> <span class='ocrx_word' id='word_1_436' title='bbox 1244 4605 1380 4663; x_wconf 88' lang='lat' dir='ltr'><strong>clericum</strong></span> <span class='ocrx_word' id='word_1_437' title='bbox 1390 4605 1528 4674; x_wconf 84' lang='lat' dir='ltr'><strong>salinum,</strong></span> <span class='ocrx_word' id='word_1_438' title='bbox 1542 4606 1590 4677; x_wconf 85' lang='lat' dir='ltr'><strong>qui</strong></span> <span class='ocrx_word' id='word_1_439' title='bbox 1606 4611 1796 4678; x_wconf 78' lang='lat' dir='ltr'><strong>praceptatus</strong></span> <span class='ocrx_word' id='word_1_440' title='bbox 1912 4611 1914 4616; x_wconf 83' lang='lat'>&#39;</span> 
     </span>
    </p>
   </div>
   <div class='ocr_carea' id='block_1_17' title="bbox 1034 4691 1796 4932">
    <p class='ocr_par' dir='ltr' id='par_1_19' title="bbox 1034 4691 1796 4932">
     <span class='ocr_line' id='line_1_63' title="bbox 1034 4691 1791 4768; baseline -0.005 -14"><span class='ocrx_word' id='word_1_441' title='bbox 1034 4693 1126 4754; x_wconf 87' lang='lat' dir='ltr'><strong>luerat</strong></span> <span class='ocrx_word' id='word_1_442' title='bbox 1138 4701 1252 4768; x_wconf 88' lang='lat' dir='ltr'><strong>propter</strong></span> <span class='ocrx_word' id='word_1_443' title='bbox 1266 4693 1459 4766; x_wconf 87' lang='lat' dir='ltr'><strong>receptionem</strong></span> <span class='ocrx_word' id='word_1_444' title='bbox 1473 4693 1629 4751; x_wconf 86' lang='lat' dir='ltr'><strong>litterarum</strong></span> <span class='ocrx_word' id='word_1_445' title='bbox 1645 4691 1791 4763; x_wconf 82' lang='lat' dir='ltr'><strong>talearum,</strong></span> 
     </span>
     <span class='ocr_line' id='line_1_64' title="bbox 1034 4780 1796 4857; baseline -0.005 -13"><span class='ocrx_word' id='word_1_446' title='bbox 1034 4799 1099 4844; x_wconf 89' lang='lat' dir='ltr'><strong>cum</strong></span> <span class='ocrx_word' id='word_1_447' title='bbox 1114 4798 1171 4842; x_wconf 89' lang='lat' dir='ltr'><strong>nou</strong></span> <span class='ocrx_word' id='word_1_448' title='bbox 1185 4782 1317 4857; x_wconf 86' lang='lat' dir='ltr'><strong>probetur</strong></span> <span class='ocrx_word' id='word_1_449' title='bbox 1336 4781 1470 4842; x_wconf 88' lang='lat' dir='ltr'><strong>eumdem</strong></span> <span class='ocrx_word' id='word_1_450' title='bbox 1486 4781 1605 4842; x_wconf 87' lang='lat' dir='ltr'><strong>scivisse</strong></span> <span class='ocrx_word' id='word_1_451' title='bbox 1621 4782 1685 4840; x_wconf 89' lang='lat' dir='ltr'><strong>illas</strong></span> <span class='ocrx_word' id='word_1_452' title='bbox 1706 4780 1796 4842; x_wconf 87' lang='lat' dir='ltr'><strong>luisse</strong></span> 
     </span>
     <span class='ocr_line' id='line_1_65' title="bbox 1034 4873 1131 4932; baseline -0.041 0"><span class='ocrx_word' id='word_1_453' title='bbox 1034 4873 1131 4932; x_wconf 87' lang='lat' dir='ltr'><strong>lalsas.</strong></span> 
     </span>
    </p>
   </div>
   <div class='ocr_carea' id='block_1_18' title="bbox 1039 5036 1795 5118">
    <p class='ocr_par' dir='ltr' id='par_1_20' title="bbox 1039 5036 1795 5118">
     <span class='ocr_line' id='line_1_66' title="bbox 1039 5036 1795 5118; baseline -0.007 -15"><span class='ocrx_word' id='word_1_454' title='bbox 1039 5041 1099 5104; x_wconf 93' lang='lat' dir='ltr'><strong>Illo</strong></span> <span class='ocrx_word' id='word_1_455' title='bbox 1113 5039 1169 5118; x_wconf 87' lang='lat' dir='ltr'><strong>qui</strong></span> <span class='ocrx_word' id='word_1_456' title='bbox 1180 5039 1314 5102; x_wconf 89' lang='lat' dir='ltr'><strong>mentiri</strong></span> <span class='ocrx_word' id='word_1_457' title='bbox 1334 5054 1399 5100; x_wconf 90' lang='lat' dir='ltr'><strong>nou</strong></span> <span class='ocrx_word' id='word_1_458' title='bbox 1414 5037 1521 5115; x_wconf 82' lang='lat' dir='ltr'><strong>potest</strong></span> <span class='ocrx_word' id='word_1_459' title='bbox 1539 5036 1726 5099; x_wconf 80' lang='lat' dir='ltr'><strong>affirmante</strong></span> <span class='ocrx_word' id='word_1_460' title='bbox 1742 5037 1795 5098; x_wconf 86' lang='lat' dir='ltr'><strong>di-</strong></span> 
     </span>
    </p>
   </div>
   <div class='ocr_carea' id='block_1_19' title="bbox 147 5134 1798 5718">
    <p class='ocr_par' dir='ltr' id='par_1_21' title="bbox 147 5134 1798 5718">
     <span class='ocr_line' id='line_1_67' title="bbox 147 5134 1794 5228; baseline -0.009 -17"><span class='ocrx_word' id='word_1_461' title='bbox 147 5150 292 5212; x_wconf 91' lang='lat' dir='ltr'><strong>invicem</strong></span> <span class='ocrx_word' id='word_1_462' title='bbox 311 5148 551 5226; x_wconf 88' lang='lat' dir='ltr'><strong>promittentes,</strong></span> <span class='ocrx_word' id='word_1_463' title='bbox 568 5147 655 5226; x_wconf 87' lang='lat' dir='ltr'><strong>quod</strong></span> <span class='ocrx_word' id='word_1_464' title='bbox 671 5148 829 5228; x_wconf 86' lang='lat' dir='ltr'><strong>quidquid</strong></span> <span class='ocrx_word' id='word_1_465' title='bbox 843 5148 944 5210; x_wconf 92' lang='lat' dir='ltr'><strong>iidem</strong></span> <span class='ocrx_word' id='word_1_466' title='bbox 999 5139 1150 5210; x_wconf 88' lang='lat' dir='ltr'><strong>dicimus,</strong></span> <span class='ocrx_word' id='word_1_467' title='bbox 1165 5136 1252 5214; x_wconf 86' lang='lat' dir='ltr'><strong>quod</strong></span> <span class='ocrx_word' id='word_1_468' title='bbox 1274 5134 1506 5197; x_wconf 89' lang='lat' dir='ltr'><strong>misericordes</strong></span> <span class='ocrx_word' id='word_1_469' title='bbox 1530 5134 1794 5196; x_wconf 88' lang='lat' dir='ltr'><strong>misericordiam</strong></span> 
     </span>
     <span class='ocr_line' id='line_1_68' title="bbox 149 5231 1794 5324; baseline -0.015 -14"><span class='ocrx_word' id='word_1_470' title='bbox 149 5247 359 5310; x_wconf 88' lang='lat' dir='ltr'><strong>concorditer</strong></span> <span class='ocrx_word' id='word_1_471' title='bbox 387 5261 487 5324; x_wconf 88' lang='lat' dir='ltr'><strong>super</strong></span> <span class='ocrx_word' id='word_1_472' title='bbox 518 5247 734 5324; x_wconf 88' lang='lat' dir='ltr'><strong>quaestiouem</strong></span> <span class='ocrx_word' id='word_1_473' title='bbox 758 5247 946 5324; x_wconf 89' lang='lat' dir='ltr'><strong>processio-</strong></span> <span class='ocrx_word' id='word_1_474' title='bbox 1000 5234 1256 5313; x_wconf 80' lang='lat' dir='ltr'><strong>consequuntur,</strong></span> <span class='ocrx_word' id='word_1_475' title='bbox 1278 5233 1335 5311; x_wconf 88' lang='lat' dir='ltr'><strong>qui</strong></span> <span class='ocrx_word' id='word_1_476' title='bbox 1355 5233 1455 5292; x_wconf 89' lang='lat' dir='ltr'><strong>etiam</strong></span> <span class='ocrx_word' id='word_1_477' title='bbox 1478 5246 1540 5292; x_wconf 90' lang='lat' dir='ltr'><strong>nos</strong></span> <span class='ocrx_word' id='word_1_478' title='bbox 1564 5231 1794 5294; x_wconf 79' lang='lat' dir='ltr'><strong>misericordia</strong></span> 
     </span>
     <span class='ocr_line' id='line_1_69' title="bbox 149 5327 1792 5422; baseline -0.008 -16"><span class='ocrx_word' id='word_1_479' title='bbox 149 5345 214 5418; x_wconf 86' lang='lat' dir='ltr'><strong>nis,</strong></span> <span class='ocrx_word' id='word_1_480' title='bbox 225 5360 299 5422; x_wconf 83' lang='lat' dir='ltr'><strong>quae</strong></span> <span class='ocrx_word' id='word_1_481' title='bbox 319 5343 392 5406; x_wconf 85' lang='lat' dir='ltr'><strong>lieri</strong></span> <span class='ocrx_word' id='word_1_482' title='bbox 407 5344 493 5406; x_wconf 90' lang='lat' dir='ltr'><strong>solet</strong></span> <span class='ocrx_word' id='word_1_483' title='bbox 507 5343 543 5405; x_wconf 92' lang='lat' dir='ltr'><strong>in</strong></span> <span class='ocrx_word' id='word_1_484' title='bbox 561 5341 797 5406; x_wconf 82' lang='lat' dir='ltr'><strong>festivitatibus</strong></span> <span class='ocrx_word' id='word_1_485' title='bbox 811 5344 947 5406; x_wconf 89' lang='lat' dir='ltr'><strong>sancto-</strong></span> <span class='ocrx_word' id='word_1_486' title='bbox 1000 5335 1116 5412; x_wconf 80' lang='lat' dir='ltr'><strong>dignos</strong></span> <span class='ocrx_word' id='word_1_487' title='bbox 1138 5331 1289 5394; x_wconf 79' lang='lat' dir='ltr'><strong>invenire</strong></span> <span class='ocrx_word' id='word_1_488' title='bbox 1313 5328 1517 5401; x_wconf 77' lang='lat' dir='ltr'><strong>desiderans,</strong></span> <span class='ocrx_word' id='word_1_489' title='bbox 1539 5327 1656 5400; x_wconf 77' lang='lat' dir='ltr'><strong>estote,</strong></span> <span class='ocrx_word' id='word_1_490' title='bbox 1671 5328 1792 5406; x_wconf 86' lang='lat' dir='ltr'><strong>inquit,</strong></span> 
     </span>
     <span class='ocr_line' id='line_1_70' title="bbox 148 5425 1795 5518; baseline -0.009 -16"><span class='ocrx_word' id='word_1_491' title='bbox 148 5459 225 5504; x_wconf 91' lang='lat' dir='ltr'><strong>rum</strong></span> <span class='ocrx_word' id='word_1_492' title='bbox 252 5442 390 5504; x_wconf 90' lang='lat' dir='ltr'><strong>Martini</strong></span> <span class='ocrx_word' id='word_1_493' title='bbox 418 5444 452 5504; x_wconf 92' lang='lat' dir='ltr'><strong>et</strong></span> <span class='ocrx_word' id='word_1_494' title='bbox 479 5442 598 5518; x_wconf 81' lang='lat' dir='ltr'><strong>Reguli</strong></span> <span class='ocrx_word' id='word_1_495' title='bbox 626 5441 659 5503; x_wconf 88' lang='lat' dir='ltr'><strong>et</strong></span> <span class='ocrx_word' id='word_1_496' title='bbox 686 5441 831 5502; x_wconf 89' lang='lat' dir='ltr'><strong>secunda</strong></span> <span class='ocrx_word' id='word_1_497' title='bbox 862 5441 946 5502; x_wconf 87' lang='lat' dir='ltr'><strong>laria</strong></span> <span class='ocrx_word' id='word_1_498' title='bbox 1001 5429 1232 5494; x_wconf 89' lang='lat' dir='ltr'><strong>misericordes</strong></span> <span class='ocrx_word' id='word_1_499' title='bbox 1243 5429 1330 5491; x_wconf 88' lang='lat' dir='ltr'><strong>sicut</strong></span> <span class='ocrx_word' id='word_1_500' title='bbox 1339 5427 1372 5489; x_wconf 84' lang='lat' dir='ltr'><strong>et</strong></span> <span class='ocrx_word' id='word_1_501' title='bbox 1380 5427 1475 5503; x_wconf 90' lang='lat' dir='ltr'><strong>pater</strong></span> <span class='ocrx_word' id='word_1_502' title='bbox 1484 5425 1795 5488; x_wconf 86' lang='lat' dir='ltr'><strong>vestermisericors</strong></span> 
     </span>
     <span class='ocr_line' id='line_1_71' title="bbox 151 5523 1794 5616; baseline -0.011 -14"><span class='ocrx_word' id='word_1_503' title='bbox 151 5539 419 5602; x_wconf 87' lang='lat' dir='ltr'><strong>Resurrectionis</strong></span> <span class='ocrx_word' id='word_1_504' title='bbox 459 5538 651 5612; x_wconf 79' lang='lat' dir='ltr'><strong>Dominicaa,</strong></span> <span class='ocrx_word' id='word_1_505' title='bbox 679 5551 739 5616; x_wconf 88' lang='lat' dir='ltr'><strong>per</strong></span> <span class='ocrx_word' id='word_1_506' title='bbox 772 5537 947 5602; x_wconf 86' lang='lat' dir='ltr'><strong>arbitrium</strong></span> <span class='ocrx_word' id='word_1_507' title='bbox 1001 5532 1062 5604; x_wconf 86' lang='lat' dir='ltr'><strong>est,</strong></span> <span class='ocrx_word' id='word_1_508' title='bbox 1078 5527 1134 5607; x_wconf 88' lang='lat' dir='ltr'><strong>qui</strong></span> <span class='ocrx_word' id='word_1_509' title='bbox 1148 5527 1228 5589; x_wconf 88' lang='lat' dir='ltr'><strong>lacit</strong></span> <span class='ocrx_word' id='word_1_510' title='bbox 1247 5525 1457 5587; x_wconf 90' lang='lat' dir='ltr'><strong>solemsuum</strong></span> <span class='ocrx_word' id='word_1_511' title='bbox 1474 5523 1555 5585; x_wconf 89' lang='lat' dir='ltr'><strong>oriri</strong></span> <span class='ocrx_word' id='word_1_512' title='bbox 1575 5539 1675 5602; x_wconf 88' lang='lat' dir='ltr'><strong>super</strong></span> <span class='ocrx_word' id='word_1_513' title='bbox 1689 5523 1794 5586; x_wconf 90' lang='lat' dir='ltr'><strong>bonos</strong></span> 
     </span>
     <span class='ocr_line' id='line_1_72' title="bbox 151 5620 1798 5718; baseline 0 -21"><span class='ocrx_word' id='word_1_514' title='bbox 151 5635 416 5714; x_wconf 80' lang='lat' dir='ltr'><strong>promulgarent,</strong></span> <span class='ocrx_word' id='word_1_515' title='bbox 433 5638 574 5718; x_wconf 87' lang='lat' dir='ltr'><strong>utraque</strong></span> <span class='ocrx_word' id='word_1_516' title='bbox 592 5651 670 5715; x_wconf 89' lang='lat' dir='ltr'><strong>pars</strong></span> <span class='ocrx_word' id='word_1_517' title='bbox 684 5635 716 5698; x_wconf 93' lang='lat' dir='ltr'><strong>id</strong></span> <span class='ocrx_word' id='word_1_518' title='bbox 729 5635 892 5715; x_wconf 88' lang='lat' dir='ltr'><strong>reciperet</strong></span> <span class='ocrx_word' id='word_1_519' title='bbox 915 5635 948 5700; x_wconf 89' lang='lat' dir='ltr'><strong>et</strong></span> <span class='ocrx_word' id='word_1_520' title='bbox 1002 5628 1035 5691; x_wconf 76' lang='lat' dir='ltr'><strong>et</strong></span> <span class='ocrx_word' id='word_1_521' title='bbox 1049 5625 1164 5700; x_wconf 63' lang='lat' dir='ltr'><strong>malos,</strong></span> <span class='ocrx_word' id='word_1_522' title='bbox 1179 5623 1212 5689; x_wconf 72' lang='grc' dir='ltr'><strong>θῐ</strong></span> <span class='ocrx_word' id='word_1_523' title='bbox 1226 5622 1311 5702; x_wconf 59' lang='lat' dir='ltr'><strong>pluit</strong></span> <span class='ocrx_word' id='word_1_524' title='bbox 1322 5637 1423 5702; x_wconf 88' lang='lat' dir='ltr'><strong>super</strong></span> <span class='ocrx_word' id='word_1_525' title='bbox 1433 5620 1541 5701; x_wconf 87' lang='lat' dir='ltr'><strong>justos</strong></span> <span class='ocrx_word' id='word_1_526' title='bbox 1556 5620 1682 5700; x_wconf 61' lang='lat' dir='ltr'><strong>Pariter</strong></span> <span class='ocrx_word' id='word_1_527' title='bbox 1695 5621 1727 5683; x_wconf 67' lang='lat' dir='ltr'><strong>ei</strong></span> <span class='ocrx_word' id='word_1_528' title='bbox 1741 5621 1798 5683; x_wconf 73' lang='lat' dir='ltr'><strong>iss-</strong></span> 
     </span>
    </p>
   </div>
   <div class='ocr_carea' id='block_1_20' title="bbox 0 0 2126 6404">
    <p class='ocr_par' dir='ltr' id='par_1_22' title="bbox 0 0 2126 6404">
     <span class='ocr_line' id='line_1_73' title="bbox 0 0 2126 6404; baseline 0 0"><span class='ocrx_word' id='word_1_529' title='bbox 0 0 2126 6404; x_wconf 95' lang='lat' dir='ltr'><strong> </strong></span> 
     </span>
    </p>
   </div>
  </div>
 </body>
</html>
