4214 6400
312 303 350 360 lt
936 301 1112 363 HONORII
1134 300 1179 362 111
1201 300 1349 360 OPERA.
1617 299 1622 306 '
1924 301 1967 362 48

355 459 1110 537 EgoCintbius,tituliSanctiLaurentiiinLu-

316 558 391 618 cina
407 559 579 636 presbyter
593 559 784 630 cardinalis,
796 558 988 637 subscripsi.

355 657 422 728 Ego
447 655 635 730 Gregorius
658 655 747 717 tituli
773 657 903 718 Sanctae
925 656 1109 718 Anastasiae

315 749 486 828 presbpter
500 746 690 824 cardinalis,
717 752 909 830 subscripsi.

355 850 422 924 Ego
436 848 564 918 Petrus,
580 849 668 910 tituli
682 850 794 911 Sancti
809 851 979 912 Laurentii
995 851 1029 910 in
1044 852 1112 910 Da-

318 961 410 1006 maso
425 945 599 1024 presbyter
612 946 803 1019 cardinalis
817 947 1009 1024 subscripsi.

357 1045 424 1118 Ego
441 1043 557 1115 auido,
571 1045 683 1106 Sancti
694 1043 823 1105 Nicolai
835 1045 868 1104 in
883 1061 1017 1106 carcere
1032 1044 1112 1105 Tul-

318 1139 407 1199 liano
423 1140 581 1200 diaconus
596 1141 787 1214 cardinalis,
803 1142 997 1220 subscripsi.

357 1239 424 1312 Ego
438 1239 649 1310 Octavianus,
665 1241 861 1302 Sanctorum
875 1240 983 1316 Sergii
997 1240 1030 1301 et
1043 1241 1111 1300 Ba-

211 1403 214 1410 ,
317 1333 370 1393 cbi
387 1334 743 1409 diaconuscardinalis,
758 1336 952 1414 subscripsi.

357 1433 424 1508 Ego
443 1432 624 1505 iohannes,
633 1435 828 1494 Sanctorum
853 1436 978 1496 Cosmae
999 1433 1032 1494 et
1047 1434 1115 1492 Da-

320 1529 423 1589 miani
438 1529 598 1591 diaconus
611 1531 792 1591 cardinalis
806 1530 997 1608 subscripsi.

358 1628 426 1702 Ego
453 1628 637 1698 Romanus
667 1629 778 1689 Sancti
805 1627 923 1704 Angeli
955 1627 1114 1688 diaconus

319 1723 511 1796 cardinalis,
529 1723 720 1801 subscripsi.

361 1822 428 1896 Ego
446 1820 643 1897 Stephanus,
668 1823 782 1885 Sancti
796 1821 933 1884 Adriani
956 1821 1115 1884 diaconus

321 1918 513 1990 cardinalis,
529 1917 721 1996 subscripsi.

361 2016 480 2076 Datum
508 2016 679 2088 Laterani,
704 2032 763 2093 per
788 2033 922 2077 manum
955 2015 1113 2087 Ranerii,

322 2111 444 2190 prioris
460 2113 904 2186 SanctiFridianiLucensis,
915 2113 1039 2174 sanctae
1054 2115 1117 2173 Ro·

322 2224 429 2270 manae
442 2209 598 2271 Ecclesiae
608 2211 922 2284 vicecancellarii,V
932 2211 1008 2272 idus
1024 2212 1117 2272 Octo·

321 2303 402 2380 bris,
423 2307 604 2368 indictione
623 2311 662 2381 V,
676 2309 916 2370 incarnationis
935 2307 1116 2369 Dominicae

322 2419 411 2464 anno
424 2405 592 2476 MCCXVI,
607 2405 816 2484 pontificatus
828 2422 908 2467 vero
918 2405 1043 2467 domini
1053 2407 1117 2466 Ηο-

320 2501 409 2564 norii
422 2505 521 2580 Papae
537 2505 581 2564 ΙΙΙ
596 2518 684 2564 anno
699 2503 817 2580 primo.

637 2671 799 2758 XXXIV

321 2831 631 2892 Adercoacstcrium
642 2833 676 2892 S.
690 2833 881 2893 salvatoris
891 2833 1116 2892 Massiliensis

621 2943 655 3001 12
669 2951 725 3000 oct.
743 2944 822 3001 lili.

323 3065 429 3128 lindie,
448 3065 556 3114 llisloire
573 3066 605 3115 de
623 3065 747 3129 l'libbaye
767 3067 810 3116 des
826 3066 968 3130 religiauses
986 3067 1016 3116 de
1035 3067 1117 3117 Saint-

508 3145 621 3196 Saurcur
633 3145 665 3195 de
676 3145 808 3205 Murseills
826 3162 852 3211 p.
863 3147 929 3208 212]

323 3258 452 3316 intelam
468 3260 634 3317 monasterii
648 3261 776 3334 suscipit,
794 3275 855 3334 equs
871 3263 1068 3334 possessiones
1083 3278 1116 3322 ac

358 3345 434 3404 bona
467 3347 628 3418 coufirmat,
654 3357 739 3424 atque
766 3350 917 3408 abbatissae
947 3351 1115 3409 electionem

356 3434 496 3494 concedit.

362 3572 529 3632 Honorius
538 3573 722 3650 episcopus,
736 3591 851 3636 sersus
861 3591 1031 3637 serrorum
1043 3577 1113 3649 Dei,

322 3667 452 3730 dilectis
476 3668 511 3728 in
534 3669 663 3732 Christo
686 3671 816 3732 filiabus
845 3672 1021 3735 abbatissae
1043 3690 1115 3734 mo-

322 3764 460 3824 nasterii
475 3767 586 3827 Sancti
603 3768 785 3830 saluatoris
796 3770 1018 3832 Massiliensis
1031 3774 1116 3848 ejus·

322 3875 385 3938 que
401 3861 570 3922 sororibus
588 3863 652 3924 tam
663 3866 879 3941 praesentibus
889 3883 986 3942 quam
996 3868 1115 3928 suturis

322 3957 509 4032 regularem
524 3959 626 4020 vitam
639 3961 796 4036 professis
811 3962 846 4023 in
861 3965 1065 4040 perpetuum.

361 4054 583 4117 Prudentibns
608 4057 794 4133 virginibus
817 4041 893 4136 quae
913 4060 973 4121 sub
1000 4061 1114 4123 liabitu

320 4151 504 4228 religionis,
521 4153 671 4215 accensis
691 4155 907 4232 lampadibus
933 4173 993 4234 per
1014 4175 1114 4236 opera

320 4250 506 4312 sanctitatis
520 4252 647 4328 jngiter
664 4269 700 4314 se
712 4254 901 4332 praeparant
920 4255 968 4316 ire
984 4255 1113 4318 obviam

319 4363 451 4423 sponse,
470 4347 563 4409 Sedis
586 4350 785 4427 Apostolicae
807 4351 903 4414 debet
922 4352 1113 4429 praesidium

318 4444 494 4522 impertiri,
509 4463 550 4507 ne
564 4446 647 4509 sorte
660 4449 838 4526 cujuslibet
849 4450 1045 4512 temeritatis
1060 4451 1115 4511 in-

318 4556 437 4602 cursus
459 4543 517 4604 aut
533 4559 591 4603 eas
612 4560 632 4604 a
647 4547 814 4630 proposito
829 4548 962 4608 revocet
977 4548 1033 4608 aut
1057 4564 1114 4609 ro-

318 4635 391 4708 bur,
409 4639 496 4714 quod
511 4639 607 4712 absit,
627 4657 731 4702 sacrae
750 4642 923 4718 religionis
940 4643 1110 4720 infringat.

319 4735 365 4794 Ea
380 4736 524 4812 propter,
541 4735 670 4799 dilectae
684 4737 720 4798 in
735 4739 874 4801 Domino
889 4741 978 4812 filiae,
992 4742 1112 4804 restris

314 4833 415 4909 justis
430 4833 707 4910 postulationibus
722 4836 902 4898 clementer
921 4839 1110 4912 audirimus,

317 4932 351 4991 ei
377 4929 550 5008 praelatum
581 4933 692 4994 Sancti
725 4933 909 4995 salvatoris
944 4937 1113 4998 monaste-

316 5027 414 5101 rium,
431 5027 466 5089 in
489 5045 552 5106 quo
568 5029 680 5091 divino
696 5031 892 5108 mancipatae
914 5033 992 5094 estis
1015 5033 1113 5094 obse-

316 5127 405 5206 quio,
443 5127 484 5188 ad
517 5130 690 5204 exemplar
722 5127 830 5190 felicis
870 5131 1111 5192 recordationis

314 5223 496 5288 Alexandri
532 5227 651 5302 Papae,
689 5226 943 5303 praedecessoris
983 5229 1108 5299 nostri,

317 5321 457 5382 Romani
473 5323 656 5396 pontilicis
671 5324 731 5385 sub
744 5323 832 5385 beati
847 5325 938 5386 Petri
952 5325 985 5386 et
997 5325 1109 5385 nostra

317 5419 521 5498 protectione
532 5421 743 5498 suscipimus
756 5423 788 5484 et
804 5423 978 5498 praesentis
994 5422 1109 5499 scripti

317 5515 491 5594 privilegio
502 5519 743 5579 communimus
755 5541 762 5578 :
775 5519 954 5580 statuentes
965 5521 1001 5580 ui
1010 5535 1112 5596 quas-

320 5627 459 5690 cumque
490 5615 728 5692 possessiones
768 5631 983 5694 ‹praecnmque
1011 5615 1107 5688 bona,

1164 459 1251 520 idem
1282 457 1519 520 monasterium
1548 457 1840 534 inpraesentiarum
1872 461 1966 538 juste

1164 572 1203 617 ac
1217 557 1378 617 canonice
1397 553 1555 632 possidet,
1569 556 1627 616 aut
1643 555 1853 629 infuturum,
1877 573 1965 619 cou-

1165 653 1314 715 cessione
1334 652 1545 724 Pontificum,
1569 652 1748 730 largitione
1771 669 1889 732 regum
1910 655 1966 716 vel

1164 749 1363 826 principum,
1379 749 1549 812 oblatione
1558 749 1717 822 fidelium,
1731 767 1792 812 seu
1806 751 1883 812 aliis
1892 755 1968 829 jus·

1164 847 1208 908 tis
1234 846 1351 919 modis,
1369 847 1548 924 praestante
1568 848 1717 920 Domino,
1742 849 1863 925 poterit
1884 849 1964 912 adi-

1165 944 1249 1022 pisci
1265 943 1359 1005 firma
1376 944 1470 1006 vobis
1492 944 1595 1005 ethis
1617 961 1691 1022 quae
1711 947 1787 1023 post
1806 962 1866 1007 vos
1886 963 1967 1007 suc-

1166 1042 1327 1103 cesserint
1342 1042 1374 1103 et
1388 1041 1517 1104 illibata
1530 1045 1765 1118 permaneant:
1787 1043 1823 1104 in
1844 1044 1965 1122 quibus

1166 1138 1238 1200 baec
1259 1139 1406 1216 propriis
1432 1139 1587 1200 duximus
1611 1140 1831 1216 exprimenda
1857 1157 1964 1202 roca-

1167 1236 1273 1298 bulis:
1302 1236 1483 1298 Ecclesiam
1507 1238 1617 1298 Beatae
1645 1238 1759 1300 Mariae
1793 1238 1834 1298 de
1862 1241 1966 1300 Aonis

1168 1333 1327 1410 usquead
1350 1335 1479 1394 veteres
1494 1349 1606 1395 muros
1629 1334 1774 1396 civitatis
1797 1351 1873 1396 cum
1893 1337 1966 1398 tota

1166 1429 1345 1509 parrochia
1358 1445 1419 1492 sua
1430 1430 1462 1491 ct
1477 1430 1703 1506 cimeterium3
1720 1433 1872 1508 quartam
1882 1449 1966 1509 par-

1168 1529 1234 1588 tem
1257 1527 1357 1590 castri
1381 1527 1467 1604 quod
1487 1529 1625 1589 vocatur
1651 1530 1767 1602 Alauc,
1791 1546 1866 1591 cum
1893 1531 1965 1592 suis

1168 1625 1445 1704 possessionibus,
1469 1626 1502 1687 et
1522 1625 1730 1688 medietatem
1753 1628 1855 1690 castri
1877 1627 1965 1706 quod

1074 1745 1085 1760 ν
1169 1723 1411 1794 vocaturLaza,
1426 1738 1500 1784 cum
1513 1723 1790 1800 possessionibus,
1805 1724 1838 1785 et
1852 1727 1964 1786 tascas

1170 1819 1209 1880 de
1229 1820 1464 1896 Porporeiras3
1482 1821 1515 1882 et
1533 1820 1707 1882 ecclesiam
1729 1821 1842 1882 Sancti
1864 1822 1966 1882 Lam·

1169 1918 1265 1988 berti,
1276 1933 1350 1978 cum
1364 1932 1481 1978 manso
1495 1933 1572 1990 uno,
1585 1919 1617 1978 et
1629 1918 1663 1978 in
1677 1919 1818 1980 ecclesia
1832 1921 1964 1980 Sanctae

1169 2015 1286 2076 Mariae
1301 2014 1341 2076 de
1349 2013 1439 2074 Bello
1451 2016 1537 2076 Loco
1548 2029 1694 2074 annuum
1703 2031 1838 2076 censum
1849 2015 1965 2076 decem

1171 2111 1352 2172 solidorum
1368 2113 1400 2173 et
1413 2112 1480 2172 tres
1496 2111 1702 2188 receptiones
1717 2128 1778 2188 pro
1793 2112 1963 2174 abbatissa

1171 2225 1229 2270 seu
1243 2209 1404 2286 priorissa
1417 2209 1452 2268 in
1465 2224 1571 2283 ann03
1589 2209 1770 2271 Ecclesiam
1785 2209 1825 2271 de
1841 2213 1964 2271 Sancta

1162 2307 1277 2373 ,Maria
1293 2306 1333 2366 de
1344 2305 1435 2367 Bello
1448 2307 1546 2378 Loco,
1559 2307 1635 2368 etin
1648 2306 1726 2367 villa
1740 2322 1814 2382 quae
1824 2309 1964 2370 uocatur

1172 2403 1312 2475 Sanctis,
1324 2403 1356 2464 et
1363 2403 1451 2464 circa
1460 2403 1583 2464 flumen
1593 2404 1678 2480 quod
1691 2404 1961 2476 vocaturiuelna,

1170 2501 1277 2578 prata,
1304 2502 1411 2562 terras
1433 2500 1466 2562 et
1492 2501 1607 2562 vineas
1635 2503 1668 2563 et
1693 2501 1898 2576 molendina3
1931 2504 1964 2564 et

1171 2597 1260 2660 circa
1275 2614 1394 2675 aquam
1408 2613 1480 2674 quae
1493 2601 1631 2660 vocatur
1641 2599 1762 2671 Jarret,
1778 2599 1914 2672 uineas3
1931 2599 1964 2660 et

1171 2695 1205 2756 in
1219 2695 1390 2757 territorio
1405 2695 1559 2756 Turrium
1574 2696 1743 2769 Massilia,
1759 2698 1869 2758 tascas
1887 2699 1962 2758 ter-

1170 2808 1283 2854 rarum
1297 2793 1489 2854 etcartones
1501 2793 1685 2866 vinearum,
1700 2809 1782 2871 quas
1789 2794 1962 2870 episcopus

1171 2905 1189 2950 a
1212 2889 1322 2952 vestro
1334 2891 1424 2950 tenet
1438 2891 1659 2965 monasterio;
1675 2893 1785 2955 tascas
1797 2892 1830 2953 et
1841 2894 1961 2962 terras,

1170 2987 1286 3048 vineas
1302 2987 1336 3048 et
1347 2987 1449 3048 multa
1462 2988 1528 3048 alia
1544 3005 1617 3064 quae
1632 2987 1728 3050 multi
1749 2988 1899 3050 homines
1919 2987 1961 3049 ab

1171 3084 1285 3146 eodem
1298 3084 1499 3145 monasterio
1515 3084 1860 3164 legitimepossident;
1876 3089 1963 3147 Hos-

1171 3181 1270 3258 pitale
1287 3181 1398 3242 Sancti
1415 3181 1567 3258 Spiritus,
1584 3183 1618 3244 et
1630 3182 1754 3244 terram
1770 3200 1843 3261 quae
1862 3199 1963 3245 uoca-

1169 3279 1224 3341 tur
1238 3279 1428 3340 Lauretum.
1443 3282 1548 3352 Quum
1561 3279 1671 3342 autem
1684 3281 1839 3356 generale
1854 3281 1960 3342 inter-

1170 3376 1292 3438 dictum
1322 3376 1422 3438 terrm
1450 3375 1560 3450 luerit,
1586 3377 1686 3440 liceat
1714 3377 1808 3440 vobis
1839 3377 1961 3440 clausis

1166 3471 1290 3553 januis,
1305 3473 1450 3534 exclusis
1465 3476 1758 3538 excommunicatis
1772 3476 1806 3537 et
1819 3473 1960 3536 interdi-

1169 3573 1223 3644 tis,
1241 3558 1461 3648 non'pulsatis
1477 3573 1658 3648 campanis,
1676 3587 1854 3650 suppressa
1867 3587 1958 3644 voce,

1170 3669 1289 3729 diurna
1307 3667 1417 3731 oltlcia
1437 3668 1615 3731 celebrare.
1629 3671 1795 3732 Praeterea
1817 3669 1962 3731 auctori-

1169 3767 1236 3828 tate
1246 3766 1435 3842 Apostolica
1450 3766 1663 3842 prohibemus
1679 3783 1720 3828 ne
1738 3766 1840 3828 alicui
1863 3767 1961 3827 liceat

1169 3864 1204 3924 in
1218 3879 1289 3933 vos,
1306 3865 1362 3924 aut
1386 3863 1419 3924 in
1436 3863 1644 3942 presbyteros
1660 3864 1753 3925 vobis
1772 3864 1898 3926 deditos
1918 3863 1959 3924 ad

1169 3963 1314 4021 vestrum
1326 3960 1498 4022 servitium
1505 3961 1630 4037 jugiter
1638 3962 1821 4038 deputatos,
1833 3977 1960 4024 excom·

1170 4058 1425 4128 manicationis,
1450 4058 1508 4120 aut
1546 4059 1581 4118 in
1611 4060 1847 4122 monasterium
1879 4075 1958 4120 res-

1169 4157 1254 4215 trum
1267 4154 1643 4228 interdictisententiam,
1652 4155 1774 4235 absque
1787 4157 1960 4218 manifesta

1169 4268 1269 4313 causa
1284 4253 1316 4313 et
1327 4251 1529 4324 rationabili,
1553 4253 1776 4330 promulgare,
1793 4255 1851 4318 eut
1866 4253 1958 4315 nobis

1169 4365 1254 4410 nova
1269 4350 1302 4410 et
1314 4348 1461 4413 indebita
1489 4351 1683 4426 gravamina
1699 4351 1860 4428 irrogare.

1208 4450 1313 4519 Quum
1328 4449 1438 4508 autem
1453 4447 1487 4508 in
1503 4448 1704 4510 monasterio
1720 4451 1842 4517 vestro,
1859 4449 1960 4510 abba-

1167 4544 1257 4605 tissae
1272 4543 1373 4606 suerit
1385 4545 1502 4606 electio
1514 4544 1722 4617 celebranda,
1738 4563 1811 4606 eam
1822 4545 1958 4608 robisin

1168 4641 1368 4702 abbatissam
1379 4641 1554 4702 statuimus
1569 4642 1752 4718 apostolica
1765 4643 1958 4706 auctoritate

1167 4738 1304 4799 concedi
1325 4753 1422 4815 quam
1444 4753 1503 4799 ros
1519 4739 1684 4802 communi
1704 4755 1879 4812 consensu,
1903 4743 1959 4802 aut

1168 4839 1274 4912 major
1298 4849 1376 4912 pars
1396 4836 1542 4896 vestrum
1564 4836 1695 4897 consilii
1718 4827 1862 4898 sanioris
1885 4855 1957 4898 cum

1167 4933 1305 4993 consilio
1338 4933 1571 5008 religiosorum
1600 4933 1749 4994 virorum
1778 4936 1956 4996 secundum

1167 5033 1269 5090 Deum
1284 5032 1317 5091 et
1330 5029 1418 5090 beati
1441 5029 1611 5091 Benedicti
1632 5033 1783 5106 regulam
1805 5033 1958 5110 provide-

1166 5127 1239 5187 ritis
1266 5126 1463 5202 eligendam.
1487 5127 1702 5188 Decernimns
1722 5145 1800 5205 ergo
1823 5133 1859 5193 ut
1875 5131 1956 5192 nulli

1166 5223 1300 5284 omnino
1320 5223 1490 5286 hominum
1512 5225 1611 5286 liceat
1633 5225 1807 5303 praedatum
1823 5244 1955 5290 monas-

1166 5321 1286 5380 terium
1301 5321 1425 5381 temere
1444 5321 1651 5398 perturbare,
1668 5323 1726 5384 aut
1743 5325 1815 5399 eJus
1827 5341 1956 5402 posses-

1165 5418 1275 5478 siones
1302 5417 1445 5490 auterre,
1471 5418 1524 5478 vel
1555 5417 1682 5480 ablatas
1715 5421 1870 5494 retinere,
1895 5423 1956 5482 mi-

1165 5530 1348 5582 nuere,seu
1356 5514 1555 5593 quibuslibet
1566 5515 1797 5577 venationibus
1805 5517 1952 5596 fatigare,

1166 5611 1222 5672 sed
1240 5613 1272 5673 et
1287 5611 1412 5674 illibate
1429 5613 1538 5674 omnia
1555 5613 1587 5674 et
1611 5613 1739 5690 integra
1759 5631 1954 5678 conserven-
