4200 6404
362 312 422 372 sna
585 367 586 370 γ
827 304 1003 370 nouoan
1024 283 1077 366 111'
1092 279 1240 370 ossae.
1256 333 1294 350 -
1310 305 1544 369 mamonae.
1956 311 2014 372 aar

405 469 488 532 Sunt
498 467 608 530 autem
629 464 724 528 multi
738 479 821 544 quos
836 463 988 528 diabolus
1002 481 1063 542 per
1076 480 1157 528 con-
1251 464 1410 542 sequitu
1426 487 1434 526 ε
1450 467 1490 528 st
1504 464 1646 528 tames...
1661 463 1778 538 Fames
1789 464 1922 529 svnberit
1933 467 2013 530 tune

363 565 602 644 cupiscentiam
633 563 746 627 carnis
772 579 838 626 non
873 562 989 636 allicit,
1015 563 1072 628 sed
1096 578 1156 641 per
1210 561 1469 638 predicationis,
1494 561 1583 639 quie,
1598 561 1783 625 :smutcam
1795 563 1952 626 nutmtur
1967 565 2015 626 ci-

362 665 578 742 cupiditatem
593 660 796 726 exteriorum
809 660 954 738 captivat
967 662 1000 723 et
1015 661 1152 734 seducit,
1202 658 1272 731 liis,
1289 659 1335 720 ita
1348 659 1461 722 anima
1482 658 1710 736 spiritualibus
1725 659 1848 724 verbis.
1865 663 1907 722 nt
1927 661 2015 724 sicut

363 762 441 824 dum
463 757 911 835 inordinatacoucnpiscunt
933 759 1056 831 aliena,
1077 758 1155 819 dum
1199 771 1289 822 caro
1304 756 1538 829 deficit,sinon
1552 756 1723 822 reiciatur
1737 757 1811 820 cibo
1827 759 2012 834 corporali,
2070 761 2071 764 ’

362 858 485 936 injuste
512 856 690 934 acquirunt
703 855 789 924 male
808 850 996 934 concupita.
1016 856 1153 934 Iniuste,
1208 854 1256 918 ita
1279 853 1451 926 animasi
1475 869 1543 918 non
1559 853 1713 921 ,reficitur
1729 854 1803 918 cino
1825 854 2011 930 spirituali.
2070 867 2071 870 ’

360 955 508 1032 inquam,
525 954 602 1030 quia
618 969 677 1031 per
696 952 818 1026 dolum,
840 969 900 1030 per
914 953 1081 1030 rapinam,
1096 969 1156 1032 per
1211 952 1304 1016 Unde
1318 953 1354 1014 in
1375 950 1573 1027 Evangelio:
1588 955 1800 1016 Noniasolo
1813 954 1911 1026 pane
1923 955 2012 1014 oiott

360 1053 565 1118 coactionem
583 1051 819 1128 iniquamper
833 1051 1020 1129 principum
1032 1050 1156 1113 tacim-
1209 1054 1308 1112 lsomo
1330 1047 1460 1128 (Matth.
1477 1064 1523 1121 nv,
1545 1047 1596 1127 4).
1615 1049 1698 1122 Quis
1724 1049 1774 1112 est
1795 1050 1889 1114 euim
1913 1051 2012 1126 panis

360 1165 436 1211 nem
451 1149 550 1226 atque
564 1149 756 1224 potentiam.
771 1148 829 1212 lsti
843 1149 920 1212 sunt
932 1149 1059 1213 curiosi
1080 1148 1154 1226 pis·
1210 1147 1285 1220 iste,
1301 1147 1367 1210 nisi
1382 1146 1451 1220 ille,
1468 1147 1508 1209 de
1523 1147 1762 1224 quoscripturn
1777 1147 1829 1209 est
1841 1147 1880 1208 in
1897 1149 2014 1208 Evan-

360 1246 1153 1323 cesmaris,quorumcircumventiones‚quorum
1209 1244 1316 1320 gelio:
1337 1248 1417 1307 Non
1434 1247 1472 1306 tn
1490 1249 1559 1310 aad>
1569 1259 1662 1320 pone
1675 1245 1760 1306 vivit
1772 1248 1885 1317 lamna,
1898 1249 2012 1306 sedin

360 1342 1154 1423 astutiaetnegottaaequnepnnusatacqntstus
1208 1345 1415 1406 omnitoeroo
1426 1342 1674 1416 quodproceddt
1687 1344 1869 1404 demoliet
1878 1341 2010 1421 (ibid).

251 1481 253 1488 ·
358 1439 574 1518 pereuntibus
585 1439 620 1502 in
630 1439 724 1506 hrevi
734 1440 1023 1512 transenntatoito
1035 1439 1153 1502 delen-
1207 1439 1256 1502 Ad
1269 1455 1417 1502 mensam
1429 1439 1529 1516 nujus
1540 1439 1639 1517 panis
1657 1438 1790 1516 quidam
1802 1453 1865 1500 noc
1873 1454 2012 1500 recum-

353 1537 423 1608 tur.
432 1535 567 1604 Morbus
580 1536 693 1601 tamen
705 1535 896 1613 hujusmodi
905 1536 946 1616 ds
957 1536 1010 1600 dio
1022 1535 1153 1599 indiem
1207 1536 1291 1599 bunt
1304 1535 1545 1613 neesrangunt,
1564 1537 1601 1598 ut
1622 1535 1774 1612 gentiles,
1799 1535 1926 1613 ombus
1943 1553 2010 1598 non

353 1633 483 1711 passim
498 1632 657 1704 ascendit,
669 1634 702 1698 et
716 1632 782 1698 late
795 1635 996 1711 pervagatur
1010 1633 1051 1698 ad
1062 1634 1153 1695 viros
1199 1633 1284 1696 :sunt
1294 1634 1415 1698 tradita
1428 1634 1560 1710 eloquia
1576 1633 1648 1696 liei.
1666 1633 1842 1696 lionenim
1857 1631 1943 1696 tacit
1956 1635 2010 1695 ta·

357 1731 551 1798 monasticae
582 1729 809 1807 professionis,
838 1731 894 1808 qui
922 1730 1151 1810 domunculas,
1208 1731 1284 1794 liter
1298 1731 1388 1794 omni
1399 1729 1540 1802 nationi,
1553 1730 1586 1794 at
1596 1729 1724 1806 judicia
1736 1745 1797 1792 sua
1814 1745 1885 1792 non
1899 1731 2010 1792 mani·

357 1827 705 1905 agellos,vineolas,et
715 1828 879 1905 quaslibet
894 1829 1154 1906 pauperumter-
1207 1827 1340 1890 laetavit
1360 1827 1420 1890 eis.
1442 1827 1581 1899 Quidam
1600 1825 1799 1890 recumbunt
1813 1827 1953 1903 quidem
1967 1829 2007 1889 ad

357 1925 517 1996 tantillas
540 1925 741 2010 auctoritate
759 1940 831 1998 sue,
849 1925 913 1992 ,sed
929 1927 1047 1992 ,minen
1062 1941 1152 2003 pree·
1207 1941 1354 1988 mensam
1367 1925 1465 1990 istius
1475 1924 1582 2001 panis,
1593 1924 1650 1988 sad
1665 1923 1744 2001 qiua
1752 1939 1820 2000 non
1831 1923 2006 2000 danmrnt,
2070 1919 2071 2008 ἶ

358 2023 464 2092 textu,
481 2021 692 2091 secularium
711 2022 807 2085 modo
826 2023 1011 2100 acquirunt.
1207 2039 1273 2084 non
1285 2022 1493 2100 reficiuntur,
1510 2022 1546 2084 ut
1560 2021 1680 2092 rodni,
1696 2020 1737 2082 ds
1754 2020 1874 2098 quibus
1894 2021 2008 2098 scrip-
2070 2067 2071 2108 3

398 2119 546 2190 Tertium
559 2119 610 2188 est
623 2119 781 2200 superbia
791 2119 879 2193 vitea,
897 2135 1068 2197 qnaennnc
1081 2134 1154 2182 am·
1206 2119 1338 2183 tumsst
1356 2119 1391 2180 in
1406 2119 1573 2182 latomia:
1589 2119 1929 2193 Perosdtpetieruai
1949 2134 2008 2194 pu·
2070 2167 2071 2180 2

356 2214 440 2280 hitto
455 2214 572 2278 saeculi
588 2216 778 2284 nominatur
798 2216 964 2296 videlicet,
992 2233 1067 2280 cnm
1088 2216 1153 2278 ali-
1202 2217 1343 2288 namet
1363 2217 1594 2290 noneratnut
1607 2215 1850 2291 danpereteta
1863 2213 2004 2294 (Taren.
2070 2205 2071 2294 1

353 2313 433 2390 ¹quis
446 2313 599 2390 raptatur
620 2316 653 2377 st
676 2313 772 2378 ardet
785 2314 896 2390 utpote
912 2329 1017 2376 vanus
1030 2316 1063 2379 at
1077 2313 1150 2375 ela·
1206 2329 1251 2386 vv,
1267 2311 1312 2392 4).
1329 2311 1846 2390 Ideoquequasitatuaanimalia
1860 2312 2006 2376 stantad

357 2411 411 2472 tus
434 2425 559 2472 vacans
583 2425 670 2478 vano
697 2409 875 2482 desiderio,
901 2410 979 2488 qnia
1003 2425 1065 2474 nec
1083 2411 1151 2472 Deo
1207 2426 1365 2489 praesepe.
1378 2412 1489 2488 Usque
1503 2409 1756 2487 laodienamquo
1770 2410 1929 2474 velamen
1944 2426 2004 2488 po·

357 2522 479 2571 vacare
512 2522 575 2572 nac
610 2506 675 2574 sibi
702 2523 805 2584 propp
833 2523 908 2572 asse
940 2521 1062 2570 curans
1100 2507 1152 2570 vel
1207 2509 1306 2572 sitnm
1334 2509 1387 2572 est
1415 2523 1515 2584 super
1540 2523 1598 2571 cor
1623 2507 1850 2578 eorumdum
1880 2508 2006 2584 legitur
2070 2527 2071 2584 t

357 2603 522 2681 proximo,
537 2604 642 2669 totum
666 2604 827 2682 impendit
844 2605 934 2668 laudi
948 2603 1151 2667 transitorias
1207 2603 2005 2682 Moysesmsynagogiseorum:etlioetparentee
2070 2591 2071 2632 l

359 2699 393 2764 et
409 2699 517 2768 favori
531 2701 709 2773 mundano,
727 2703 759 2766 et
773 2701 807 2764 in
822 2701 1059 2778 detangatione
1077 2717 1153 2764 ccr-
1207 2701 1329 2766 Christi
1337 2700 1414 2773 sint,
1428 2700 1509 2765 ioris
1521 2701 1631 2766 tamen
1645 2700 1775 2766 stantin
1788 2700 1900 2765 littera
1915 2717 2004 2779 qnae-

357 2797 449 2875 poris
459 2797 499 2858 de
511 2813 623 2867 renum
634 2799 848 2875 exponamus
858 2798 1040 2864 honorihus
1051 2798 1153 2876 adep-
1205 2799 1318 2862 rentes
1332 2813 1419 2870 eum,
1435 2813 1497 2860 nec
1507 2798 1549 2865 ad
1559 2797 1779 2866 eunintrant.
2070 2849 2071 2882 ,

358 2893 413 2966 tis,
427 2894 759 2971 praeterunjusmodi
777 2895 1004 2972 adjumentum
1023 2895 1152 2960 nullum
1246 2897 1313 2962 dlii
1335 2897 1369 2960 et
1393 2896 1589 2962 recumbunt
1611 2897 1645 2962 et
1666 2895 1834 2974 frangunt,
1851 2895 1910 2956 sed
1928 2895 2004 2974 quia
2070 2887 2071 2980 t

360 2989 452 3052 aliud
477 3005 614 3068 prorsus
638 2992 758 3067 quaerit
783 2993 1051 3060 emolumentum.
1074 2995 1152 3057 Haec
1207 2993 1337 3066 dioimt,
1365 2993 1398 3059 et
1420 3009 1489 3061 non
1516 2993 1666 3064 iaciunt,
1702 3007 1769 3058 non
1801 2992 2001 3056 reficiuntur

358 3087 536 3164 sacrilegia
552 3087 726 3158 committit
746 3089 779 3152 at
799 3087 897 3154 turta.
910 3090 1040 3166 Rapina
1054 3105 1153 3154 exer·
1207 3092 1244 3154 ut
1275 3091 1355 3155 mali
1390 3089 1576 3163 carmiani,
1606 3089 1663 3167 qui
1683 3089 1768 3157 bene
1787 3089 1924 3167 quidem
1955 3091 2004 3151 in-
2070 3121 2071 3124 π

359 3185 413 3249 cet
426 3185 460 3256 et
473 3184 619 3261 predam
640 3184 728 3256 halla
741 3186 872 3270 geritet
891 3185 1085 3260 homicidia
1100 3187 1151 3248 si·
1207 3186 1383 3262 telligurt,
1420 3187 1479 3254 sed
1511 3187 1599 3251 male
1635 3186 1771 3261 vivunt;
1812 3186 1892 3262 quia
1930 3202 2001 3249 cum

355 3282 512 3354 moniace
523 3280 637 3343 vendit
649 3281 682 3344 et
691 3283 786 3357 emit;
801 3283 915 3360 inique
927 3283 1010 3360 petit
1019 3285 1056 3349 ‚et
1068 3284 1154 3350 reci·
1207 3287 1305 3348 homo
1331 3285 1496 3352 situatas
1528 3283 1570 3349 ad
1598 3282 1768 3356 annam,
1799 3299 1868 3350 non
1904 3283 2003 3350 labo·

357 3378 423 3456 pit;
438 3379 562 3458 iniuste
575 3379 765 3455 negotiatur
784 3379 817 3446 et
830 3379 1030 3457 immoratur,
1050 3381 1153 3448 instat
1205 3385 1293 3451 rant,
1307 3383 1340 3444 et
1353 3382 1401 3447 ita
1424 3381 1488 3450 isto
1502 3397 1589 3458 pane
1607 3396 1675 3443 non
1692 3380 1890 3445 reficiuntur
1902 3383 2002 3458 juxta

358 3475 443 3548 dolis
463 3477 501 3550 ,et
514 3476 665 3546 imminet
685 3474 872 3550 inauditum
897 3477 1049 3542 dissolvit
1069 3493 1152 3555 pac·
1206 3480 1288 3541 illud
1306 3501 1313 3539 :
1329 3483 1373 3541 In
1395 3482 1522 3541 sudore
1540 3479 1655 3542 cultus
1670 3478 1721 3542 tut
1741 3481 1894 3546 sescenis
1913 3491 2002 3553 pane

356 3572 427 3635 tum
440 3576 472 3635 et
485 3572 841 3649 violatjuramentum;
862 3574 1044 3651 corrumpit
1057 3575 1153 3647 testi·
1207 3579 1266 3644 tuo
1281 3575 1376 3656 (Gan.
1402 3591 1451 3648 111,
1474 3573 1538 3654 19).
1565 3575 1666 3647 Quasi
1687 3575 1835 3642 diceret:
1865 3574 1921 3642 Illi
1950 3575 2001 3652 qni
2070 3631 2071 3656 ,

231 3668 233 3674 ’
359 3669 506 3748 monium
521 3670 554 3732 et
566 3670 726 3746 pervertit
740 3669 915 3746 jndicium·
937 3673 1040 3744 Quam
1062 3672 1152 3734 mul·
1207 3672 1283 3734 sunt
1297 3669 1470 3742 inlabere,
1486 3668 1682 3742 reficiuntur
1696 3669 1954 3746 istopane.Alii
1972 3671 2002 3731 ei
2070 3665 2071 3734 l

357 3768 409 3830 tos
422 3766 554 3828 seduxit
564 3745 748 3842 ‚copiosam
766 3771 870 3839 Quam
882 3769 994 3845 plures
1009 3769 1153 3851 perdidit
1206 3766 1403 3838 recumbunt
1423 3767 1459 3836 ,ei
1479 3765 1647 3842 frangunt,
1671 3766 1704 3827 et
1726 3767 1804 3843 qnia
1825 3765 1861 3828 in
1886 3767 2001 3840 auditu

358 3863 519 3940 avaritia!
542 3863 635 3936 Unde
661 3863 696 3952 in
719 3863 804 3942 libro
828 3866 994 3936 Numeri:
1016 3866 1152 3930 Balaam
1207 3865 1299 3936 apris
1313 3863 1572 3938 obediuntdum
1595 3864 1672 3938 sunt
1689 3863 1832 3936 factores
1846 3863 1957 3935 verbi,
1972 3865 2001 3926 at
2070 3867 2071 3922 l

359 3960 463 4036 asella
478 3960 659 4036 redarguit,
674 3960 835 4044 atpedam
851 3961 996 4032 sedentis
1013 3962 1150 4034 attrivit,
1207 3978 1273 4030 non
1286 3962 1456 4034 auditores
1476 3961 1615 4042 tantum,
1631 3961 1821 4034 medullitus
1840 3959 1999 4022 radciun-
2070 3989 2071 4042 3

248 4103 252 4110 -
359 4057 438 4138 quia
464 4058 580 4139 captus
601 4057 757 4134 cupidine
780 4058 1018 4135 promissorum
1035 4059 1154 4136 dispo,-
1205 4060 1271 4142 tm,
1301 4061 1338 4125 ln
1362 4058 1554 4123 tortitudine
1576 4058 1672 4136 panis
1698 4057 1795 4123 istius
1816 4057 2000 4132 ambulavit

358 4156 473 4218 suerat
505 4155 704 4230 maledicere
732 4155 848 4230 lsrael.
886 4157 926 4225 Et
955 4156 990 4217 in
1017 4159 1150 4226 dosue:
1206 4157 1322 4226 Helas
1341 4155 1561 4234 quadraginta
1582 4155 1697 4226 diebus
1719 4157 1752 4218 et
1775 4155 1996 4233 quadraginta

356 4252 468 4316 achor
490 4253 631 4332 populus
654 4251 826 4331 lapidavit,
852 4268 917 4330 dua
939 4252 1016 4325 tulit
1032 4269 1154 4330 argens·
1206 4253 1358 4318 noctibus
1373 4269 1477 4330 uspne
1491 4253 1533 4318 ad
1547 4253 1691 4328 montem
1701 4253 1761 4314 Dei
1775 4251 1874 4314 oreb.
1885 4255 1929 4316 nt
1944 4267 1999 4314 nos

357 4349 428 4412 tum
438 4349 472 4412 ot
487 4365 606 4428 annum
621 4350 662 4428 de
676 4350 888 4425 anathemate
901 4351 1046 4424 toriello..
1066 4353 1106 4416 Et
1117 4351 1152 4412 in
1207 4351 1437 4428 ergo,tratrss,
1447 4349 1616 4422 contracta
1628 4349 1847 4424 testa,re,tacti
1856 4350 1999 4419 medulla
2070 4331 2071 4410 ἶ

357 4446 444 4509 lioro
463 4449 614 4524 Regum:
638 4447 769 4518 Nabotlr
792 4447 1153 4526 lassantlassant
1206 4449 1300 4516 verbi
1314 4448 1374 4512 Dei
1387 4448 1424 4518 in
1438 4447 1501 4520 hoc
1511 4449 1660 4524 tempora
1669 4446 1873 4520 abstinentes
1883 4446 1999 4508 lortius
2070 4447 2071 4522 l

357 4542 471 4606 echan
481 4543 613 4606 vineam
628 4545 823 4620 possideret.
833 4545 923 4616 (tissi
934 4545 1153 4622 lepraparim
1206 4545 1422 4617 ambulemus,
1439 4544 1476 4612 ut
1488 4545 1524 4618 in
1538 4542 1733 4616 fortitudine
1751 4545 1823 4620 aius
1839 4559 1948 4620 usqua
1961 4541 1998 4604 ad
2070 4541 2071 4630 J

359 4639 417 4722 dit,
434 4639 511 4727 quia
526 4640 622 4722 petiit
635 4639 668 4704 at
678 4640 805 4717 recapit
819 4644 1153 4716 usontnmatvsstes
1206 4643 1350 4712 monton
1359 4641 1419 4707 Dei
1432 4639 1517 4714 Orplt
1525 4639 1634 4712 valeat
1642 4641 1757 4718 nostra
1767 4637 1922 4700 debilitas
1932 4653 1999 4717 peu

359 4733 420 4798 sub
434 4735 569 4826 nomine
589 4735 736 4801 Heliseai.
751 4737 791 4802 st
813 4736 849 4808 in
863 4738 1045 4815 Evangelio
1062 4761 1069 4800 :
1089 4742 1152 4804 du·
1207 4739 1332 4815 venipe,
1349 4735 1405 4810 ubi
1420 4736 1477 4810 ille
1492 4735 1549 4814 qui
1561 4735 1717 4813 apparuit
1730 4735 1836 4814 Moysi
1849 4735 1885 4796 iu
1904 4735 1998 4796 nubis
2070 4795 2071 4830 ἒ

359 4832 419 4894 das
440 4831 559 4912 laqueo
582 4846 618 4908 se
644 4832 826 4920 suspendit,
850 4833 927 4910 qnia
953 4833 1102 4914 vendidit
1120 4836 1153 4898 et
1207 4835 1329 4914 specie,
1348 4833 1445 4920 notris
1459 4835 1620 4911 appareat
1633 4833 1668 4908 in
1688 4833 1880 4910 majestate,
1899 4833 1933 4894 at
1954 4831 1997 4894 sic

357 4928 497 5003 tradidit
506 4927 793 5002 Christum-Unde
811 4931 846 5004 in
863 4930 999 5018 actious
1012 4933 1153 5012 Aposto-
1207 4948 1381 5006 curramus
1404 4947 1465 5009 por
1490 4930 1644 5007 stadium,
1657 4931 1694 4997 ut
1708 4930 1749 4996 ad
1764 4928 1918 4992 bravium
1931 4944 1998 5008 per
2070 4919 2071 4966 Ψ

358 5027 468 5108 lorum
491 5047 500 5087 ε
523 5027 689 5108 Ananiam
714 5027 746 5102 et
775 5028 950 5106 saphiram
978 5031 1152 5104 summata
1206 5031 1321 5102 venire
1352 5029 1527 5106 possimus.
1562 5030 1611 5091 Da
1645 5025 1871 5104 subnectione
1901 5027 1996 5104 didus
2070 5015 2071 5088 t

357 5141 447 5190 mors
462 5124 633 5198 exstinxit,
650 5125 730 5204 piria
746 5125 787 5196 de
801 5127 907 5204 pretio
922 5128 996 5204 egri
1017 5128 1153 5200 tetrao—
1206 5128 1303 5205 penis
1317 5126 1400 5202 dicit,
1409 5126 1570 5207 Dominus
1582 5141 1642 5203 pap
1661 5127 1761 5202 amos
1781 5123 1994 5204 prophetam:
2070 5117 2071 5190 3

357 5223 520 5297 davarnnt
530 5221 734 5300 Apostolum.
751 5225 889 5314 Matios,
905 5224 1016 5302 iuditii
1034 5225 1151 5310 titola-
1205 5229 1292 5298 ane
1306 5225 1379 5298 dtas
1397 5225 1548 5300 uastant,
1571 5223 1653 5290 dicti
1666 5224 1847 5300 Dominus,
1869 5221 1905 5284 et
1919 5220 1997 5284 mtt-
2070 5233 2071 5270 t

332 5319 524 5394 ,siasticua
557 5322 711 5396 perdidit
741 5335 870 5408 aarum
899 5323 934 5394 et
966 5324 1151 5399 arpentum
1206 5313 1420 5397 tesefontem
1439 5321 1720 5397 intercutanea
1740 5322 1870 5396 tamem
1884 5322 1993 5396 petits,

359 5415 460 5496 (licet.
476 5431 548 5488 v111,
562 5415 608 5496 3).
620 5420 684 5486 Qut
697 5433 826 5492 aarum
840 5419 960 5496 dtttptt,
972 5433 1041 5492 aon
1051 5422 1152 5488 lusit·
1205 5435 1313 5495 nequa
1335 5420 1432 5494 sitim
1455 5433 1564 5496 apum,
1587 5419 1648 5490 aad
1670 5419 1833 5496 audiendi
1856 5419 1995 5478 veroum

357 5514 518 5586 pmoatur
530 5511 646 5594 (ticoli.
661 5529 757 5588 xxxi,
778 5513 823 5599 7).
844 5517 902 5590 Va
916 5515 986 5583 illis
1007 5517 1064 5594 qui
1078 5533 1152 5582 sec-
1204 5515 1487 5596 Det(Amosv1n,
1505 5514 1569 5596 11),
1586 5513 1717 5594 quando
1737 5513 1904 5590 subtrahit
1916 5527 1993 5590 gra·

357 5609 470 5671 tantur
485 5607 577 5669 illud.
1205 5613 1284 5676 tiam
1300 5613 1558 5692 predicationis,
1574 5611 1749 5692 Sciendum
1765 5608 1915 5690 estquod
1930 5609 1993 5672 ali-
