4104 6392
403 33 427 76 0

338 251 398 316 739
613 273 615 279 ⁸
956 252 1131 313 HONORII
1153 252 1196 312 111
1218 251 1365 312 OPERA.
1939 245 1989 300 tl·

340 414 413 485 Dei,
434 410 564 472 dilectis
586 407 663 470 liliis
680 406 789 469 abbati
806 408 839 469 et
859 409 1037 471 conventui
1052 411 1129 470 Les·
1189 409 1284 471 tretis
1308 407 1341 470 et
1365 405 1407 468 ab
1428 405 1579 467 ecclesiis
1599 403 1791 467 vestrarum
1811 399 1989 461 ditecesun

339 508 528 572 berniensis
552 504 757 576 monasterii,
785 504 973 566 salutemet
998 508 1134 584 aposto·
1190 521 1262 583 quae
1277 503 1416 584 possunt
1437 503 1472 565 id
1490 501 1660 564 commode
1674 500 1791 564 iacere
1805 497 1988 558 ministrari

340 608 440 669 licam
454 602 743 665 benedictionem·
1190 603 1406 664 nihilominus
1420 599 1562 672 faciatis,
1578 599 1624 661 ita
1639 599 1727 676 quod
1747 597 1783 658 et
1800 595 1872 672 ipsi
1888 599 1988 654 vestm

382 707 486 775 Quum
510 717 530 762 a
552 699 647 762 nobis
669 698 802 776 petitur,
832 699 918 778 quod
937 700 1064 779 justum
1086 701 1137 766 est
1191 699 1317 762 suffulti
1339 699 1487 762 subsidio
1511 697 1639 776 possint
1652 693 1818 758 instantis
1831 708 1988 770 persecu-

341 802 374 862 et
399 798 591 868 honestum,
623 797 691 856 tam
718 795 814 872 vigor
843 797 1009 874 aequitatis
1037 811 1136 874 quam
1190 797 1292 861 tionis
1306 797 1479 873 angustias
1493 793 1630 856 tolerari
1645 805 1827 871 quousque
1852 788 1990 850 faciente

341 897 421 959 ordo
441 895 545 970 exigit
564 893 716 965 rationis,
742 896 778 954 ut
800 893 834 954 id
855 909 914 971 per
938 893 1138 955 sollicitudi-
1191 895 1328 956 Domino
1344 893 1441 956 aliter
1459 891 1684 970 providebitur
1704 889 1807 967 ipsis,
1826 891 1863 949 et
1888 887 1989 948 eccle-

341 1009 416 1054 nem
444 990 544 1053 officii
567 989 672 1051 nostri
697 989 738 1050 ad
767 989 912 1052 debitum
936 990 1137 1067 perducatur
1191 992 1250 1053 siae
1267 991 1474 1065 memoratam
1490 1005 1614 1066 vosque
1628 989 1780 1066 ipsorum
1794 999 1909 1047 onera
1924 1002 1990 1060 sup

342 1091 507 1152 effectum.
525 1089 717 1164 llapropter,
736 1086 847 1148 dilecti
864 1087 899 1148 in
912 1087 1051 1164 Domino
1062 1085 1134 1159 tilii,
1191 1089 1360 1167 portantes
1394 1087 1628 1164 adimpletores
1655 1083 1891 1146 inveniamini
1917 1082 1988 1154 lepis

342 1187 462 1248 vestris
472 1185 574 1262 justis
589 1184 865 1261 postulationibus
880 1185 975 1260 grato
992 1199 1137 1246 concur·
1191 1186 1326 1256 Christi,
1350 1186 1383 1246 et
1409 1185 1567 1246 fraternae
1598 1181 1848 1261 compassionis
1879 1179 1988 1240 affectu

341 1285 452 1344 rentes
469 1297 621 1353 assensu,
639 1280 806 1354 redditus,
831 1297 913 1358 quos
934 1281 1137 1344 venerabilis
1192 1281 1423 1345 commendare
1471 1281 1590 1342 merito
1630 1279 1792 1341 debeatis.
1837 1278 1987 1354 Alioquin

342 1379 446 1440 frater
471 1381 586 1440 noster
605 1380 643 1438 0.
670 1366 943 1444 monasteriensis
965 1379 1138 1454 episcopus
1193 1381 1388 1441 mandamus
1409 1378 1593 1458 venerabili
1607 1376 1702 1438 fratri
1717 1376 1840 1438 nostro
1859 1374 1986 1450 Papien.

342 1477 377 1538 in
392 1476 533 1538 ecclesia
559 1475 600 1536 de
618 1475 807 1547 Thisdeten,
828 1475 922 1536 vobis
944 1475 984 1535 de
999 1491 1138 1536 assensu
1193 1478 1358 1556 episcopo,
1375 1478 1411 1540 ut
1423 1477 1495 1555 ipse
1508 1491 1567 1537 vos
1578 1475 1619 1537 ad
1637 1475 1681 1547 id,
1697 1471 1921 1535 districtione
1935 1489 1985 1548 qua

342 1574 479 1650 capituli
501 1573 553 1634 sui
574 1572 704 1632 liberali
729 1572 868 1633 contulit
893 1573 1025 1649 pietate,
1054 1571 1140 1633 sicut
1193 1574 1358 1646 convenit,
1371 1572 1592 1650 appellatione
1604 1571 1742 1642 remota,
1757 1567 1953 1646 compellat

342 1687 400 1732 eos
411 1673 501 1748 Juste
516 1686 556 1731 ac
570 1668 707 1747 pacifice
722 1665 911 1746 possidetis,
929 1669 1023 1731 vobis
1035 1668 1069 1731 et
1080 1684 1161 1747 per=
1233 1672 1350 1732 Datum
1385 1673 1498 1732 Romae
1531 1668 1619 1746 apud
1662 1667 1825 1729 Sanctum
1862 1667 1983 1725 Petrun

340 1785 402 1830 vos
424 1767 627 1829 monasterio
645 1767 757 1828 vestro
779 1767 976 1828 auctoritate
999 1766 1141 1844 Aposto·
1193 1771 1223 1830 Il
1244 1768 1318 1830 idus
1337 1766 1429 1840 maii,
1452 1765 1661 1845 pontificatus
1684 1762 1797 1826 nostri
1820 1777 1917 1824 anno
1942 1779 1983 1822 se·

342 1865 408 1926 lica
429 1865 663 1925 confirmamus
682 1865 714 1926 et
739 1864 913 1940 praesentis
938 1863 1053 1941 scripti
1074 1877 1139 1939 pa·
1194 1865 1312 1928 cundo.

342 1962 485 2023 trocinio
510 1961 763 2022 communimus.
788 1960 881 2021 Nulli
905 1976 984 2036 ergo
1005 1960 1139 2020 omnino

344 2059 514 2118 hominum
528 2057 629 2118 liceat
643 2057 730 2118 banc
747 2058 903 2133 paginam
922 2057 1044 2118 nostre
1060 2071 1141 2119 con·
1481 2004 1701 2092 CCXXXVI

344 2154 542 2216 firmationis
568 2153 761 2229 intringere,
789 2153 844 2214 vel
866 2154 898 2214 ei
926 2169 1009 2214 ausu
1031 2155 1139 2214 teme·
1247 2151 1476 2210 andecanem
1490 2147 1524 2208 et
1537 2147 1724 2220 capitatam
1736 2148 1774 2208 S.
1792 2147 1947 2207 Martini

344 2252 435 2313 rario
447 2251 623 2312 contraire.
641 2251 677 2312 Si
688 2251 761 2328 quis
775 2251 885 2311 autem
900 2251 963 2312 hoo
978 2251 1140 2312 attentare
1440 2245 1735 2306 Monostertensts.

342 2349 602 2426 presumpserit,
628 2348 890 2423 indignationem
906 2347 1140 2426 omnipotentis
1488 2373 1521 2432 qq
1535 2374 1604 2432 maii
1619 2373 1697 2432 ωδ,

343 2445 404 2508 Dei
418 2447 451 2507 et
463 2443 635 2507 beatorum
651 2446 741 2507 Petri
757 2447 790 2506 et
803 2445 901 2505 Pauli
916 2446 1140 2522 apostolorum
1257 2488 1395 2554 [wilmann
1423 2488 1609 2540 Westtdisnnes
1625 2443 1834 2542 mmmm
1860 2487 1929 2539 t.111

345 2547 418 2622 ejus
438 2559 474 2625 sq
492 2543 622 2605 noverit
637 2542 860 2603 incursurum.
887 2542 1005 2604 Datum
1027 2545 1140 2604 Romae
1401 2525 1408 2549 ’
1486 2583 1512 2634 p.
1529 2569 1568 2628 ω,
1585 2583 1611 2619 n.
1627 2567 1693 2632 ma]
1837 2525 1846 2546 '
1930 2527 1938 2544 ''

343 2641 430 2717 apud
454 2641 610 2702 Sanctum
624 2642 771 2706 Petrum,
789 2642 819 2701 11
833 2640 908 2700 idus
923 2639 1014 2712 maii,
1031 2639 1143 2716 ponti-

344 2737 461 2800 ficatus
473 2737 578 2800 nostri
588 2752 676 2798 anno
692 2738 837 2798 secundo
1196 2685 1327 2742 Decimae
1342 2683 1378 2742 de
1394 2683 1528 2742 Bocbolte
1540 2691 1570 2742 et
1580 2682 1616 2742 de
1630 2685 1827 2756 Bruoestorpe
1843 2685 1889 2741 eis
1904 2683 1938 2740 ab
1948 2685 1980 2740 [t-

1220 2781 1286 2832 tone
1296 2773 1513 2832 monasteriensi
1526 2772 1660 2845 episcopo
1674 2772 1796 2830 collatas
1805 2771 1965 2830 confirmat.

1235 2890 1401 2952 Honorius
1434 2889 1628 2966 episcopus,
1665 2903 1783 2950 servus
1824 2903 1977 2950 servorun

641 2950 843 3037 CCXXXV
1195 2985 1980 3062 on,anecosr1mneoan0etoaprturosann

441 3103 493 3163 Aa
512 3103 767 3173 nemmem,
793 3103 1043 3164 mammem
1195 3083 1330 3146 Martini
1344 3083 1627 3156 Monasteriensis,
1644 3082 1789 3144 salutem
1808 3083 1849 3144 et
1869 3087 1983 3160 aposto

523 3199 558 3260 et
572 3197 755 3260 mensem
774 3201 960 3272 episcopos,
1196 3182 1294 3244 licam
1309 3181 1583 3244 benedictionem.

738 3327 754 3342 ..
1255 3279 1339 3340 us's
1390 3279 1548 3340 eentium
1598 3277 1754 3339 eside'is
1781 3277 1819 3339 di
1872 3295 1926 3339 um
1951 3288 1984 3337 et

443 3441 489 3508 [⁰⁰
498 3441 573 3494 donn
594 3326 907 3495 Nogffiffiffle
934 3443 956 3494 11
977 3441 1045 3506 38⁰]
1196 3281 1257 3438 non
1283 3279 1422 3440 goligmt
1445 3279 1596 3454 prebor}
1618 3293 1907 3448 consssnsmffnet
1928 3391 1984 3436 voa:

347 3560 396 3618 Eis
411 3558 528 3617 mandat
538 3564 568 3618 ul
581 3556 728 3616 canonicis
736 3559 866 3617 ecclesiae
876 3559 1079 3617 canonicomm
1094 3558 1143 3618 Ca·
1197 3489 1323 3633 ἓξῗρῄῗ
1344 3474 1774 3648 xgzoalqffenttzangbtsspffi
1793 3473 1988 3650 (ibllasporloffrag

1628 3667 1874 3746 eae

388 3859 556 3924 Honorius
568 3859 742 3937 episcopus
752 3859 909 3922 venerab.
923 3861 1144 3924 iratribver-
1198 3766 1989 3942 ciffidesBffrrckirtgltoeogtssfflrffirsreasstffpseumdlgs

350 3958 438 4030 cell,
452 3956 630 4018 Taurinou.
653 3957 813 4066 et'Asten.
828 3957 942 4035 episc,
957 3959 1145 4022 salutemet
1198 3975 1225 4069 a·
1232 3959 1416 4070 venerabili
1432 3959 1535 4022 tratre
1550 3961 1662 4022 nostro
1677 3961 1812 4070 ottone,
1838 3963 1989 4074 bdonasls-

350 4052 858 4230 obturbantem
1043 4155 1146 4217 nn.
1198 4057 1988 4235 intonarunt}‚annuunt

351 4253 474 4324 lenses,
498 4250 568 4312 ord.
594 4251 627 4310 S.
648 4250 836 4326 Augustini,
859 4249 955 4314 nobis
975 4251 1145 4316 humiliter
1199 4251 1260 4312 tice
1284 4250 1471 4328 possidetis,
1496 4249 1590 4314 vobis
1615 4250 1649 4313 et
1675 4267 1827 4328 parvos
1856 4255 1987 4317 ecc-lesia

351 4345 590 4424 supplicarunt,
616 4344 654 4406 ut
677 4360 777 4422 quum
800 4360 914 4408 eorum
936 4345 1078 4425 ecclesia
1093 4346 1146 4410 de·
1199 4347 1318 4408 vestrae
1334 4341 1987 4426 auctoritateapostolicanonni-mann.
2012 4347 2013 4350 ’

352 4444 458 4505 solata
486 4443 530 4504 sit
553 4441 685 4517 penitus
707 4442 740 4502 et
759 4442 937 4514 destructa,
959 4459 1022 4505 nec
1045 4443 1145 4507 etiarn
1200 4445 1234 4507 et
1258 4445 1431 4520 praesentis
1456 4445 1570 4522 scripti
1594 4445 1783 4522 patrocinio
1812 4449 1987 4512 communi·
2012 4509 2013 4512 ,

222 4617 227 4622 ,
353 4538 554 4601 concedatur
575 4537 724 4613 ejusdem
747 4537 936 4600 inhabitare
951 4541 1077 4613 ruinas,
1094 4541 1147 4617 ip·
1200 4557 1284 4602 mus.
1300 4541 1392 4602 Nulli
1406 4555 1486 4618 ergo
1501 4543 1635 4605 omnino
1652 4542 1782 4606 bomini
1800 4545 1911 4608 liceat
1926 4548 1989 4606 har:
2012 4551 2013 4618 j

240 4664 245 4672 ·
355 4637 402 4697 sis
430 4635 487 4712 qui
509 4633 672 4710 coguntur
698 4634 735 4694 in
761 4634 927 4696 clericalis
941 4638 1145 4715 ordinis'op-
1201 4637 1356 4716 paginam
1379 4641 1501 4700 nostrae
1523 4639 1785 4704 confirmationis
1806 4633 2013 4722 infringam}

355 4732 524 4810 probrium
559 4730 765 4803 mendicare,
804 4731 979 4810 providere
1010 4734 1146 4796 miseri·
1201 4735 1254 4798 vel
1283 4735 1314 4797 ei
1338 4751 1422 4797 ausu
1448 4737 1625 4799 temerario
1651 4737 1836 4802 contraire.
1874 4743 1914 4803 Si
1939 4727 2013 4818 qnsl

334 4831 500 4894 corditer
524 4829 722 4894 faceremus.
751 4831 855 4904 Quum
886 4831 989 4907 igitur
1015 4832 1051 4894 in
1085 4831 1148 4895 hoc
1202 4833 1312 4896 autem
1338 4833 1401 4895 boc
1425 4835 1587 4897 attentare
1613 4839 1893 4914 praesumpserit,
1920 4841 1993 4901 indi·

355 4927 563 4992 necessitatis
587 4926 729 4990 articulo
757 4942 871 4996 eorum
897 4928 1149 5007 supplicationi·
1202 4931 1392 5008 prationem
1418 4931 1650 5010 omnipotentis
1680 4933 1742 4996 Dei
1766 4935 1802 4996 et
1834 4935 2013 5000 beatorut'

312 5025 316 5106 s
355 5027 416 5090 bus
437 5043 500 5088 nec
519 5025 697 5087 debeamus
713 5025 921 5103 apostolicas
936 5041 1034 5088 aures
1051 5028 1147 5089 clau·
1203 5029 1295 5092 Petri
1313 5030 1346 5091 et
1362 5028 1458 5090 Pauli
1479 5030 1705 5106 apostolorum
1722 5033 1797 5108 ejus
1819 5049 1859 5096 se
1882 5035 2013 5097 novem?

296 5133 313 5176 '⁴
357 5127 447 5195 dere,
471 5140 533 5186 nec
558 5121 711 5196 velimus
734 5123 935 5187 fraternitati
958 5125 1077 5187 vestrae
1090 5141 1149 5203 per
1203 5127 1426 5188 incursurum.
1448 5129 1566 5188 Datum
1586 5129 1699 5190 Rome
1727 5129 1821 5206 apud
1850 5133 1996 5194 Sanctus:

356 5221 545 5300 apostolica
559 5221 682 5298 scripta
692 5221 897 5294 mandamus,
908 5223 1069 5301 quatenus
1079 5223 1151 5284 sin·
1205 5222 1341 5286 Petrum
1366 5225 1397 5284 11
1422 5223 1497 5284 idus
1523 5224 1621 5294 maii,
1650 5225 1874 5302 pontificatus
1906 5235 1996 5293 nostr.

358 5319 427 5396 guli
452 5322 524 5397 ejus
549 5318 801 5382 subventionem
820 5334 1001 5396 congruam
1028 5320 1149 5382 minis·
1204 5337 1293 5382 anno
1311 5319 1468 5383 secundo.
