<?xml version="1.0" encoding="UTF-8"?>
<!DOCTYPE html PUBLIC "-//W3C//DTD XHTML 1.0 Transitional//EN"
    "http://www.w3.org/TR/xhtml1/DTD/xhtml1-transitional.dtd">
<html xmlns="http://www.w3.org/1999/xhtml" xml:lang="en" lang="en">
 <head>
  <title>
</title>
<meta http-equiv="Content-Type" content="text/html;charset=utf-8" />
  <meta name='ocr-system' content='tesseract 3.04.00' />
  <meta name='ocr-capabilities' content='ocr_page ocr_carea ocr_par ocr_line ocrx_word'/>
</head>
<body>
  <div class='ocr_page' id='page_1' title='image "./mediiaevibiblio02unkngoog_0513.png"; bbox 0 0 4162 6424; ppageno 0'>
   <div class='ocr_carea' id='block_1_1' title="bbox 922 211 1963 278">
    <p class='ocr_par' dir='ltr' id='par_1_1' title="bbox 922 211 1963 278">
     <span class='ocr_line' id='line_1_1' title="bbox 922 211 1963 278; baseline 0.002 -6"><span class='ocrx_word' id='word_1_1' title='bbox 922 211 1099 274; x_wconf 80' lang='lat' dir='ltr'>HONORII</span> <span class='ocrx_word' id='word_1_2' title='bbox 1123 211 1167 272; x_wconf 92' lang='lat' dir='ltr'><strong>III</strong></span> <span class='ocrx_word' id='word_1_3' title='bbox 1191 211 1339 278; x_wconf 78' lang='lat' dir='ltr'>OPERA.</span> <span class='ocrx_word' id='word_1_4' title='bbox 1907 216 1963 275; x_wconf 70' lang='lat' dir='ltr'><strong>bil</strong></span> 
     </span>
    </p>
   </div>
   <div class='ocr_carea' id='block_1_2' title="bbox 299 219 359 278">
    <p class='ocr_par' dir='ltr' id='par_1_2' title="bbox 299 219 359 278">
     <span class='ocr_line' id='line_1_2' title="bbox 299 219 359 278; baseline -0.05 0"><span class='ocrx_word' id='word_1_5' title='bbox 299 219 359 278; x_wconf 75' lang='lat'><strong>543</strong></span> 
     </span>
    </p>
   </div>
   <div class='ocr_carea' id='block_1_3' title="bbox 301 369 2032 750">
    <p class='ocr_par' dir='ltr' id='par_1_3' title="bbox 301 369 2032 750">
     <span class='ocr_line' id='line_1_3' title="bbox 342 369 1965 454; baseline -0.001 -13"><span class='ocrx_word' id='word_1_6' title='bbox 342 381 464 441; x_wconf 88' lang='lat' dir='ltr'><strong>Omnes</strong></span> <span class='ocrx_word' id='word_1_7' title='bbox 497 375 601 454; x_wconf 88' lang='lat' dir='ltr'><strong>igitur</strong></span> <span class='ocrx_word' id='word_1_8' title='bbox 633 373 854 450; x_wconf 81' lang='lat' dir='ltr'><strong>crucesignati</strong></span> <span class='ocrx_word' id='word_1_9' title='bbox 886 375 921 436; x_wconf 93' lang='lat' dir='ltr'><strong>et</strong></span> <span class='ocrx_word' id='word_1_10' title='bbox 952 373 1102 436; x_wconf 87' lang='lat' dir='ltr'><strong>crucesi-</strong></span> <span class='ocrx_word' id='word_1_11' title='bbox 1196 369 1366 434; x_wconf 80' lang='lat' dir='ltr'><strong>accedens</strong></span> <span class='ocrx_word' id='word_1_12' title='bbox 1381 371 1424 434; x_wconf 88' lang='lat' dir='ltr'><strong>ad</strong></span> <span class='ocrx_word' id='word_1_13' title='bbox 1446 373 1593 436; x_wconf 90' lang='lat' dir='ltr'><strong>nostram</strong></span> <span class='ocrx_word' id='word_1_14' title='bbox 1615 376 1835 454; x_wconf 78' lang='lat' dir='ltr'><strong>presentiam</strong></span> <span class='ocrx_word' id='word_1_15' title='bbox 1857 375 1965 439; x_wconf 88' lang='lat' dir='ltr'><strong>dilec-</strong></span> 
     </span>
     <span class='ocr_line' id='line_1_4' title="bbox 301 470 1964 554; baseline -0.001 -16"><span class='ocrx_word' id='word_1_16' title='bbox 301 476 426 554; x_wconf 87' lang='lat' dir='ltr'><strong>gnandi</strong></span> <span class='ocrx_word' id='word_1_17' title='bbox 442 470 583 537; x_wconf 90' lang='lat' dir='ltr'><strong>sollicite</strong></span> <span class='ocrx_word' id='word_1_18' title='bbox 598 474 807 545; x_wconf 86' lang='lat' dir='ltr'><strong>moneantur,</strong></span> <span class='ocrx_word' id='word_1_19' title='bbox 831 471 978 550; x_wconf 86' lang='lat' dir='ltr'><strong>utquam</strong></span> <span class='ocrx_word' id='word_1_20' title='bbox 993 474 1101 548; x_wconf 87' lang='lat' dir='ltr'><strong>majo-</strong></span> <span class='ocrx_word' id='word_1_21' title='bbox 1155 470 1208 532; x_wconf 91' lang='lat' dir='ltr'><strong>tus</strong></span> <span class='ocrx_word' id='word_1_22' title='bbox 1235 470 1326 531; x_wconf 83' lang='lat' dir='ltr'><strong>tilius</strong></span> <span class='ocrx_word' id='word_1_23' title='bbox 1354 472 1551 549; x_wconf 86' lang='lat' dir='ltr'><strong>procurator</strong></span> <span class='ocrx_word' id='word_1_24' title='bbox 1579 473 1731 536; x_wconf 75' lang='lat' dir='ltr'><strong>ecclesiae</strong></span> <span class='ocrx_word' id='word_1_25' title='bbox 1747 476 1964 536; x_wconf 85' lang='lat' dir='ltr'><strong>Maionensis</strong></span> 
     </span>
     <span class='ocr_line' id='line_1_5' title="bbox 302 569 1965 652; baseline -0.002 -15"><span class='ocrx_word' id='word_1_26' title='bbox 302 589 373 637; x_wconf 90' lang='lat' dir='ltr'><strong>rem</strong></span> <span class='ocrx_word' id='word_1_27' title='bbox 388 574 542 652; x_wconf 87' lang='lat' dir='ltr'><strong>poterunt</strong></span> <span class='ocrx_word' id='word_1_28' title='bbox 557 588 668 634; x_wconf 91' lang='lat' dir='ltr'><strong>secum</strong></span> <span class='ocrx_word' id='word_1_29' title='bbox 684 571 807 632; x_wconf 88' lang='lat' dir='ltr'><strong>ducant</strong></span> <span class='ocrx_word' id='word_1_30' title='bbox 827 569 957 647; x_wconf 93' lang='lat' dir='ltr'><strong>copiam</strong></span> <span class='ocrx_word' id='word_1_31' title='bbox 971 570 1102 631; x_wconf 88' lang='lat' dir='ltr'><strong>victua·</strong></span> <span class='ocrx_word' id='word_1_32' title='bbox 1154 569 1325 645; x_wconf 82' lang='lat' dir='ltr'>proposuit</span> <span class='ocrx_word' id='word_1_33' title='bbox 1346 584 1458 630; x_wconf 89' lang='lat' dir='ltr'><strong>coram</strong></span> <span class='ocrx_word' id='word_1_34' title='bbox 1471 569 1577 642; x_wconf 90' lang='lat' dir='ltr'><strong>nobis,</strong></span> <span class='ocrx_word' id='word_1_35' title='bbox 1595 571 1682 648; x_wconf 90' lang='lat' dir='ltr'><strong>quod</strong></span> <span class='ocrx_word' id='word_1_36' title='bbox 1698 587 1802 650; x_wconf 87' lang='lat' dir='ltr'><strong>quum</strong></span> <span class='ocrx_word' id='word_1_37' title='bbox 1816 573 1862 634; x_wconf 91' lang='lat' dir='ltr'><strong>ab</strong></span> <span class='ocrx_word' id='word_1_38' title='bbox 1879 575 1965 634; x_wconf 87' lang='lat' dir='ltr'><strong>anti-</strong></span> 
     </span>
     <span class='ocr_line' id='line_1_6' title="bbox 302 657 2032 750; baseline -0.001 -17"><span class='ocrx_word' id='word_1_39' title='bbox 302 673 383 734; x_wconf 89' lang='lat' dir='ltr'><strong>lium</strong></span> <span class='ocrx_word' id='word_1_40' title='bbox 399 675 430 733; x_wconf 87' lang='lat' dir='ltr'><strong>et</strong></span> <span class='ocrx_word' id='word_1_41' title='bbox 441 685 613 750; x_wconf 84' lang='lat' dir='ltr'><strong>equorum.</strong></span> <span class='ocrx_word' id='word_1_42' title='bbox 629 671 748 731; x_wconf 88' lang='lat' dir='ltr'><strong>Datum</strong></span> <span class='ocrx_word' id='word_1_43' title='bbox 764 669 932 742; x_wconf 88' lang='lat' dir='ltr'><strong>Laterani,</strong></span> <span class='ocrx_word' id='word_1_44' title='bbox 945 669 1020 729; x_wconf 85' lang='lat' dir='ltr'><strong>Vlll</strong></span> <span class='ocrx_word' id='word_1_45' title='bbox 1030 667 1098 728; x_wconf 87' lang='lat' dir='ltr'><strong>kal.</strong></span> <span class='ocrx_word' id='word_1_46' title='bbox 1155 679 1219 744; x_wconf 87' lang='lat' dir='ltr'><strong>qno</strong></span> <span class='ocrx_word' id='word_1_47' title='bbox 1234 666 1610 729; x_wconf 88' lang='lat' dir='ltr'><strong>eademecclesialuerit</strong></span> <span class='ocrx_word' id='word_1_48' title='bbox 1629 669 1846 742; x_wconf 87' lang='lat' dir='ltr'><strong>cathedralis,</strong></span> <span class='ocrx_word' id='word_1_49' title='bbox 1866 670 1964 732; x_wconf 84' lang='lat' dir='ltr'><strong>bonae</strong></span> <span class='ocrx_word' id='word_1_50' title='bbox 2031 657 2032 672; x_wconf 52' lang='lat'>¹</span> 
     </span>
    </p>
   </div>
   <div class='ocr_carea' id='block_1_4' title="bbox 302 764 1965 846">
    <p class='ocr_par' dir='ltr' id='par_1_4' title="bbox 302 764 1965 846">
     <span class='ocr_line' id='line_1_7' title="bbox 302 764 1965 846; baseline -0.001 -14"><span class='ocrx_word' id='word_1_51' title='bbox 302 769 501 842; x_wconf 90' lang='lat' dir='ltr'><strong>decembris,</strong></span> <span class='ocrx_word' id='word_1_52' title='bbox 541 768 753 846; x_wconf 86' lang='lat' dir='ltr'><strong>pontificatus</strong></span> <span class='ocrx_word' id='word_1_53' title='bbox 788 766 895 828; x_wconf 85' lang='lat' dir='ltr'>nostri</span> <span class='ocrx_word' id='word_1_54' title='bbox 925 781 1012 828; x_wconf 88' lang='lat' dir='ltr'><strong>anno</strong></span> <span class='ocrx_word' id='word_1_55' title='bbox 1046 780 1102 826; x_wconf 89' lang='lat' dir='ltr'><strong>se-</strong></span> <span class='ocrx_word' id='word_1_56' title='bbox 1155 765 1324 826; x_wconf 85' lang='lat' dir='ltr'><strong>memoriae</strong></span> <span class='ocrx_word' id='word_1_57' title='bbox 1350 767 1381 827; x_wconf 88' lang='lat' dir='ltr'><strong>J.</strong></span> <span class='ocrx_word' id='word_1_58' title='bbox 1406 764 1494 826; x_wconf 89' lang='lat' dir='ltr'><strong>tituli</strong></span> <span class='ocrx_word' id='word_1_59' title='bbox 1521 768 1554 826; x_wconf 87' lang='lat' dir='ltr'><strong>S.</strong></span> <span class='ocrx_word' id='word_1_60' title='bbox 1583 765 1746 844; x_wconf 82' lang='lat' dir='ltr'><strong>Stephani</strong></span> <span class='ocrx_word' id='word_1_61' title='bbox 1781 767 1826 829; x_wconf 91' lang='lat' dir='ltr'><strong>iu·</strong></span> <span class='ocrx_word' id='word_1_62' title='bbox 1858 770 1965 830; x_wconf 84' lang='lat' dir='ltr'><strong>Coelio</strong></span> 
     </span>
    </p>
   </div>
   <div class='ocr_carea' id='block_1_5' title="bbox 302 867 768 1058">
    <p class='ocr_par' dir='ltr' id='par_1_5' title="bbox 302 867 768 1058">
     <span class='ocr_line' id='line_1_8' title="bbox 302 867 421 928; baseline -0.008 0"><span class='ocrx_word' id='word_1_63' title='bbox 302 867 421 928; x_wconf 82' lang='lat' dir='ltr'><strong>cunno.</strong></span> 
     </span>
     <span class='ocr_line' id='line_1_9' title="bbox 645 972 768 1058; baseline 0 0"><span class='ocrx_word' id='word_1_64' title='bbox 645 972 768 1058; x_wconf 88' lang='lat' dir='ltr'>LXVI</span> 
     </span>
    </p>
   </div>
   <div class='ocr_carea' id='block_1_6' title="bbox 342 1111 1058 1190">
    <p class='ocr_par' dir='ltr' id='par_1_6' title="bbox 342 1111 1058 1190">
     <span class='ocr_line' id='line_1_10' title="bbox 342 1111 1058 1190; baseline -0.01 -13"><span class='ocrx_word' id='word_1_65' title='bbox 342 1119 394 1177; x_wconf 86' lang='lat' dir='ltr'><strong>Ad</strong></span> <span class='ocrx_word' id='word_1_66' title='bbox 416 1118 586 1178; x_wconf 74' lang='lat' dir='ltr'><strong>locassem</strong></span> <span class='ocrx_word' id='word_1_67' title='bbox 606 1115 762 1176; x_wconf 77' lang='lat' dir='ltr'><strong><em>abbatem</em></strong></span> <span class='ocrx_word' id='word_1_68' title='bbox 778 1115 819 1174; x_wconf 85' lang='lat' dir='ltr'><strong>dc</strong></span> <span class='ocrx_word' id='word_1_69' title='bbox 842 1111 1058 1190; x_wconf 74' lang='lat' dir='ltr'><strong>Vangodicia.</strong></span> 
     </span>
    </p>
   </div>
   <div class='ocr_carea' id='block_1_7' title="bbox 401 1233 1006 1417">
    <p class='ocr_par' dir='ltr' id='par_1_7' title="bbox 401 1233 1006 1417">
     <span class='ocr_line' id='line_1_11' title="bbox 595 1233 806 1294; baseline -0.009 0"><span class='ocrx_word' id='word_1_70' title='bbox 595 1233 711 1294; x_wconf 76' lang='lat' dir='ltr'><strong>alnov.</strong></span> <span class='ocrx_word' id='word_1_71' title='bbox 727 1236 806 1293; x_wconf 74' lang='lat' dir='ltr'><strong>lili.</strong></span> 
     </span>
     <span class='ocr_line' id='line_1_12' title="bbox 401 1347 1006 1417; baseline -0.008 -14"><span class='ocrx_word' id='word_1_72' title='bbox 401 1352 541 1417; x_wconf 70' lang='lat' dir='ltr'><strong>[blilsrelli</strong></span> <span class='ocrx_word' id='word_1_73' title='bbox 556 1351 649 1402; x_wconf 78' lang='lat' dir='ltr'><strong>Annal.</strong></span> <span class='ocrx_word' id='word_1_74' title='bbox 663 1349 789 1408; x_wconf 74' lang='lat' dir='ltr'><strong>esmant,</strong></span> <span class='ocrx_word' id='word_1_75' title='bbox 801 1354 818 1398; x_wconf 95' lang='lat' dir='ltr'><strong>t.</strong></span> <span class='ocrx_word' id='word_1_76' title='bbox 837 1349 880 1408; x_wconf 87' lang='lat' dir='ltr'><strong>IV,</strong></span> <span class='ocrx_word' id='word_1_77' title='bbox 897 1364 923 1414; x_wconf 92' lang='lat' dir='ltr'><strong>p.</strong></span> <span class='ocrx_word' id='word_1_78' title='bbox 938 1347 1006 1411; x_wconf 70' lang='lat' dir='ltr'><strong>tlt]</strong></span> 
     </span>
    </p>
   </div>
   <div class='ocr_carea' id='block_1_8' title="bbox 303 1449 1101 1617">
    <p class='ocr_par' dir='ltr' id='par_1_8' title="bbox 303 1449 1101 1617">
     <span class='ocr_line' id='line_1_13' title="bbox 303 1449 1101 1534; baseline -0.011 -15"><span class='ocrx_word' id='word_1_79' title='bbox 303 1459 437 1534; x_wconf 79' lang='lat' dir='ltr'><strong>Indulget</strong></span> <span class='ocrx_word' id='word_1_80' title='bbox 450 1466 481 1518; x_wconf 92' lang='lat' dir='ltr'><strong>ut</strong></span> <span class='ocrx_word' id='word_1_81' title='bbox 491 1459 567 1516; x_wconf 91' lang='lat' dir='ltr'><strong>bona</strong></span> <span class='ocrx_word' id='word_1_82' title='bbox 583 1457 712 1516; x_wconf 85' lang='lat' dir='ltr'><strong>ecclesiae</strong></span> <span class='ocrx_word' id='word_1_83' title='bbox 728 1471 787 1514; x_wconf 84' lang='lat' dir='ltr'><strong>suso</strong></span> <span class='ocrx_word' id='word_1_84' title='bbox 811 1470 827 1513; x_wconf 91' lang='lat' dir='ltr'><strong>a</strong></span> <span class='ocrx_word' id='word_1_85' title='bbox 844 1449 1101 1528; x_wconf 59' lang='lat' dir='ltr'><strong>predecessoribus</strong></span> 
     </span>
     <span class='ocr_line' id='line_1_14' title="bbox 499 1544 905 1617; baseline -0.012 -13"><span class='ocrx_word' id='word_1_86' title='bbox 499 1547 621 1604; x_wconf 84' lang='lat' dir='ltr'><strong>alienata</strong></span> <span class='ocrx_word' id='word_1_87' title='bbox 647 1559 782 1602; x_wconf 87' lang='lat' dir='ltr'><strong>revocare</strong></span> <span class='ocrx_word' id='word_1_88' title='bbox 807 1544 905 1617; x_wconf 79' lang='lat' dir='ltr'><strong>possit.</strong></span> 
     </span>
    </p>
   </div>
   <div class='ocr_carea' id='block_1_9' title="bbox 303 1649 1103 3388">
    <p class='ocr_par' dir='ltr' id='par_1_9' title="bbox 303 1649 1103 1926">
     <span class='ocr_line' id='line_1_15' title="bbox 343 1649 1099 1732; baseline -0.009 -14"><span class='ocrx_word' id='word_1_89' title='bbox 343 1656 510 1718; x_wconf 89' lang='lat' dir='ltr'><strong>Honorius</strong></span> <span class='ocrx_word' id='word_1_90' title='bbox 522 1655 697 1732; x_wconf 88' lang='lat' dir='ltr'><strong>episcopus</strong></span> <span class='ocrx_word' id='word_1_91' title='bbox 713 1669 831 1716; x_wconf 89' lang='lat' dir='ltr'><strong>servus</strong></span> <span class='ocrx_word' id='word_1_92' title='bbox 847 1667 1019 1714; x_wconf 90' lang='lat' dir='ltr'><strong>servorum</strong></span> <span class='ocrx_word' id='word_1_93' title='bbox 1029 1649 1099 1723; x_wconf 89' lang='lat' dir='ltr'><strong>Dei,</strong></span> 
     </span>
     <span class='ocr_line' id='line_1_16' title="bbox 304 1748 1103 1830; baseline -0.011 -14"><span class='ocrx_word' id='word_1_94' title='bbox 304 1753 497 1816; x_wconf 89' lang='lat' dir='ltr'><strong>salutemet</strong></span> <span class='ocrx_word' id='word_1_95' title='bbox 521 1753 737 1830; x_wconf 85' lang='lat' dir='ltr'><strong>apostolicam</strong></span> <span class='ocrx_word' id='word_1_96' title='bbox 753 1749 1028 1821; x_wconf 80' lang='lat' dir='ltr'>benedictionem,</span> <span class='ocrx_word' id='word_1_97' title='bbox 1050 1748 1103 1808; x_wconf 89' lang='lat' dir='ltr'><strong>di·</strong></span> 
     </span>
     <span class='ocr_line' id='line_1_17' title="bbox 303 1847 887 1926; baseline -0.003 -16"><span class='ocrx_word' id='word_1_98' title='bbox 303 1851 389 1913; x_wconf 88' lang='lat' dir='ltr'><strong>lecto</strong></span> <span class='ocrx_word' id='word_1_99' title='bbox 405 1851 474 1912; x_wconf 86' lang='lat' dir='ltr'><strong>illio</strong></span> <span class='ocrx_word' id='word_1_100' title='bbox 489 1851 601 1912; x_wconf 90' lang='lat' dir='ltr'><strong>abbati</strong></span> <span class='ocrx_word' id='word_1_101' title='bbox 616 1850 657 1912; x_wconf 93' lang='lat' dir='ltr'><strong>de</strong></span> <span class='ocrx_word' id='word_1_102' title='bbox 669 1847 887 1926; x_wconf 80' lang='lat' dir='ltr'>vangadicia.</span> 
     </span>
    </p>

    <p class='ocr_par' dir='ltr' id='par_1_10' title="bbox 303 1942 1103 3191">
     <span class='ocr_line' id='line_1_18' title="bbox 348 1942 1102 2023; baseline -0.011 -13"><span class='ocrx_word' id='word_1_103' title='bbox 348 1948 439 2010; x_wconf 88' lang='lat' dir='ltr'><strong>Solet</strong></span> <span class='ocrx_word' id='word_1_104' title='bbox 453 1963 601 2012; x_wconf 81' lang='lat' dir='ltr'><strong>annuere</strong></span> <span class='ocrx_word' id='word_1_105' title='bbox 615 1947 716 2008; x_wconf 83' lang='lat' dir='ltr'>Sedes</span> <span class='ocrx_word' id='word_1_106' title='bbox 730 1945 920 2023; x_wconf 73' lang='lat' dir='ltr'><strong>apostolica</strong></span> <span class='ocrx_word' id='word_1_107' title='bbox 934 1943 997 2020; x_wconf 88' lang='lat' dir='ltr'><strong>piis</strong></span> <span class='ocrx_word' id='word_1_108' title='bbox 1016 1942 1102 2004; x_wconf 89' lang='lat' dir='ltr'><strong>votis</strong></span> 
     </span>
     <span class='ocr_line' id='line_1_19' title="bbox 305 2039 1102 2122; baseline -0.01 -14"><span class='ocrx_word' id='word_1_109' title='bbox 305 2047 339 2108; x_wconf 87' lang='lat' dir='ltr'><strong>et</strong></span> <span class='ocrx_word' id='word_1_110' title='bbox 370 2045 518 2107; x_wconf 80' lang='lat' dir='ltr'><strong>honestis</strong></span> <span class='ocrx_word' id='word_1_111' title='bbox 545 2044 725 2122; x_wconf 90' lang='lat' dir='ltr'><strong>petentium</strong></span> <span class='ocrx_word' id='word_1_112' title='bbox 766 2041 918 2119; x_wconf 90' lang='lat' dir='ltr'><strong>precibus</strong></span> <span class='ocrx_word' id='word_1_113' title='bbox 954 2039 1102 2102; x_wconf 80' lang='lat' dir='ltr'><strong>favorem</strong></span> 
     </span>
     <span class='ocr_line' id='line_1_20' title="bbox 304 2137 1102 2218; baseline -0.005 -16"><span class='ocrx_word' id='word_1_114' title='bbox 304 2141 502 2204; x_wconf 92' lang='lat' dir='ltr'><strong>benevolum</strong></span> <span class='ocrx_word' id='word_1_115' title='bbox 517 2141 693 2218; x_wconf 77' lang='lat' dir='ltr'><strong>impartIri.</strong></span> <span class='ocrx_word' id='word_1_116' title='bbox 710 2143 759 2202; x_wconf 81' lang='lat' dir='ltr'><strong>Ex</strong></span> <span class='ocrx_word' id='word_1_117' title='bbox 770 2141 826 2201; x_wconf 88' lang='lat' dir='ltr'><strong>tua</strong></span> <span class='ocrx_word' id='word_1_118' title='bbox 843 2153 924 2200; x_wconf 88' lang='lat' dir='ltr'><strong>sane</strong></span> <span class='ocrx_word' id='word_1_119' title='bbox 938 2137 1102 2199; x_wconf 74' lang='lat' dir='ltr'><strong>relatione</strong></span> 
     </span>
     <span class='ocr_line' id='line_1_21' title="bbox 305 2235 1101 2316; baseline -0.008 -15"><span class='ocrx_word' id='word_1_120' title='bbox 305 2239 506 2316; x_wconf 87' lang='lat' dir='ltr'><strong>accepimus,</strong></span> <span class='ocrx_word' id='word_1_121' title='bbox 523 2239 610 2316; x_wconf 87' lang='lat' dir='ltr'><strong>quod</strong></span> <span class='ocrx_word' id='word_1_122' title='bbox 625 2241 690 2300; x_wconf 84' lang='lat' dir='ltr'><strong>lt...</strong></span> <span class='ocrx_word' id='word_1_123' title='bbox 706 2239 740 2300; x_wconf 90' lang='lat' dir='ltr'><strong>et</strong></span> <span class='ocrx_word' id='word_1_124' title='bbox 751 2236 885 2314; x_wconf 89' lang='lat' dir='ltr'><strong>quidam</strong></span> <span class='ocrx_word' id='word_1_125' title='bbox 901 2235 1101 2313; x_wconf 82' lang='lat' dir='ltr'><strong>aliipraede-</strong></span> 
     </span>
     <span class='ocr_line' id='line_1_22' title="bbox 307 2332 1103 2413; baseline -0.009 -15"><span class='ocrx_word' id='word_1_126' title='bbox 307 2352 458 2398; x_wconf 89' lang='lat' dir='ltr'><strong>cessores</strong></span> <span class='ocrx_word' id='word_1_127' title='bbox 479 2336 527 2397; x_wconf 91' lang='lat' dir='ltr'><strong>tui</strong></span> <span class='ocrx_word' id='word_1_128' title='bbox 542 2335 692 2413; x_wconf 80' lang='lat' dir='ltr'><strong>quaedam</strong></span> <span class='ocrx_word' id='word_1_129' title='bbox 703 2335 789 2396; x_wconf 90' lang='lat' dir='ltr'><strong>bona</strong></span> <span class='ocrx_word' id='word_1_130' title='bbox 801 2332 951 2395; x_wconf 79' lang='lat' dir='ltr'><strong>ecclesia</strong></span> <span class='ocrx_word' id='word_1_131' title='bbox 965 2332 1005 2393; x_wconf 92' lang='lat' dir='ltr'><strong>de</strong></span> <span class='ocrx_word' id='word_1_132' title='bbox 1017 2335 1103 2393; x_wconf 90' lang='lat' dir='ltr'><strong>Van·</strong></span> 
     </span>
     <span class='ocr_line' id='line_1_23' title="bbox 304 2427 1102 2510; baseline -0.006 -14"><span class='ocrx_word' id='word_1_133' title='bbox 304 2434 436 2510; x_wconf 72' lang='lat' dir='ltr'><strong>gallicia</strong></span> <span class='ocrx_word' id='word_1_134' title='bbox 446 2434 481 2494; x_wconf 94' lang='lat' dir='ltr'><strong>in</strong></span> <span class='ocrx_word' id='word_1_135' title='bbox 491 2449 595 2510; x_wconf 87' lang='lat' dir='ltr'><strong>grave</strong></span> <span class='ocrx_word' id='word_1_136' title='bbox 605 2433 710 2509; x_wconf 89' lang='lat' dir='ltr'><strong>ipsius</strong></span> <span class='ocrx_word' id='word_1_137' title='bbox 721 2427 1102 2493; x_wconf 86' lang='lat' dir='ltr'><strong>alienaverintecclesiae</strong></span> 
     </span>
     <span class='ocr_line' id='line_1_24' title="bbox 305 2526 1102 2608; baseline -0.005 -16"><span class='ocrx_word' id='word_1_138' title='bbox 305 2531 548 2593; x_wconf 80' lang='lat' dir='ltr'><strong>detrimentum.</strong></span> <span class='ocrx_word' id='word_1_139' title='bbox 562 2529 761 2608; x_wconf 79' lang='lat' dir='ltr'><strong>eapropter,</strong></span> <span class='ocrx_word' id='word_1_140' title='bbox 774 2529 893 2591; x_wconf 89' lang='lat' dir='ltr'><strong>dilecte</strong></span> <span class='ocrx_word' id='word_1_141' title='bbox 908 2529 943 2588; x_wconf 92' lang='lat' dir='ltr'><strong>in</strong></span> <span class='ocrx_word' id='word_1_142' title='bbox 963 2526 1102 2588; x_wconf 87' lang='lat' dir='ltr'><strong>Domino</strong></span> 
     </span>
     <span class='ocr_line' id='line_1_25' title="bbox 303 2628 1100 2707; baseline -0.006 -18"><span class='ocrx_word' id='word_1_143' title='bbox 303 2628 1100 2707; x_wconf 83' lang='lat' dir='ltr'><strong>tili‚tuisprecibusgratoconourrentesassensu,</strong></span> 
     </span>
     <span class='ocr_line' id='line_1_26' title="bbox 303 2722 1103 2803; baseline -0.008 -15"><span class='ocrx_word' id='word_1_144' title='bbox 303 2726 501 2788; x_wconf 90' lang='lat' dir='ltr'><strong>auctoritate</strong></span> <span class='ocrx_word' id='word_1_145' title='bbox 512 2725 574 2787; x_wconf 90' lang='lat' dir='ltr'><strong>tibi</strong></span> <span class='ocrx_word' id='word_1_146' title='bbox 591 2725 804 2803; x_wconf 81' lang='lat' dir='ltr'><strong>praesentIum</strong></span> <span class='ocrx_word' id='word_1_147' title='bbox 819 2723 1041 2798; x_wconf 79' lang='lat' dir='ltr'><strong>indulgemus,</strong></span> <span class='ocrx_word' id='word_1_148' title='bbox 1068 2722 1103 2783; x_wconf 92' lang='lat' dir='ltr'><strong>ut</strong></span> 
     </span>
     <span class='ocr_line' id='line_1_27' title="bbox 304 2819 1102 2898; baseline -0.005 -14"><span class='ocrx_word' id='word_1_149' title='bbox 304 2823 524 2885; x_wconf 84' lang='lat' dir='ltr'><strong>alienationes</strong></span> <span class='ocrx_word' id='word_1_150' title='bbox 554 2823 731 2898; x_wconf 86' lang='lat' dir='ltr'><strong>praedictas</strong></span> <span class='ocrx_word' id='word_1_151' title='bbox 754 2821 815 2882; x_wconf 92' lang='lat' dir='ltr'><strong>tibi</strong></span> <span class='ocrx_word' id='word_1_152' title='bbox 840 2820 941 2882; x_wconf 90' lang='lat' dir='ltr'><strong>liceat</strong></span> <span class='ocrx_word' id='word_1_153' title='bbox 972 2819 1102 2880; x_wconf 88' lang='lat' dir='ltr'><strong>sublato</strong></span> 
     </span>
     <span class='ocr_line' id='line_1_28' title="bbox 305 2916 1100 2997; baseline -0.006 -16"><span class='ocrx_word' id='word_1_154' title='bbox 305 2919 540 2997; x_wconf 84' lang='lat' dir='ltr'><strong>appellationis</strong></span> <span class='ocrx_word' id='word_1_155' title='bbox 564 2918 734 2980; x_wconf 87' lang='lat' dir='ltr'><strong>obstaculo</strong></span> <span class='ocrx_word' id='word_1_156' title='bbox 756 2916 902 2994; x_wconf 85' lang='lat' dir='ltr'><strong>legitimo</strong></span> <span class='ocrx_word' id='word_1_157' title='bbox 930 2931 1100 2978; x_wconf 88' lang='lat' dir='ltr'><strong>revocare.</strong></span> 
     </span>
     <span class='ocr_line' id='line_1_29' title="bbox 303 3013 1103 3091; baseline -0.006 -13"><span class='ocrx_word' id='word_1_158' title='bbox 303 3017 397 3078; x_wconf 91' lang='lat' dir='ltr'><strong>Nulli</strong></span> <span class='ocrx_word' id='word_1_159' title='bbox 436 3032 516 3091; x_wconf 88' lang='lat' dir='ltr'><strong>ergo</strong></span> <span class='ocrx_word' id='word_1_160' title='bbox 553 3016 698 3077; x_wconf 91' lang='lat' dir='ltr'><strong>ommino</strong></span> <span class='ocrx_word' id='word_1_161' title='bbox 745 3013 927 3085; x_wconf 92' lang='lat' dir='ltr'><strong>hominum,</strong></span> <span class='ocrx_word' id='word_1_162' title='bbox 964 3014 1027 3075; x_wconf 87' lang='lat' dir='ltr'><strong>eto.</strong></span> <span class='ocrx_word' id='word_1_163' title='bbox 1067 3013 1103 3076; x_wconf 85' lang='lat' dir='ltr'><strong>Si</strong></span> 
     </span>
     <span class='ocr_line' id='line_1_30' title="bbox 305 3113 469 3191; baseline -0.006 -17"><span class='ocrx_word' id='word_1_164' title='bbox 305 3114 391 3191; x_wconf 89' lang='lat' dir='ltr'><strong>quis,</strong></span> <span class='ocrx_word' id='word_1_165' title='bbox 406 3113 469 3175; x_wconf 87' lang='lat' dir='ltr'><strong>etc.</strong></span> 
     </span>
    </p>

    <p class='ocr_par' dir='ltr' id='par_1_11' title="bbox 304 3208 1099 3388">
     <span class='ocr_line' id='line_1_31' title="bbox 344 3208 1099 3281; baseline -0.007 -7"><span class='ocrx_word' id='word_1_166' title='bbox 344 3211 463 3274; x_wconf 86' lang='lat' dir='ltr'><strong>Datum</strong></span> <span class='ocrx_word' id='word_1_167' title='bbox 487 3210 643 3273; x_wconf 84' lang='lat' dir='ltr'><strong>Laterani</strong></span> <span class='ocrx_word' id='word_1_168' title='bbox 665 3213 693 3272; x_wconf 91' lang='lat' dir='ltr'>V</span> <span class='ocrx_word' id='word_1_169' title='bbox 717 3209 879 3274; x_wconf 85' lang='lat' dir='ltr'><strong>kalendas</strong></span> <span class='ocrx_word' id='word_1_170' title='bbox 903 3208 1099 3281; x_wconf 86' lang='lat' dir='ltr'><strong>decembris,</strong></span> 
     </span>
     <span class='ocr_line' id='line_1_32' title="bbox 304 3307 909 3388; baseline -0.007 -16"><span class='ocrx_word' id='word_1_171' title='bbox 304 3309 516 3388; x_wconf 82' lang='lat' dir='ltr'><strong>pontificatus</strong></span> <span class='ocrx_word' id='word_1_172' title='bbox 530 3309 635 3370; x_wconf 87' lang='lat' dir='ltr'><strong>nostri</strong></span> <span class='ocrx_word' id='word_1_173' title='bbox 650 3324 738 3370; x_wconf 89' lang='lat' dir='ltr'><strong>anno</strong></span> <span class='ocrx_word' id='word_1_174' title='bbox 754 3307 909 3370; x_wconf 92' lang='lat' dir='ltr'><strong>secundo.</strong></span> 
     </span>
    </p>
   </div>
   <div class='ocr_carea' id='block_1_10' title="bbox 633 3487 776 3572">
    <p class='ocr_par' dir='ltr' id='par_1_12' title="bbox 633 3487 776 3572">
     <span class='ocr_line' id='line_1_33' title="bbox 633 3487 776 3572; baseline 0 0"><span class='ocrx_word' id='word_1_175' title='bbox 633 3487 776 3572; x_wconf 86' lang='lat' dir='ltr'>LXVII</span> 
     </span>
    </p>
   </div>
   <div class='ocr_carea' id='block_1_11' title="bbox 303 3627 1103 3886">
    <p class='ocr_par' dir='ltr' id='par_1_13' title="bbox 303 3627 1103 3886">
     <span class='ocr_line' id='line_1_34' title="bbox 303 3627 1102 3706; baseline -0.008 -14"><span class='ocrx_word' id='word_1_176' title='bbox 303 3634 559 3706; x_wconf 81' lang='lat' dir='ltr'><strong>Adeptscopum</strong></span> <span class='ocrx_word' id='word_1_177' title='bbox 569 3627 1102 3701; x_wconf 63' lang='lat' dir='ltr'><strong>Clocorerasemmbbolemdlllo·</strong></span> 
     </span>
     <span class='ocr_line' id='line_1_35' title="bbox 344 3725 1103 3789; baseline -0.004 0"><span class='ocrx_word' id='word_1_178' title='bbox 344 3733 411 3789; x_wconf 80' lang='lat' dir='ltr'><strong>rice</strong></span> <span class='ocrx_word' id='word_1_179' title='bbox 431 3732 472 3788; x_wconf 87' lang='lat' dir='ltr'><strong>de</strong></span> <span class='ocrx_word' id='word_1_180' title='bbox 495 3731 664 3788; x_wconf 80' lang='lat' dir='ltr'><strong>Koeacnos</strong></span> <span class='ocrx_word' id='word_1_181' title='bbox 689 3729 856 3788; x_wconf 78' lang='lat' dir='ltr'><strong>Miderssis</strong></span> <span class='ocrx_word' id='word_1_182' title='bbox 886 3729 1042 3788; x_wconf 85' lang='lat' dir='ltr'><strong>dloecesis</strong></span> <span class='ocrx_word' id='word_1_183' title='bbox 1069 3725 1103 3787; x_wconf 87' lang='lat' dir='ltr'><strong>ct</strong></span> 
     </span>
     <span class='ocr_line' id='line_1_36' title="bbox 343 3825 944 3886; baseline -0.003 0"><span class='ocrx_word' id='word_1_184' title='bbox 343 3825 623 3886; x_wconf 77' lang='lat' dir='ltr'><strong>orcltidiacomun</strong></span> <span class='ocrx_word' id='word_1_185' title='bbox 636 3825 944 3884; x_wconf 81' lang='lat' dir='ltr'><strong>Ardocbudcasem.</strong></span> 
     </span>
    </p>
   </div>
   <div class='ocr_carea' id='block_1_12' title="bbox 598 3944 809 4002">
    <p class='ocr_par' dir='ltr' id='par_1_14' title="bbox 598 3944 809 4002">
     <span class='ocr_line' id='line_1_37' title="bbox 598 3944 809 4002; baseline -0.005 0"><span class='ocrx_word' id='word_1_186' title='bbox 598 3945 632 4002; x_wconf 77' lang='lat'><strong>27</strong></span> <span class='ocrx_word' id='word_1_187' title='bbox 647 3957 714 4001; x_wconf 86' lang='lat' dir='ltr'><strong>nov.</strong></span> <span class='ocrx_word' id='word_1_188' title='bbox 731 3944 809 4001; x_wconf 72' lang='lat' dir='ltr'><strong>lili.</strong></span> 
     </span>
    </p>
   </div>
   <div class='ocr_carea' id='block_1_13' title="bbox 440 4057 969 4126">
    <p class='ocr_par' dir='ltr' id='par_1_15' title="bbox 440 4057 969 4126">
     <span class='ocr_line' id='line_1_38' title="bbox 440 4057 969 4126; baseline -0.004 -16"><span class='ocrx_word' id='word_1_189' title='bbox 440 4059 570 4126; x_wconf 59' lang='lat' dir='ltr'><strong>[Thalnam</strong></span> <span class='ocrx_word' id='word_1_190' title='bbox 582 4059 694 4109; x_wconf 75' lang='lat' dir='ltr'><strong>Monam.</strong></span> <span class='ocrx_word' id='word_1_191' title='bbox 708 4057 843 4116; x_wconf 77' lang='lat' dir='ltr'><strong>Hibernia,</strong></span> <span class='ocrx_word' id='word_1_192' title='bbox 858 4057 882 4108; x_wconf 77' lang='lat' dir='ltr'><strong>l.</strong></span> <span class='ocrx_word' id='word_1_193' title='bbox 893 4073 919 4108; x_wconf 91' lang='lat' dir='ltr'><strong>n.</strong></span> <span class='ocrx_word' id='word_1_194' title='bbox 932 4058 969 4124; x_wconf 78' lang='grc'><strong>9.]</strong></span> 
     </span>
    </p>
   </div>
   <div class='ocr_carea' id='block_1_14' title="bbox 303 4165 1103 4316">
    <p class='ocr_par' dir='ltr' id='par_1_16' title="bbox 303 4165 1103 4316">
     <span class='ocr_line' id='line_1_39' title="bbox 303 4165 1103 4242; baseline -0.005 -14"><span class='ocrx_word' id='word_1_195' title='bbox 303 4167 418 4228; x_wconf 76' lang='lat' dir='ltr'><strong>Mandat</strong></span> <span class='ocrx_word' id='word_1_196' title='bbox 429 4167 571 4242; x_wconf 88' lang='lat' dir='ltr'><strong>judicibus</strong></span> <span class='ocrx_word' id='word_1_197' title='bbox 586 4175 616 4225; x_wconf 93' lang='lat' dir='ltr'><strong>ut</strong></span> <span class='ocrx_word' id='word_1_198' title='bbox 640 4167 785 4238; x_wconf 82' lang='lat' dir='ltr'><strong>inquirant</strong></span> <span class='ocrx_word' id='word_1_199' title='bbox 810 4165 845 4222; x_wconf 89' lang='lat' dir='ltr'><strong>de</strong></span> <span class='ocrx_word' id='word_1_200' title='bbox 867 4173 942 4224; x_wconf 88' lang='lat' dir='ltr'><strong>statu</strong></span> <span class='ocrx_word' id='word_1_201' title='bbox 970 4165 1103 4224; x_wconf 79' lang='lat' dir='ltr'><strong>ecclesie</strong></span> 
     </span>
     <span class='ocr_line' id='line_1_40' title="bbox 517 4254 888 4316; baseline -0.013 0"><span class='ocrx_word' id='word_1_202' title='bbox 517 4256 693 4316; x_wconf 88' lang='lat' dir='ltr'><strong>blaionensis</strong></span> <span class='ocrx_word' id='word_1_203' title='bbox 709 4263 738 4313; x_wconf 83' lang='lat' dir='ltr'><strong>et</strong></span> <span class='ocrx_word' id='word_1_204' title='bbox 753 4254 888 4313; x_wconf 78' lang='lat' dir='ltr'><strong>referant.</strong></span> 
     </span>
    </p>
   </div>
   <div class='ocr_carea' id='block_1_15' title="bbox 304 4372 1104 4734">
    <p class='ocr_par' dir='ltr' id='par_1_17' title="bbox 304 4372 1104 4734">
     <span class='ocr_line' id='line_1_41' title="bbox 342 4372 1104 4451; baseline -0.003 -15"><span class='ocrx_word' id='word_1_205' title='bbox 342 4374 509 4436; x_wconf 90' lang='lat' dir='ltr'><strong>Honorius</strong></span> <span class='ocrx_word' id='word_1_206' title='bbox 518 4373 704 4451; x_wconf 90' lang='lat' dir='ltr'><strong>episcopus,</strong></span> <span class='ocrx_word' id='word_1_207' title='bbox 716 4373 899 4433; x_wconf 90' lang='lat' dir='ltr'><strong>venerabili</strong></span> <span class='ocrx_word' id='word_1_208' title='bbox 912 4372 1008 4434; x_wconf 79' lang='lat' dir='ltr'><strong>fratri</strong></span> <span class='ocrx_word' id='word_1_209' title='bbox 1019 4373 1104 4451; x_wconf 90' lang='lat' dir='ltr'><strong>epis-</strong></span> 
     </span>
     <span class='ocr_line' id='line_1_42' title="bbox 305 4469 1100 4548; baseline -0.003 -16"><span class='ocrx_word' id='word_1_210' title='bbox 305 4487 387 4548; x_wconf 94' lang='lat' dir='ltr'><strong>copo</strong></span> <span class='ocrx_word' id='word_1_211' title='bbox 403 4470 604 4542; x_wconf 84' lang='lat' dir='ltr'><strong>Clocorensi‚</strong></span> <span class='ocrx_word' id='word_1_212' title='bbox 619 4469 652 4530; x_wconf 89' lang='lat' dir='ltr'><strong>et</strong></span> <span class='ocrx_word' id='word_1_213' title='bbox 667 4469 795 4532; x_wconf 90' lang='lat' dir='ltr'><strong>dilectis</strong></span> <span class='ocrx_word' id='word_1_214' title='bbox 822 4469 901 4530; x_wconf 88' lang='lat' dir='ltr'><strong>tiliis</strong></span> <span class='ocrx_word' id='word_1_215' title='bbox 927 4469 1037 4532; x_wconf 85' lang='lat' dir='ltr'><strong>abbati</strong></span> <span class='ocrx_word' id='word_1_216' title='bbox 1067 4473 1100 4531; x_wconf 87' lang='lat' dir='ltr'><strong>S.</strong></span> 
     </span>
     <span class='ocr_line' id='line_1_43' title="bbox 305 4564 1103 4640; baseline 0 -10"><span class='ocrx_word' id='word_1_217' title='bbox 305 4567 421 4630; x_wconf 86' lang='lat' dir='ltr'><strong>Mariae</strong></span> <span class='ocrx_word' id='word_1_218' title='bbox 443 4567 483 4627; x_wconf 92' lang='lat' dir='ltr'><strong>de</strong></span> <span class='ocrx_word' id='word_1_219' title='bbox 509 4569 677 4626; x_wconf 87' lang='lat' dir='ltr'><strong>Kaenenos</strong></span> <span class='ocrx_word' id='word_1_220' title='bbox 701 4564 859 4626; x_wconf 90' lang='lat' dir='ltr'><strong>Midensis</strong></span> <span class='ocrx_word' id='word_1_221' title='bbox 886 4565 1051 4640; x_wconf 75' lang='lat' dir='ltr'><strong>dioecesiS,</strong></span> <span class='ocrx_word' id='word_1_222' title='bbox 1070 4568 1103 4631; x_wconf 88' lang='lat' dir='ltr'><strong>et</strong></span> 
     </span>
     <span class='ocr_line' id='line_1_44' title="bbox 304 4660 976 4734; baseline -0.007 -8"><span class='ocrx_word' id='word_1_223' title='bbox 304 4663 540 4726; x_wconf 88' lang='lat' dir='ltr'><strong>archidiacono</strong></span> <span class='ocrx_word' id='word_1_224' title='bbox 552 4660 814 4734; x_wconf 80' lang='lat' dir='ltr'><strong>Ardochaden&#39;si,</strong></span> <span class='ocrx_word' id='word_1_225' title='bbox 825 4661 976 4724; x_wconf 89' lang='lat' dir='ltr'><strong>salutem.</strong></span> 
     </span>
    </p>
   </div>
   <div class='ocr_carea' id='block_1_16' title="bbox 1154 862 2042 1723">
    <p class='ocr_par' dir='ltr' id='par_1_18' title="bbox 1154 862 2042 1723">
     <span class='ocr_line' id='line_1_45' title="bbox 1155 862 1966 942; baseline 0.006 -20"><span class='ocrx_word' id='word_1_226' title='bbox 1155 864 1267 924; x_wconf 85' lang='lat' dir='ltr'><strong>Monte</strong></span> <span class='ocrx_word' id='word_1_227' title='bbox 1280 862 1452 940; x_wconf 85' lang='lat' dir='ltr'><strong>presbytes·</strong></span> <span class='ocrx_word' id='word_1_228' title='bbox 1464 863 1656 932; x_wconf 89' lang='lat' dir='ltr'><strong>cardinalls,</strong></span> <span class='ocrx_word' id='word_1_229' title='bbox 1670 865 1726 941; x_wconf 88' lang='lat' dir='ltr'><strong>qni</strong></span> <span class='ocrx_word' id='word_1_230' title='bbox 1742 867 1824 926; x_wconf 89' lang='lat' dir='ltr'><strong>tunc</strong></span> <span class='ocrx_word' id='word_1_231' title='bbox 1838 867 1877 926; x_wconf 93' lang='lat' dir='ltr'><strong>in</strong></span> <span class='ocrx_word' id='word_1_232' title='bbox 1893 883 1966 942; x_wconf 90' lang='lat' dir='ltr'><strong>par·</strong></span> 
     </span>
     <span class='ocr_line' id='line_1_46' title="bbox 1154 959 2036 1040; baseline 0.003 -18"><span class='ocrx_word' id='word_1_233' title='bbox 1154 961 1244 1022; x_wconf 88' lang='lat' dir='ltr'><strong>tibus</strong></span> <span class='ocrx_word' id='word_1_234' title='bbox 1266 959 1435 1021; x_wconf 84' lang='lat' dir='ltr'><strong>Hiberniae</strong></span> <span class='ocrx_word' id='word_1_235' title='bbox 1453 959 1633 1036; x_wconf 78' lang='lat' dir='ltr'><strong>legationis</strong></span> <span class='ocrx_word' id='word_1_236' title='bbox 1657 962 1767 1023; x_wconf 88' lang='lat' dir='ltr'><strong>olilcio</strong></span> <span class='ocrx_word' id='word_1_237' title='bbox 1790 963 1964 1040; x_wconf 84' lang='lat' dir='ltr'><strong>lungebs-</strong></span> <span class='ocrx_word' id='word_1_238' title='bbox 2035 1003 2036 1006; x_wconf 56' lang='lat'><em>=</em></span> 
     </span>
     <span class='ocr_line' id='line_1_47' title="bbox 1154 1057 1965 1144; baseline 0.004 -25"><span class='ocrx_word' id='word_1_239' title='bbox 1154 1061 1220 1130; x_wconf 89' lang='lat' dir='ltr'><strong>tur,</strong></span> <span class='ocrx_word' id='word_1_240' title='bbox 1230 1057 1425 1119; x_wconf 90' lang='lat' dir='ltr'><strong>Tuamensis</strong></span> <span class='ocrx_word' id='word_1_241' title='bbox 1438 1057 1577 1134; x_wconf 89' lang='lat' dir='ltr'><strong>capituli</strong></span> <span class='ocrx_word' id='word_1_242' title='bbox 1582 1059 1733 1144; x_wconf 67' lang='lat' dir='ltr'><strong>perantia</strong></span> <span class='ocrx_word' id='word_1_243' title='bbox 1745 1061 1965 1122; x_wconf 84' lang='lat' dir='ltr'><strong>circumven-</strong></span> 
     </span>
     <span class='ocr_line' id='line_1_48' title="bbox 1155 1155 1965 1235; baseline 0.001 -18"><span class='ocrx_word' id='word_1_244' title='bbox 1155 1156 1219 1228; x_wconf 87' lang='lat' dir='ltr'><strong>tus,</strong></span> <span class='ocrx_word' id='word_1_245' title='bbox 1236 1155 1463 1216; x_wconf 84' lang='lat' dir='ltr'><strong>Maionensem</strong></span> <span class='ocrx_word' id='word_1_246' title='bbox 1478 1156 1657 1218; x_wconf 90' lang='lat' dir='ltr'><strong>ecclesiam</strong></span> <span class='ocrx_word' id='word_1_247' title='bbox 1677 1158 1851 1235; x_wconf 83' lang='lat' dir='ltr'><strong>tamquam</strong></span> <span class='ocrx_word' id='word_1_248' title='bbox 1883 1159 1965 1219; x_wconf 84' lang='lat' dir='ltr'><strong>sim-</strong></span> 
     </span>
     <span class='ocr_line' id='line_1_49' title="bbox 1155 1252 2040 1331; baseline 0.008 -19"><span class='ocrx_word' id='word_1_249' title='bbox 1155 1252 1274 1330; x_wconf 90' lang='lat' dir='ltr'><strong>plicem</strong></span> <span class='ocrx_word' id='word_1_250' title='bbox 1315 1252 1542 1330; x_wconf 84' lang='lat' dir='ltr'><strong>parochialem</strong></span> <span class='ocrx_word' id='word_1_251' title='bbox 1591 1254 1796 1331; x_wconf 84' lang='lat' dir='ltr'><strong>adjudicavit</strong></span> <span class='ocrx_word' id='word_1_252' title='bbox 1843 1259 1964 1318; x_wconf 87' lang='lat' dir='ltr'><strong>contra</strong></span> <span class='ocrx_word' id='word_1_253' title='bbox 2039 1311 2040 1320; x_wconf 74' lang='grc'>,</span> 
     </span>
     <span class='ocr_line' id='line_1_50' title="bbox 1155 1350 2041 1430; baseline 0.001 -16"><span class='ocrx_word' id='word_1_254' title='bbox 1155 1366 1285 1414; x_wconf 90' lang='lat' dir='ltr'><strong>omnem</strong></span> <span class='ocrx_word' id='word_1_255' title='bbox 1303 1350 1468 1427; x_wconf 88' lang='lat' dir='ltr'><strong>justitiam</strong></span> <span class='ocrx_word' id='word_1_256' title='bbox 1491 1351 1679 1412; x_wconf 85' lang='lat' dir='ltr'><strong>Tuamensi.</strong></span> <span class='ocrx_word' id='word_1_257' title='bbox 1705 1354 1857 1430; x_wconf 82' lang='lat' dir='ltr'><strong>Cumque</strong></span> <span class='ocrx_word' id='word_1_258' title='bbox 1882 1371 1964 1430; x_wconf 88' lang='lat' dir='ltr'><strong>pro-</strong></span> <span class='ocrx_word' id='word_1_259' title='bbox 2040 1403 2041 1406; x_wconf 63' lang='lat'><strong>,</strong></span> 
     </span>
     <span class='ocr_line' id='line_1_51' title="bbox 1156 1447 2042 1526; baseline 0.005 -17"><span class='ocrx_word' id='word_1_260' title='bbox 1156 1464 1268 1510; x_wconf 88' lang='lat' dir='ltr'><strong>cessus</strong></span> <span class='ocrx_word' id='word_1_261' title='bbox 1283 1447 1475 1526; x_wconf 88' lang='lat' dir='ltr'><strong>hujusmodi</strong></span> <span class='ocrx_word' id='word_1_262' title='bbox 1494 1448 1612 1511; x_wconf 87' lang='lat' dir='ltr'><strong>luisset</strong></span> <span class='ocrx_word' id='word_1_263' title='bbox 1639 1465 1700 1526; x_wconf 88' lang='lat' dir='ltr'><strong>per</strong></span> <span class='ocrx_word' id='word_1_264' title='bbox 1725 1451 1962 1513; x_wconf 88' lang='lat' dir='ltr'><strong>venerabilem</strong></span> <span class='ocrx_word' id='word_1_265' title='bbox 2041 1483 2042 1486; x_wconf 34' lang='lat'>¹</span> 
     </span>
     <span class='ocr_line' id='line_1_52' title="bbox 1155 1545 1959 1626; baseline 0.005 -20"><span class='ocrx_word' id='word_1_266' title='bbox 1155 1545 1292 1608; x_wconf 80' lang='lat' dir='ltr'><strong>fratrem</strong></span> <span class='ocrx_word' id='word_1_267' title='bbox 1307 1550 1456 1608; x_wconf 87' lang='lat' dir='ltr'><strong>nostrum</strong></span> <span class='ocrx_word' id='word_1_268' title='bbox 1480 1545 1722 1608; x_wconf 73' lang='lat' dir='ltr'><strong>armachanum</strong></span> <span class='ocrx_word' id='word_1_269' title='bbox 1747 1549 1959 1626; x_wconf 90' lang='lat' dir='ltr'><strong>episcopum,</strong></span> 
     </span>
     <span class='ocr_line' id='line_1_53' title="bbox 1157 1641 1963 1723; baseline 0.002 -17"><span class='ocrx_word' id='word_1_270' title='bbox 1157 1646 1190 1706; x_wconf 87' lang='lat' dir='ltr'><strong>et</strong></span> <span class='ocrx_word' id='word_1_271' title='bbox 1203 1641 1394 1721; x_wconf 80' lang='lat' dir='ltr'><strong>conjudices</strong></span> <span class='ocrx_word' id='word_1_272' title='bbox 1409 1657 1487 1705; x_wconf 90' lang='lat' dir='ltr'><strong>suos</strong></span> <span class='ocrx_word' id='word_1_273' title='bbox 1507 1660 1527 1706; x_wconf 89' lang='lat' dir='ltr'><strong>a</strong></span> <span class='ocrx_word' id='word_1_274' title='bbox 1550 1645 1634 1706; x_wconf 87' lang='lat' dir='ltr'><strong>Sede</strong></span> <span class='ocrx_word' id='word_1_275' title='bbox 1657 1646 1849 1723; x_wconf 75' lang='lat' dir='ltr'><strong>apostolica</strong></span> <span class='ocrx_word' id='word_1_276' title='bbox 1868 1647 1963 1708; x_wconf 86' lang='lat' dir='ltr'><strong>dele-</strong></span> 
     </span>
    </p>
   </div>
   <div class='ocr_carea' id='block_1_17' title="bbox 1155 1741 2047 1919">
    <p class='ocr_par' dir='ltr' id='par_1_19' title="bbox 1155 1741 2047 1919">
     <span class='ocr_line' id='line_1_54' title="bbox 1155 1741 2046 1818; baseline 0 -14"><span class='ocrx_word' id='word_1_277' title='bbox 1155 1743 1251 1818; x_wconf 86' lang='lat' dir='ltr'><strong>gatos</strong></span> <span class='ocrx_word' id='word_1_278' title='bbox 1270 1741 1417 1818; x_wconf 87' lang='lat' dir='ltr'><strong>legitime</strong></span> <span class='ocrx_word' id='word_1_279' title='bbox 1432 1743 1619 1815; x_wconf 84' lang='lat' dir='ltr'><strong>revocatus,</strong></span> <span class='ocrx_word' id='word_1_280' title='bbox 1644 1742 1777 1804; x_wconf 89' lang='lat' dir='ltr'><strong>tandem</strong></span> <span class='ocrx_word' id='word_1_281' title='bbox 1801 1745 1960 1806; x_wconf 92' lang='lat' dir='ltr'><strong>canonici</strong></span> <span class='ocrx_word' id='word_1_282' title='bbox 2045 1758 2046 1782; x_wconf 62' lang='lat'>¹</span> 
     </span>
     <span class='ocr_line' id='line_1_55' title="bbox 1156 1839 2047 1919; baseline -0.001 -17"><span class='ocrx_word' id='word_1_283' title='bbox 1156 1839 1368 1902; x_wconf 89' lang='lat' dir='ltr'><strong>Maionenses</strong></span> <span class='ocrx_word' id='word_1_284' title='bbox 1384 1839 1656 1902; x_wconf 86' lang='lat' dir='ltr'><strong>archidiaconum</strong></span> <span class='ocrx_word' id='word_1_285' title='bbox 1672 1855 1767 1902; x_wconf 86' lang='lat' dir='ltr'><strong>suum</strong></span> <span class='ocrx_word' id='word_1_286' title='bbox 1790 1842 1826 1902; x_wconf 90' lang='lat' dir='ltr'><strong>in</strong></span> <span class='ocrx_word' id='word_1_287' title='bbox 1843 1845 1961 1919; x_wconf 78' lang='lat' dir='ltr'><strong>pasto-</strong></span> <span class='ocrx_word' id='word_1_288' title='bbox 2046 1840 2047 1866; x_wconf 65' lang='lat'>¹</span> 
     </span>
    </p>
   </div>
   <div class='ocr_carea' id='block_1_18' title="bbox 1156 1937 1963 3090">
    <p class='ocr_par' dir='ltr' id='par_1_20' title="bbox 1156 1937 1963 3090">
     <span class='ocr_line' id='line_1_56' title="bbox 1156 1937 1963 2015; baseline 0.001 -16"><span class='ocrx_word' id='word_1_289' title='bbox 1156 1954 1227 2000; x_wconf 92' lang='lat' dir='ltr'><strong>rem</strong></span> <span class='ocrx_word' id='word_1_290' title='bbox 1242 1937 1450 1998; x_wconf 89' lang='lat' dir='ltr'><strong>concorditer</strong></span> <span class='ocrx_word' id='word_1_291' title='bbox 1460 1937 1641 2014; x_wconf 90' lang='lat' dir='ltr'><strong>elegerunt.</strong></span> <span class='ocrx_word' id='word_1_292' title='bbox 1654 1938 1715 2010; x_wconf 87' lang='lat' dir='ltr'><strong>Qui</strong></span> <span class='ocrx_word' id='word_1_293' title='bbox 1726 1953 1830 2015; x_wconf 84' lang='lat' dir='ltr'><strong>quum</strong></span> <span class='ocrx_word' id='word_1_294' title='bbox 1843 1942 1963 2000; x_wconf 88' lang='lat' dir='ltr'><strong>venis-</strong></span> 
     </span>
     <span class='ocr_line' id='line_1_57' title="bbox 1158 2033 1961 2112; baseline 0.002 -16"><span class='ocrx_word' id='word_1_295' title='bbox 1158 2038 1208 2097; x_wconf 91' lang='lat' dir='ltr'><strong>set</strong></span> <span class='ocrx_word' id='word_1_296' title='bbox 1244 2034 1285 2095; x_wconf 88' lang='lat' dir='ltr'><strong>ad</strong></span> <span class='ocrx_word' id='word_1_297' title='bbox 1314 2035 1524 2112; x_wconf 75' lang='lat' dir='ltr'><strong>presentiam</strong></span> <span class='ocrx_word' id='word_1_298' title='bbox 1559 2033 1667 2096; x_wconf 81' lang='lat' dir='ltr'><strong>felicis</strong></span> <span class='ocrx_word' id='word_1_299' title='bbox 1710 2035 1961 2098; x_wconf 87' lang='lat' dir='ltr'><strong>recordationis</strong></span> 
     </span>
     <span class='ocr_line' id='line_1_58' title="bbox 1157 2131 1961 2212; baseline 0 -17"><span class='ocrx_word' id='word_1_300' title='bbox 1157 2133 1341 2195; x_wconf 89' lang='lat' dir='ltr'><strong>innocentii</strong></span> <span class='ocrx_word' id='word_1_301' title='bbox 1357 2148 1450 2209; x_wconf 84' lang='lat' dir='ltr'><strong>papae</strong></span> <span class='ocrx_word' id='word_1_302' title='bbox 1472 2131 1709 2209; x_wconf 84' lang='lat' dir='ltr'><strong>praedecesoris</strong></span> <span class='ocrx_word' id='word_1_303' title='bbox 1735 2134 1855 2207; x_wconf 82' lang='lat' dir='ltr'><strong>nostri,</strong></span> <span class='ocrx_word' id='word_1_304' title='bbox 1879 2151 1961 2212; x_wconf 82' lang='lat' dir='ltr'><strong>pro·</strong></span> 
     </span>
     <span class='ocr_line' id='line_1_59' title="bbox 1157 2229 1957 2307; baseline 0.003 -17"><span class='ocrx_word' id='word_1_305' title='bbox 1157 2232 1331 2292; x_wconf 89' lang='lat' dir='ltr'><strong>secuturus</strong></span> <span class='ocrx_word' id='word_1_306' title='bbox 1341 2233 1398 2307; x_wconf 89' lang='lat' dir='ltr'><strong>jus</strong></span> <span class='ocrx_word' id='word_1_307' title='bbox 1410 2229 1582 2292; x_wconf 78' lang='lat' dir='ltr'><strong>electionIs</strong></span> <span class='ocrx_word' id='word_1_308' title='bbox 1594 2246 1663 2292; x_wconf 87' lang='lat' dir='ltr'><strong>suae</strong></span> <span class='ocrx_word' id='word_1_309' title='bbox 1677 2230 1861 2302; x_wconf 81' lang='lat' dir='ltr'><strong>dumtaxat,</strong></span> <span class='ocrx_word' id='word_1_310' title='bbox 1880 2249 1957 2293; x_wconf 93' lang='lat' dir='ltr'><strong>cnm</strong></span> 
     </span>
     <span class='ocr_line' id='line_1_60' title="bbox 1156 2327 1958 2391; baseline 0.002 -3"><span class='ocrx_word' id='word_1_311' title='bbox 1156 2327 1340 2390; x_wconf 90' lang='lat' dir='ltr'><strong>venerabili</strong></span> <span class='ocrx_word' id='word_1_312' title='bbox 1355 2327 1457 2390; x_wconf 80' lang='lat' dir='ltr'><strong>tratre</strong></span> <span class='ocrx_word' id='word_1_313' title='bbox 1472 2330 1586 2390; x_wconf 87' lang='lat' dir='ltr'><strong>nostro</strong></span> <span class='ocrx_word' id='word_1_314' title='bbox 1614 2329 1790 2389; x_wconf 83' lang='lat' dir='ltr'><strong>Tuamensi</strong></span> <span class='ocrx_word' id='word_1_315' title='bbox 1820 2331 1958 2391; x_wconf 82' lang='lat' dir='ltr'><strong>archie-</strong></span> 
     </span>
     <span class='ocr_line' id='line_1_61' title="bbox 1157 2425 1958 2504; baseline 0.001 -17"><span class='ocrx_word' id='word_1_316' title='bbox 1157 2426 1292 2503; x_wconf 92' lang='lat' dir='ltr'><strong>piscopo</strong></span> <span class='ocrx_word' id='word_1_317' title='bbox 1307 2425 1447 2502; x_wconf 88' lang='lat' dir='ltr'><strong>reproba</strong></span> <span class='ocrx_word' id='word_1_318' title='bbox 1462 2425 1616 2502; x_wconf 86' lang='lat' dir='ltr'><strong>pactione</strong></span> <span class='ocrx_word' id='word_1_319' title='bbox 1631 2425 1813 2498; x_wconf 89' lang='lat' dir='ltr'><strong>colludens,</strong></span> <span class='ocrx_word' id='word_1_320' title='bbox 1837 2443 1958 2504; x_wconf 88' lang='lat' dir='ltr'><strong>passus</strong></span> 
     </span>
     <span class='ocr_line' id='line_1_62' title="bbox 1157 2523 1956 2602; baseline 0.003 -18"><span class='ocrx_word' id='word_1_321' title='bbox 1157 2523 1207 2584; x_wconf 89' lang='lat' dir='ltr'><strong>est</strong></span> <span class='ocrx_word' id='word_1_322' title='bbox 1217 2523 1444 2585; x_wconf 83' lang='lat' dir='ltr'><strong>fraudulenter</strong></span> <span class='ocrx_word' id='word_1_323' title='bbox 1459 2524 1600 2601; x_wconf 87' lang='lat' dir='ltr'><strong>sopitam</strong></span> <span class='ocrx_word' id='word_1_324' title='bbox 1616 2525 1819 2586; x_wconf 83' lang='lat' dir='ltr'><strong>reviviscere</strong></span> <span class='ocrx_word' id='word_1_325' title='bbox 1840 2541 1956 2602; x_wconf 75' lang='lat' dir='ltr'><strong>quaes-</strong></span> 
     </span>
     <span class='ocr_line' id='line_1_63' title="bbox 1156 2620 1959 2699; baseline 0.001 -16"><span class='ocrx_word' id='word_1_326' title='bbox 1156 2621 1291 2694; x_wconf 90' lang='lat' dir='ltr'><strong>tionem,</strong></span> <span class='ocrx_word' id='word_1_327' title='bbox 1306 2620 1341 2680; x_wconf 90' lang='lat' dir='ltr'><strong>in</strong></span> <span class='ocrx_word' id='word_1_328' title='bbox 1352 2637 1418 2699; x_wconf 84' lang='lat' dir='ltr'><strong>qua</strong></span> <span class='ocrx_word' id='word_1_329' title='bbox 1432 2620 1517 2683; x_wconf 83' lang='lat' dir='ltr'><strong>falso</strong></span> <span class='ocrx_word' id='word_1_330' title='bbox 1531 2624 1781 2698; x_wconf 87' lang='lat' dir='ltr'><strong>procuratorem</strong></span> <span class='ocrx_word' id='word_1_331' title='bbox 1801 2637 1838 2683; x_wconf 91' lang='lat' dir='ltr'><strong>se</strong></span> <span class='ocrx_word' id='word_1_332' title='bbox 1861 2639 1959 2684; x_wconf 87' lang='lat' dir='ltr'><strong>asse-</strong></span> 
     </span>
     <span class='ocr_line' id='line_1_64' title="bbox 1157 2719 1955 2796; baseline 0.003 -17"><span class='ocrx_word' id='word_1_333' title='bbox 1157 2733 1246 2792; x_wconf 89' lang='lat' dir='ltr'><strong>rens,</strong></span> <span class='ocrx_word' id='word_1_334' title='bbox 1269 2719 1310 2780; x_wconf 89' lang='lat' dir='ltr'><strong>do</strong></span> <span class='ocrx_word' id='word_1_335' title='bbox 1330 2719 1419 2782; x_wconf 91' lang='lat' dir='ltr'><strong>statu</strong></span> <span class='ocrx_word' id='word_1_336' title='bbox 1439 2720 1538 2796; x_wconf 86' lang='lat' dir='ltr'><strong>coepit</strong></span> <span class='ocrx_word' id='word_1_337' title='bbox 1559 2719 1709 2780; x_wconf 76' lang='lat' dir='ltr'><strong>ecclesiae</strong></span> <span class='ocrx_word' id='word_1_338' title='bbox 1733 2719 1879 2796; x_wconf 78' lang='lat' dir='ltr'><strong>litigare,</strong></span> <span class='ocrx_word' id='word_1_339' title='bbox 1908 2722 1955 2781; x_wconf 89' lang='lat' dir='ltr'><strong>sio</strong></span> 
     </span>
     <span class='ocr_line' id='line_1_65' title="bbox 1157 2814 1953 2889; baseline 0.001 -12"><span class='ocrx_word' id='word_1_340' title='bbox 1157 2817 1245 2878; x_wconf 88' lang='lat' dir='ltr'><strong>totus</strong></span> <span class='ocrx_word' id='word_1_341' title='bbox 1280 2816 1442 2878; x_wconf 88' lang='lat' dir='ltr'><strong>accedens</strong></span> <span class='ocrx_word' id='word_1_342' title='bbox 1468 2816 1509 2877; x_wconf 92' lang='lat' dir='ltr'><strong>ad</strong></span> <span class='ocrx_word' id='word_1_343' title='bbox 1545 2814 1712 2878; x_wconf 89' lang='lat' dir='ltr'><strong>desiderla</strong></span> <span class='ocrx_word' id='word_1_344' title='bbox 1745 2817 1953 2889; x_wconf 85' lang='lat' dir='ltr'><strong>Tnamensis,</strong></span> 
     </span>
     <span class='ocr_line' id='line_1_66' title="bbox 1157 2913 1958 2992; baseline 0.002 -16"><span class='ocrx_word' id='word_1_345' title='bbox 1157 2914 1244 2992; x_wconf 91' lang='lat' dir='ltr'><strong>quod</strong></span> <span class='ocrx_word' id='word_1_346' title='bbox 1259 2917 1388 2992; x_wconf 87' lang='lat' dir='ltr'><strong>partem</strong></span> <span class='ocrx_word' id='word_1_347' title='bbox 1409 2917 1481 2992; x_wconf 79' lang='lat' dir='ltr'><strong>eJus</strong></span> <span class='ocrx_word' id='word_1_348' title='bbox 1509 2913 1551 2974; x_wconf 88' lang='lat' dir='ltr'><strong>ad</strong></span> <span class='ocrx_word' id='word_1_349' title='bbox 1579 2913 1753 2976; x_wconf 89' lang='lat' dir='ltr'><strong>victoriam</strong></span> <span class='ocrx_word' id='word_1_350' title='bbox 1777 2917 1958 2991; x_wconf 88' lang='lat' dir='ltr'><strong>procurata</strong></span> 
     </span>
     <span class='ocr_line' id='line_1_67' title="bbox 1157 3010 1956 3090; baseline 0 -16"><span class='ocrx_word' id='word_1_351' title='bbox 1157 3011 1368 3074; x_wconf 75' lang='lat' dir='ltr'><strong>confessione</strong></span> <span class='ocrx_word' id='word_1_352' title='bbox 1382 3012 1548 3090; x_wconf 81' lang='lat' dir='ltr'><strong>produxit,</strong></span> <span class='ocrx_word' id='word_1_353' title='bbox 1565 3010 1654 3074; x_wconf 90' lang='lat' dir='ltr'><strong>ultro</strong></span> <span class='ocrx_word' id='word_1_354' title='bbox 1669 3011 1842 3074; x_wconf 81' lang='lat' dir='ltr'><strong>confessus</strong></span> <span class='ocrx_word' id='word_1_355' title='bbox 1866 3030 1956 3090; x_wconf 81' lang='lat' dir='ltr'><strong>prae-</strong></span> 
     </span>
    </p>
   </div>
   <div class='ocr_carea' id='block_1_19' title="bbox 1157 3109 2062 3187">
    <p class='ocr_par' dir='ltr' id='par_1_21' title="bbox 1157 3109 2062 3187">
     <span class='ocr_line' id='line_1_68' title="bbox 1157 3109 2062 3187; baseline 0.002 -17"><span class='ocrx_word' id='word_1_356' title='bbox 1157 3109 1236 3172; x_wconf 89' lang='lat' dir='ltr'><strong>dicti</strong></span> <span class='ocrx_word' id='word_1_357' title='bbox 1256 3109 1356 3186; x_wconf 86' lang='lat' dir='ltr'><strong>legati</strong></span> <span class='ocrx_word' id='word_1_358' title='bbox 1380 3110 1636 3187; x_wconf 86' lang='lat' dir='ltr'><strong>processum,de</strong></span> <span class='ocrx_word' id='word_1_359' title='bbox 1650 3111 1866 3172; x_wconf 85' lang='lat' dir='ltr'><strong>revocatione</strong></span> <span class='ocrx_word' id='word_1_360' title='bbox 1888 3127 1953 3172; x_wconf 93' lang='lat' dir='ltr'><strong>non</strong></span> <span class='ocrx_word' id='word_1_361' title='bbox 2061 3115 2062 3122; x_wconf 78' lang='grc'>’</span> 
     </span>
    </p>
   </div>
   <div class='ocr_carea' id='block_1_20' title="bbox 1156 3207 1956 4453">
    <p class='ocr_par' dir='ltr' id='par_1_22' title="bbox 1156 3207 1956 4453">
     <span class='ocr_line' id='line_1_69' title="bbox 1157 3207 1951 3286; baseline 0.003 -18"><span class='ocrx_word' id='word_1_362' title='bbox 1157 3207 1271 3269; x_wconf 87' lang='lat' dir='ltr'><strong>habita</strong></span> <span class='ocrx_word' id='word_1_363' title='bbox 1291 3208 1467 3269; x_wconf 88' lang='lat' dir='ltr'><strong>mentione.</strong></span> <span class='ocrx_word' id='word_1_364' title='bbox 1492 3209 1653 3270; x_wconf 85' lang='lat' dir='ltr'><strong>Gaeterum</strong></span> <span class='ocrx_word' id='word_1_365' title='bbox 1677 3207 1755 3286; x_wconf 86' lang='lat' dir='ltr'><strong>quia</strong></span> <span class='ocrx_word' id='word_1_366' title='bbox 1780 3210 1951 3286; x_wconf 90' lang='lat' dir='ltr'><strong>pernicio-</strong></span> 
     </span>
     <span class='ocr_line' id='line_1_70' title="bbox 1157 3304 1954 3385; baseline 0 -19"><span class='ocrx_word' id='word_1_367' title='bbox 1157 3321 1229 3366; x_wconf 89' lang='lat' dir='ltr'><strong>sum</strong></span> <span class='ocrx_word' id='word_1_368' title='bbox 1245 3305 1344 3366; x_wconf 90' lang='lat' dir='ltr'><strong>nimis</strong></span> <span class='ocrx_word' id='word_1_369' title='bbox 1357 3305 1390 3368; x_wconf 90' lang='lat' dir='ltr'><strong>et</strong></span> <span class='ocrx_word' id='word_1_370' title='bbox 1403 3304 1599 3368; x_wconf 89' lang='lat' dir='ltr'><strong>detestabile</strong></span> <span class='ocrx_word' id='word_1_371' title='bbox 1609 3306 1780 3370; x_wconf 85' lang='lat' dir='ltr'><strong>videretur</strong></span> <span class='ocrx_word' id='word_1_372' title='bbox 1803 3308 1954 3385; x_wconf 84' lang='lat' dir='ltr'><strong>exemplo</strong></span> 
     </span>
     <span class='ocr_line' id='line_1_71' title="bbox 1156 3403 1952 3481; baseline 0.001 -18"><span class='ocrx_word' id='word_1_373' title='bbox 1156 3403 1216 3464; x_wconf 88' lang='lat' dir='ltr'><strong>tali</strong></span> <span class='ocrx_word' id='word_1_374' title='bbox 1234 3403 1417 3466; x_wconf 89' lang='lat' dir='ltr'><strong>commento</strong></span> <span class='ocrx_word' id='word_1_375' title='bbox 1442 3405 1564 3465; x_wconf 85' lang='lat' dir='ltr'><strong>statum</strong></span> <span class='ocrx_word' id='word_1_376' title='bbox 1587 3403 1731 3481; x_wconf 87' lang='lat' dir='ltr'><strong>alicujus</strong></span> <span class='ocrx_word' id='word_1_377' title='bbox 1750 3405 1952 3466; x_wconf 86' lang='lat' dir='ltr'><strong>cathedralis</strong></span> 
     </span>
     <span class='ocr_line' id='line_1_72' title="bbox 1157 3501 1953 3579; baseline -0.003 -17"><span class='ocrx_word' id='word_1_378' title='bbox 1157 3501 1307 3564; x_wconf 81' lang='lat' dir='ltr'><strong>ecclesiae</strong></span> <span class='ocrx_word' id='word_1_379' title='bbox 1331 3501 1533 3563; x_wconf 85' lang='lat' dir='ltr'><strong>interverti:</strong></span> <span class='ocrx_word' id='word_1_380' title='bbox 1557 3503 1754 3578; x_wconf 88' lang='lat' dir='ltr'><strong>procurator</strong></span> <span class='ocrx_word' id='word_1_381' title='bbox 1777 3503 1953 3579; x_wconf 78' lang='lat' dir='ltr'><strong>praedictis</strong></span> 
     </span>
     <span class='ocr_line' id='line_1_73' title="bbox 1157 3598 1952 3676; baseline 0.001 -18"><span class='ocrx_word' id='word_1_382' title='bbox 1157 3598 1296 3659; x_wconf 90' lang='lat' dir='ltr'><strong>multum</strong></span> <span class='ocrx_word' id='word_1_383' title='bbox 1320 3598 1515 3676; x_wconf 86' lang='lat' dir='ltr'><strong>suppliciter</strong></span> <span class='ocrx_word' id='word_1_384' title='bbox 1537 3599 1668 3671; x_wconf 86' lang='lat' dir='ltr'><strong>institit,</strong></span> <span class='ocrx_word' id='word_1_385' title='bbox 1695 3600 1827 3662; x_wconf 89' lang='lat' dir='ltr'><strong>etcum</strong></span> <span class='ocrx_word' id='word_1_386' title='bbox 1853 3600 1952 3660; x_wconf 88' lang='lat' dir='ltr'><strong>multa</strong></span> 
     </span>
     <span class='ocr_line' id='line_1_74' title="bbox 1156 3692 1950 3773; baseline 0 -19"><span class='ocrx_word' id='word_1_387' title='bbox 1156 3693 1316 3756; x_wconf 89' lang='lat' dir='ltr'><strong>instantia</strong></span> <span class='ocrx_word' id='word_1_388' title='bbox 1335 3692 1546 3772; x_wconf 89' lang='lat' dir='ltr'><strong>supplicavit,</strong></span> <span class='ocrx_word' id='word_1_389' title='bbox 1569 3697 1606 3757; x_wconf 89' lang='lat' dir='ltr'><strong>ut</strong></span> <span class='ocrx_word' id='word_1_390' title='bbox 1632 3708 1733 3773; x_wconf 90' lang='lat' dir='ltr'><strong>super</strong></span> <span class='ocrx_word' id='word_1_391' title='bbox 1753 3695 1797 3755; x_wconf 88' lang='lat' dir='ltr'><strong>iis</strong></span> <span class='ocrx_word' id='word_1_392' title='bbox 1821 3695 1950 3772; x_wconf 87' lang='lat' dir='ltr'><strong>aperire</strong></span> 
     </span>
     <span class='ocr_line' id='line_1_75' title="bbox 1157 3791 1952 3870; baseline 0 -18"><span class='ocrx_word' id='word_1_393' title='bbox 1157 3792 1360 3869; x_wconf 87' lang='lat' dir='ltr'><strong>provisionis</strong></span> <span class='ocrx_word' id='word_1_394' title='bbox 1370 3791 1567 3870; x_wconf 80' lang='lat' dir='ltr'><strong>apostolice</strong></span> <span class='ocrx_word' id='word_1_395' title='bbox 1583 3792 1716 3854; x_wconf 88' lang='lat' dir='ltr'><strong>oculum</strong></span> <span class='ocrx_word' id='word_1_396' title='bbox 1727 3793 1952 3870; x_wconf 89' lang='lat' dir='ltr'><strong>dignaremur.</strong></span> 
     </span>
     <span class='ocr_line' id='line_1_76' title="bbox 1157 3890 1956 3967; baseline 0.001 -17"><span class='ocrx_word' id='word_1_397' title='bbox 1157 3890 1225 3952; x_wconf 89' lang='lat' dir='ltr'><strong>Nos</strong></span> <span class='ocrx_word' id='word_1_398' title='bbox 1240 3891 1350 3952; x_wconf 89' lang='lat' dir='ltr'><strong>autem</strong></span> <span class='ocrx_word' id='word_1_399' title='bbox 1372 3890 1451 3953; x_wconf 88' lang='lat' dir='ltr'><strong>licet</strong></span> <span class='ocrx_word' id='word_1_400' title='bbox 1464 3905 1531 3951; x_wconf 92' lang='lat' dir='ltr'><strong>non</strong></span> <span class='ocrx_word' id='word_1_401' title='bbox 1545 3890 1711 3952; x_wconf 85' lang='lat' dir='ltr'><strong>immerito</strong></span> <span class='ocrx_word' id='word_1_402' title='bbox 1725 3893 1863 3967; x_wconf 91' lang='lat' dir='ltr'><strong>propter</strong></span> <span class='ocrx_word' id='word_1_403' title='bbox 1875 3906 1956 3952; x_wconf 92' lang='lat' dir='ltr'><strong>auc-</strong></span> 
     </span>
     <span class='ocr_line' id='line_1_77' title="bbox 1156 3986 1956 4049; baseline 0 -1"><span class='ocrx_word' id='word_1_404' title='bbox 1156 3986 1322 4049; x_wconf 88' lang='lat' dir='ltr'><strong>toritatem</strong></span> <span class='ocrx_word' id='word_1_405' title='bbox 1351 3987 1427 4049; x_wconf 72' lang='lat' dir='ltr'><strong>latae</strong></span> <span class='ocrx_word' id='word_1_406' title='bbox 1451 3987 1625 4049; x_wconf 87' lang='lat' dir='ltr'><strong>sententiae</strong></span> <span class='ocrx_word' id='word_1_407' title='bbox 1652 3986 1807 4048; x_wconf 79' lang='lat' dir='ltr'><strong>difficiles</strong></span> <span class='ocrx_word' id='word_1_408' title='bbox 1838 3986 1956 4048; x_wconf 90' lang='lat' dir='ltr'><strong>inisse-</strong></span> 
     </span>
     <span class='ocr_line' id='line_1_78' title="bbox 1157 4082 1955 4161; baseline -0.001 -17"><span class='ocrx_word' id='word_1_409' title='bbox 1157 4097 1230 4144; x_wconf 90' lang='lat' dir='ltr'><strong>mus</strong></span> <span class='ocrx_word' id='word_1_410' title='bbox 1245 4098 1264 4143; x_wconf 92' lang='lat' dir='ltr'><strong>a</strong></span> <span class='ocrx_word' id='word_1_411' title='bbox 1277 4082 1441 4160; x_wconf 91' lang='lat' dir='ltr'><strong>principio</strong></span> <span class='ocrx_word' id='word_1_412' title='bbox 1463 4082 1673 4159; x_wconf 85' lang='lat' dir='ltr'><strong>supplicanti,</strong></span> <span class='ocrx_word' id='word_1_413' title='bbox 1690 4083 1803 4144; x_wconf 88' lang='lat' dir='ltr'><strong>tamen</strong></span> <span class='ocrx_word' id='word_1_414' title='bbox 1829 4083 1955 4161; x_wconf 83' lang='lat' dir='ltr'><strong>quisse</strong></span> 
     </span>
     <span class='ocr_line' id='line_1_79' title="bbox 1157 4179 1953 4256; baseline -0.003 -14"><span class='ocrx_word' id='word_1_415' title='bbox 1157 4180 1277 4242; x_wconf 89' lang='lat' dir='ltr'><strong>obtulit</strong></span> <span class='ocrx_word' id='word_1_416' title='bbox 1312 4180 1413 4241; x_wconf 89' lang='lat' dir='ltr'><strong>claris</strong></span> <span class='ocrx_word' id='word_1_417' title='bbox 1450 4179 1700 4256; x_wconf 88' lang='lat' dir='ltr'><strong>probationibus</strong></span> <span class='ocrx_word' id='word_1_418' title='bbox 1731 4181 1953 4250; x_wconf 89' lang='lat' dir='ltr'><strong>ostensurum,</strong></span> 
     </span>
     <span class='ocr_line' id='line_1_80' title="bbox 1157 4276 1955 4356; baseline -0.001 -17"><span class='ocrx_word' id='word_1_419' title='bbox 1157 4277 1242 4356; x_wconf 90' lang='lat' dir='ltr'><strong>quod</strong></span> <span class='ocrx_word' id='word_1_420' title='bbox 1256 4277 1460 4339; x_wconf 88' lang='lat' dir='ltr'><strong>Maionensis</strong></span> <span class='ocrx_word' id='word_1_421' title='bbox 1469 4276 1611 4339; x_wconf 88' lang='lat' dir='ltr'><strong>ecclesia</strong></span> <span class='ocrx_word' id='word_1_422' title='bbox 1622 4277 1825 4339; x_wconf 83' lang='lat' dir='ltr'><strong>cathedralis</strong></span> <span class='ocrx_word' id='word_1_423' title='bbox 1836 4278 1955 4340; x_wconf 80' lang='lat' dir='ltr'><strong>extite-</strong></span> 
     </span>
     <span class='ocr_line' id='line_1_81' title="bbox 1156 4373 1956 4453; baseline -0.003 -17"><span class='ocrx_word' id='word_1_424' title='bbox 1156 4376 1209 4436; x_wconf 87' lang='lat' dir='ltr'><strong>rat</strong></span> <span class='ocrx_word' id='word_1_425' title='bbox 1230 4375 1271 4436; x_wconf 91' lang='lat' dir='ltr'><strong>ab</strong></span> <span class='ocrx_word' id='word_1_426' title='bbox 1298 4375 1445 4452; x_wconf 88' lang='lat' dir='ltr'><strong>antique,</strong></span> <span class='ocrx_word' id='word_1_427' title='bbox 1477 4373 1570 4436; x_wconf 92' lang='lat' dir='ltr'><strong>etin</strong></span> <span class='ocrx_word' id='word_1_428' title='bbox 1599 4389 1701 4436; x_wconf 87' lang='lat' dir='ltr'><strong>causa</strong></span> <span class='ocrx_word' id='word_1_429' title='bbox 1729 4375 1805 4453; x_wconf 87' lang='lat' dir='ltr'><strong>ipsa</strong></span> <span class='ocrx_word' id='word_1_430' title='bbox 1829 4375 1956 4452; x_wconf 84' lang='lat' dir='ltr'><strong>legatus</strong></span> 
     </span>
    </p>
   </div>
   <div class='ocr_carea' id='block_1_21' title="bbox 1157 4472 1957 4742">
    <p class='ocr_par' dir='ltr' id='par_1_23' title="bbox 1157 4472 1957 4742">
     <span class='ocr_line' id='line_1_82' title="bbox 1157 4472 1957 4558; baseline -0.001 -24"><span class='ocrx_word' id='word_1_431' title='bbox 1157 4472 1266 4558; x_wconf 87' lang='lat' dir='ltr'><strong>suerat</strong></span> <span class='ocrx_word' id='word_1_432' title='bbox 1275 4473 1679 4550; x_wconf 88' lang='lat' dir='ltr'><strong>circumventus,ejusque</strong></span> <span class='ocrx_word' id='word_1_433' title='bbox 1689 4488 1866 4549; x_wconf 87' lang='lat' dir='ltr'><strong>processus</strong></span> <span class='ocrx_word' id='word_1_434' title='bbox 1875 4473 1957 4549; x_wconf 87' lang='lat' dir='ltr'><strong>post-</strong></span> 
     </span>
     <span class='ocr_line' id='line_1_83' title="bbox 1157 4566 1953 4643; baseline -0.001 -15"><span class='ocrx_word' id='word_1_435' title='bbox 1157 4567 1290 4628; x_wconf 90' lang='lat' dir='ltr'><strong>modum</strong></span> <span class='ocrx_word' id='word_1_436' title='bbox 1303 4567 1489 4638; x_wconf 88' lang='lat' dir='ltr'><strong>revocatus,</strong></span> <span class='ocrx_word' id='word_1_437' title='bbox 1505 4566 1657 4643; x_wconf 86' lang='lat' dir='ltr'><strong>quodque</strong></span> <span class='ocrx_word' id='word_1_438' title='bbox 1671 4567 1780 4628; x_wconf 90' lang='lat' dir='ltr'><strong>dictus</strong></span> <span class='ocrx_word' id='word_1_439' title='bbox 1790 4567 1953 4628; x_wconf 87' lang='lat' dir='ltr'><strong>archidia-</strong></span> 
     </span>
     <span class='ocr_line' id='line_1_84' title="bbox 1157 4663 1956 4742; baseline -0.004 -16"><span class='ocrx_word' id='word_1_440' title='bbox 1157 4681 1263 4726; x_wconf 89' lang='lat' dir='ltr'><strong>conus</strong></span> <span class='ocrx_word' id='word_1_441' title='bbox 1302 4663 1407 4725; x_wconf 80' lang='lat' dir='ltr'><strong>falsus</strong></span> <span class='ocrx_word' id='word_1_442' title='bbox 1441 4663 1552 4726; x_wconf 84' lang='lat' dir='ltr'><strong>extitit</strong></span> <span class='ocrx_word' id='word_1_443' title='bbox 1578 4665 1786 4742; x_wconf 88' lang='lat' dir='ltr'><strong>procurator,</strong></span> <span class='ocrx_word' id='word_1_444' title='bbox 1815 4667 1850 4726; x_wconf 91' lang='lat' dir='ltr'><strong>et</strong></span> <span class='ocrx_word' id='word_1_445' title='bbox 1885 4681 1956 4726; x_wconf 91' lang='lat' dir='ltr'><strong>cnm</strong></span> 
     </span>
    </p>
   </div>
   <div class='ocr_carea' id='block_1_22' title="bbox 303 4837 1961 5482">
    <p class='ocr_par' dir='ltr' id='par_1_24' title="bbox 303 4837 1961 5482">
     <span class='ocr_line' id='line_1_85' title="bbox 304 4837 1957 4916; baseline -0.001 -17"><span class='ocrx_word' id='word_1_446' title='bbox 304 4840 495 4914; x_wconf 83' lang='lat' dir='ltr'><strong>negotiorum,</strong></span> <span class='ocrx_word' id='word_1_447' title='bbox 519 4845 563 4896; x_wconf 87' lang='lat' dir='ltr'><strong>est</strong></span> <span class='ocrx_word' id='word_1_448' title='bbox 588 4837 713 4896; x_wconf 88' lang='lat' dir='ltr'><strong>maximo</strong></span> <span class='ocrx_word' id='word_1_449' title='bbox 739 4837 891 4896; x_wconf 88' lang='lat' dir='ltr'><strong>caritudo:</strong></span> <span class='ocrx_word' id='word_1_450' title='bbox 915 4853 1002 4912; x_wconf 85' lang='lat' dir='ltr'><strong>seges</strong></span> <span class='ocrx_word' id='word_1_451' title='bbox 1013 4839 1101 4908; x_wconf 76' lang='lat' dir='ltr'><strong>essin,</strong></span> <span class='ocrx_word' id='word_1_452' title='bbox 1157 4843 1254 4901; x_wconf 77' lang='lat' dir='ltr'><strong>sciatIs</strong></span> <span class='ocrx_word' id='word_1_453' title='bbox 1269 4841 1344 4915; x_wconf 88' lang='lat' dir='ltr'><strong>quod</strong></span> <span class='ocrx_word' id='word_1_454' title='bbox 1357 4839 1831 4916; x_wconf 79' lang='lat' dir='ltr'><strong>nutesdvontumregisllungsriae</strong></span> <span class='ocrx_word' id='word_1_455' title='bbox 1841 4849 1870 4899; x_wconf 89' lang='lat' dir='ltr'><strong>et</strong></span> <span class='ocrx_word' id='word_1_456' title='bbox 1879 4839 1957 4898; x_wconf 89' lang='lat' dir='ltr'><strong>ducis</strong></span> 
     </span>
     <span class='ocr_line' id='line_1_86' title="bbox 304 4909 1956 4986; baseline 0 -16"><span class='ocrx_word' id='word_1_457' title='bbox 304 4913 359 4971; x_wconf 91' lang='lat' dir='ltr'><strong>boc</strong></span> <span class='ocrx_word' id='word_1_458' title='bbox 376 4926 452 4969; x_wconf 90' lang='lat' dir='ltr'><strong>anuo</strong></span> <span class='ocrx_word' id='word_1_459' title='bbox 465 4911 566 4969; x_wconf 89' lang='lat' dir='ltr'><strong>lalleus</strong></span> <span class='ocrx_word' id='word_1_460' title='bbox 579 4910 748 4984; x_wconf 79' lang='lat' dir='ltr'><strong>agricolani,</strong></span> <span class='ocrx_word' id='word_1_461' title='bbox 767 4909 797 4966; x_wconf 90' lang='lat' dir='ltr'><strong>ln</strong></span> <span class='ocrx_word' id='word_1_462' title='bbox 813 4910 929 4967; x_wconf 88' lang='lat' dir='ltr'><strong>minima</strong></span> <span class='ocrx_word' id='word_1_463' title='bbox 946 4911 1102 4982; x_wconf 83' lang='lat' dir='ltr'><strong>quantitate</strong></span> <span class='ocrx_word' id='word_1_464' title='bbox 1157 4914 1278 4972; x_wconf 74' lang='lat' dir='ltr'><strong>austriae</strong></span> <span class='ocrx_word' id='word_1_465' title='bbox 1289 4915 1433 4986; x_wconf 85' lang='lat' dir='ltr'><strong>provisum</strong></span> <span class='ocrx_word' id='word_1_466' title='bbox 1445 4912 1520 4972; x_wconf 84' lang='lat' dir='ltr'><strong>luite</strong></span> <span class='ocrx_word' id='word_1_467' title='bbox 1533 4911 1650 4971; x_wconf 85' lang='lat' dir='ltr'><strong>domino</strong></span> <span class='ocrx_word' id='word_1_468' title='bbox 1665 4913 1828 4986; x_wconf 86' lang='lat' dir='ltr'><strong>patriarcha</strong></span> <span class='ocrx_word' id='word_1_469' title='bbox 1841 4921 1956 4986; x_wconf 77' lang='lat' dir='ltr'><strong>strage,</strong></span> 
     </span>
     <span class='ocr_line' id='line_1_87' title="bbox 303 4980 1957 5068; baseline -0.001 -27"><span class='ocrx_word' id='word_1_470' title='bbox 303 4983 355 5042; x_wconf 84' lang='lat' dir='ltr'><strong>luit</strong></span> <span class='ocrx_word' id='word_1_471' title='bbox 378 4983 540 5040; x_wconf 88' lang='lat' dir='ltr'><strong>recollecta.</strong></span> <span class='ocrx_word' id='word_1_472' title='bbox 566 4980 777 5054; x_wconf 82' lang='lat' dir='ltr'><strong>Exspectabam</strong></span> <span class='ocrx_word' id='word_1_473' title='bbox 808 4987 836 5038; x_wconf 89' lang='lat' dir='ltr'><strong>et</strong></span> <span class='ocrx_word' id='word_1_474' title='bbox 859 4980 1003 5054; x_wconf 79' lang='lat' dir='ltr'><strong>indigenae</strong></span> <span class='ocrx_word' id='word_1_475' title='bbox 1027 4982 1102 5054; x_wconf 86' lang='lat' dir='ltr'><strong>quod</strong></span> <span class='ocrx_word' id='word_1_476' title='bbox 1157 4993 1185 5042; x_wconf 89' lang='lat' dir='ltr'><strong>et</strong></span> <span class='ocrx_word' id='word_1_477' title='bbox 1198 4985 1367 5058; x_wconf 87' lang='lat' dir='ltr'><strong>peregrinis,</strong></span> <span class='ocrx_word' id='word_1_478' title='bbox 1383 4993 1412 5041; x_wconf 91' lang='lat' dir='ltr'><strong>et</strong></span> <span class='ocrx_word' id='word_1_479' title='bbox 1426 4985 1560 5041; x_wconf 85' lang='lat' dir='ltr'><strong>iratribus</strong></span> <span class='ocrx_word' id='word_1_480' title='bbox 1577 4983 1741 5068; x_wconf 85' lang='lat' dir='ltr'><strong>Hospitalis,</strong></span> <span class='ocrx_word' id='word_1_481' title='bbox 1766 4991 1795 5041; x_wconf 88' lang='lat' dir='ltr'><strong>et</strong></span> <span class='ocrx_word' id='word_1_482' title='bbox 1814 4985 1897 5042; x_wconf 87' lang='lat' dir='ltr'><strong>vobis</strong></span> <span class='ocrx_word' id='word_1_483' title='bbox 1911 4985 1957 5057; x_wconf 83' lang='lat' dir='ltr'><strong>qui</strong></span> 
     </span>
     <span class='ocr_line' id='line_1_88' title="bbox 304 5051 1960 5138; baseline -0.001 -24"><span class='ocrx_word' id='word_1_484' title='bbox 304 5069 390 5128; x_wconf 85' lang='lat' dir='ltr'><strong>seges</strong></span> <span class='ocrx_word' id='word_1_485' title='bbox 402 5053 559 5113; x_wconf 78' lang='lat' dir='ltr'><strong>auferretur</strong></span> <span class='ocrx_word' id='word_1_486' title='bbox 573 5052 609 5109; x_wconf 92' lang='lat' dir='ltr'><strong>de</strong></span> <span class='ocrx_word' id='word_1_487' title='bbox 623 5054 749 5125; x_wconf 88' lang='lat' dir='ltr'><strong>portibus</strong></span> <span class='ocrx_word' id='word_1_488' title='bbox 763 5053 972 5121; x_wconf 86' lang='lat' dir='ltr'><strong>transmarinis,</strong></span> <span class='ocrx_word' id='word_1_489' title='bbox 988 5051 1038 5110; x_wconf 87' lang='lat' dir='ltr'><strong>sed</strong></span> <span class='ocrx_word' id='word_1_490' title='bbox 1055 5053 1104 5109; x_wconf 89' lang='lat' dir='ltr'><strong>mi·</strong></span> <span class='ocrx_word' id='word_1_491' title='bbox 1158 5055 1387 5138; x_wconf 86' lang='lat' dir='ltr'><strong>spudNeapollm</strong></span> <span class='ocrx_word' id='word_1_492' title='bbox 1399 5055 1487 5128; x_wconf 79' lang='lat' dir='ltr'><strong>Syrias</strong></span> <span class='ocrx_word' id='word_1_493' title='bbox 1502 5062 1850 5128; x_wconf 84' lang='lat' dir='ltr'><strong>sunt,arr1peremuscum</strong></span> <span class='ocrx_word' id='word_1_494' title='bbox 1863 5055 1960 5114; x_wconf 80' lang='lat' dir='ltr'><strong>Corra·</strong></span> 
     </span>
     <span class='ocr_line' id='line_1_89' title="bbox 304 5123 1958 5200; baseline -0.001 -15"><span class='ocrx_word' id='word_1_495' title='bbox 304 5129 414 5184; x_wconf 88' lang='lat' dir='ltr'><strong>nimum</strong></span> <span class='ocrx_word' id='word_1_496' title='bbox 440 5125 493 5183; x_wconf 89' lang='lat' dir='ltr'><strong>luit</strong></span> <span class='ocrx_word' id='word_1_497' title='bbox 513 5125 541 5180; x_wconf 89' lang='lat' dir='ltr'><strong>in</strong></span> <span class='ocrx_word' id='word_1_498' title='bbox 557 5123 612 5180; x_wconf 80' lang='lat' dir='ltr'><strong>ltoc</strong></span> <span class='ocrx_word' id='word_1_499' title='bbox 628 5137 703 5181; x_wconf 89' lang='lat' dir='ltr'><strong>anno</strong></span> <span class='ocrx_word' id='word_1_500' title='bbox 719 5132 907 5196; x_wconf 87' lang='lat' dir='ltr'><strong>apportatum.</strong></span> <span class='ocrx_word' id='word_1_501' title='bbox 925 5125 975 5182; x_wconf 81' lang='lat' dir='ltr'><strong>list</strong></span> <span class='ocrx_word' id='word_1_502' title='bbox 986 5130 1014 5181; x_wconf 87' lang='lat' dir='ltr'><strong>at</strong></span> <span class='ocrx_word' id='word_1_503' title='bbox 1027 5123 1101 5181; x_wconf 88' lang='lat' dir='ltr'><strong>aliud</strong></span> <span class='ocrx_word' id='word_1_504' title='bbox 1157 5127 1233 5194; x_wconf 87' lang='lat' dir='ltr'><strong>drno,</strong></span> <span class='ocrx_word' id='word_1_505' title='bbox 1250 5129 1332 5184; x_wconf 89' lang='lat' dir='ltr'><strong>sivos</strong></span> <span class='ocrx_word' id='word_1_506' title='bbox 1346 5133 1534 5200; x_wconf 80' lang='lat' dir='ltr'><strong>exspectaret,</strong></span> <span class='ocrx_word' id='word_1_507' title='bbox 1547 5127 1709 5200; x_wconf 83' lang='lat' dir='ltr'><strong>pugnaturi.</strong></span> <span class='ocrx_word' id='word_1_508' title='bbox 1724 5129 1792 5184; x_wconf 88' lang='lat' dir='ltr'><strong>Post</strong></span> <span class='ocrx_word' id='word_1_509' title='bbox 1804 5125 1958 5184; x_wconf 85' lang='lat' dir='ltr'><strong>adveutum</strong></span> 
     </span>
     <span class='ocr_line' id='line_1_90' title="bbox 305 5192 1959 5280; baseline -0.001 -26"><span class='ocrx_word' id='word_1_510' title='bbox 305 5197 535 5263; x_wconf 86' lang='lat' dir='ltr'><strong>incommodum,</strong></span> <span class='ocrx_word' id='word_1_511' title='bbox 564 5193 696 5252; x_wconf 87' lang='lat' dir='ltr'><strong>videlicut</strong></span> <span class='ocrx_word' id='word_1_512' title='bbox 722 5209 809 5266; x_wconf 85' lang='lat' dir='ltr'><strong>super</strong></span> <span class='ocrx_word' id='word_1_513' title='bbox 834 5196 996 5267; x_wconf 74' lang='lat' dir='ltr'><strong>costitutus,</strong></span> <span class='ocrx_word' id='word_1_514' title='bbox 1030 5192 1103 5251; x_wconf 89' lang='lat' dir='ltr'><strong>adeo</strong></span> <span class='ocrx_word' id='word_1_515' title='bbox 1157 5197 1437 5270; x_wconf 81' lang='lat' dir='ltr'><strong>veroprsedictorum</strong></span> <span class='ocrx_word' id='word_1_516' title='bbox 1450 5196 1959 5280; x_wconf 73' lang='lat' dir='ltr'><strong>magnatumiubocomnesunaui·</strong></span> 
     </span>
     <span class='ocr_line' id='line_1_91' title="bbox 304 5264 1959 5341; baseline 0.001 -19"><span class='ocrx_word' id='word_1_517' title='bbox 304 5281 404 5340; x_wconf 81' lang='lat' dir='ltr'><strong>grave,</strong></span> <span class='ocrx_word' id='word_1_518' title='bbox 420 5267 495 5339; x_wconf 86' lang='lat' dir='ltr'><strong>quod</strong></span> <span class='ocrx_word' id='word_1_519' title='bbox 508 5266 573 5338; x_wconf 86' lang='lat' dir='ltr'><strong>equi</strong></span> <span class='ocrx_word' id='word_1_520' title='bbox 587 5265 664 5321; x_wconf 92' lang='lat' dir='ltr'><strong>nullo</strong></span> <span class='ocrx_word' id='word_1_521' title='bbox 675 5264 760 5321; x_wconf 89' lang='lat' dir='ltr'><strong>modo</strong></span> <span class='ocrx_word' id='word_1_522' title='bbox 771 5273 890 5338; x_wconf 89' lang='lat' dir='ltr'><strong>possunt</strong></span> <span class='ocrx_word' id='word_1_523' title='bbox 903 5265 1019 5322; x_wconf 87' lang='lat' dir='ltr'><strong>venales</strong></span> <span class='ocrx_word' id='word_1_524' title='bbox 1028 5266 1104 5321; x_wconf 89' lang='lat' dir='ltr'><strong>inve·</strong></span> <span class='ocrx_word' id='word_1_525' title='bbox 1158 5270 1394 5326; x_wconf 87' lang='lat' dir='ltr'><strong>miterassensum</strong></span> <span class='ocrx_word' id='word_1_526' title='bbox 1406 5267 1588 5341; x_wconf 71' lang='lat' dir='ltr'><strong>praebuimus,</strong></span> <span class='ocrx_word' id='word_1_527' title='bbox 1602 5267 1677 5340; x_wconf 85' lang='lat' dir='ltr'><strong>qnod</strong></span> <span class='ocrx_word' id='word_1_528' title='bbox 1692 5267 1721 5324; x_wconf 93' lang='lat' dir='ltr'><strong>in</strong></span> <span class='ocrx_word' id='word_1_529' title='bbox 1735 5267 1897 5324; x_wconf 81' lang='lat' dir='ltr'><strong>manuforti</strong></span> <span class='ocrx_word' id='word_1_530' title='bbox 1910 5283 1959 5341; x_wconf 87' lang='lat' dir='ltr'><strong>per</strong></span> 
     </span>
     <span class='ocr_line' id='line_1_92' title="bbox 304 5335 1957 5422; baseline 0 -28"><span class='ocrx_word' id='word_1_531' title='bbox 304 5339 368 5394; x_wconf 88' lang='lat' dir='ltr'><strong>niri.</strong></span> <span class='ocrx_word' id='word_1_532' title='bbox 390 5339 525 5406; x_wconf 82' lang='lat' dir='ltr'><strong>Quocirca</strong></span> <span class='ocrx_word' id='word_1_533' title='bbox 552 5335 692 5394; x_wconf 85' lang='lat' dir='ltr'><strong>universis</strong></span> <span class='ocrx_word' id='word_1_534' title='bbox 708 5337 916 5410; x_wconf 83' lang='lat' dir='ltr'><strong>crucesignatis</strong></span> <span class='ocrx_word' id='word_1_535' title='bbox 936 5343 965 5392; x_wconf 89' lang='lat' dir='ltr'><strong>et</strong></span> <span class='ocrx_word' id='word_1_536' title='bbox 983 5337 1104 5392; x_wconf 87' lang='lat' dir='ltr'><strong>crucesi·</strong></span> <span class='ocrx_word' id='word_1_537' title='bbox 1158 5354 1237 5398; x_wconf 87' lang='lat' dir='ltr'><strong>mare</strong></span> <span class='ocrx_word' id='word_1_538' title='bbox 1252 5341 1280 5396; x_wconf 92' lang='lat' dir='ltr'><strong>in</strong></span> <span class='ocrx_word' id='word_1_539' title='bbox 1295 5347 1400 5396; x_wconf 80' lang='lat' dir='ltr'><strong>terrani</strong></span> <span class='ocrx_word' id='word_1_540' title='bbox 1415 5339 1566 5412; x_wconf 87' lang='lat' dir='ltr'><strong>Babylonis</strong></span> <span class='ocrx_word' id='word_1_541' title='bbox 1589 5339 1833 5422; x_wconf 73' lang='lat' dir='ltr'><strong>proficiscerentur</strong></span> <span class='ocrx_word' id='word_1_542' title='bbox 1851 5337 1888 5394; x_wconf 90' lang='lat' dir='ltr'><strong>ab</strong></span> <span class='ocrx_word' id='word_1_543' title='bbox 1904 5339 1957 5394; x_wconf 89' lang='lat' dir='ltr'><strong>ob·</strong></span> 
     </span>
     <span class='ocr_line' id='line_1_93' title="bbox 304 5405 1961 5482; baseline 0.002 -18"><span class='ocrx_word' id='word_1_544' title='bbox 304 5407 428 5482; x_wconf 89' lang='lat' dir='ltr'><strong>guandis</strong></span> <span class='ocrx_word' id='word_1_545' title='bbox 446 5408 521 5465; x_wconf 88' lang='lat' dir='ltr'><strong>bona</strong></span> <span class='ocrx_word' id='word_1_546' title='bbox 542 5405 597 5464; x_wconf 89' lang='lat' dir='ltr'><strong>lide</strong></span> <span class='ocrx_word' id='word_1_547' title='bbox 621 5407 807 5475; x_wconf 89' lang='lat' dir='ltr'><strong>consulimus,</strong></span> <span class='ocrx_word' id='word_1_548' title='bbox 822 5406 904 5464; x_wconf 87' lang='lat' dir='ltr'><strong>utde.</strong></span> <span class='ocrx_word' id='word_1_549' title='bbox 917 5406 1059 5478; x_wconf 76' lang='lat' dir='ltr'><strong>praedictis</strong></span> <span class='ocrx_word' id='word_1_550' title='bbox 1071 5421 1103 5464; x_wconf 87' lang='lat' dir='ltr'><strong>se</strong></span> <span class='ocrx_word' id='word_1_551' title='bbox 1157 5409 1306 5468; x_wconf 80' lang='lat' dir='ltr'><strong>sitiendum</strong></span> <span class='ocrx_word' id='word_1_552' title='bbox 1334 5411 1508 5476; x_wconf 85' lang='lat' dir='ltr'><strong>Damiatatn,</strong></span> <span class='ocrx_word' id='word_1_553' title='bbox 1525 5418 1555 5468; x_wconf 91' lang='lat' dir='ltr'><strong>ut</strong></span> <span class='ocrx_word' id='word_1_554' title='bbox 1576 5425 1621 5470; x_wconf 88' lang='lat' dir='ltr'><strong>stc</strong></span> <span class='ocrx_word' id='word_1_555' title='bbox 1635 5411 1752 5467; x_wconf 82' lang='lat' dir='ltr'><strong>seritius</strong></span> <span class='ocrx_word' id='word_1_556' title='bbox 1769 5417 1798 5466; x_wconf 90' lang='lat' dir='ltr'><strong>et</strong></span> <span class='ocrx_word' id='word_1_557' title='bbox 1818 5409 1961 5481; x_wconf 85' lang='lat' dir='ltr'><strong>provisius</strong></span> 
     </span>
    </p>
   </div>
   <div class='ocr_carea' id='block_1_23' title="bbox 304 5475 1957 5620">
    <p class='ocr_par' dir='ltr' id='par_1_25' title="bbox 304 5475 1957 5620">
     <span class='ocr_line' id='line_1_94' title="bbox 304 5475 1957 5554; baseline 0.002 -19"><span class='ocrx_word' id='word_1_558' title='bbox 304 5475 437 5535; x_wconf 84' lang='lat' dir='ltr'><strong>studeant</strong></span> <span class='ocrx_word' id='word_1_559' title='bbox 458 5479 637 5550; x_wconf 73' lang='lat' dir='ltr'><strong>praemunire,</strong></span> <span class='ocrx_word' id='word_1_560' title='bbox 661 5477 697 5534; x_wconf 90' lang='lat' dir='ltr'><strong>de</strong></span> <span class='ocrx_word' id='word_1_561' title='bbox 712 5478 814 5550; x_wconf 88' lang='lat' dir='ltr'><strong>quibus</strong></span> <span class='ocrx_word' id='word_1_562' title='bbox 825 5477 988 5550; x_wconf 89' lang='lat' dir='ltr'><strong>inpartibus</strong></span> <span class='ocrx_word' id='word_1_563' title='bbox 1000 5479 1103 5536; x_wconf 87' lang='lat' dir='ltr'><strong>uostris</strong></span> <span class='ocrx_word' id='word_1_564' title='bbox 1158 5497 1258 5539; x_wconf 86' lang='lat' dir='ltr'><strong>versus</strong></span> <span class='ocrx_word' id='word_1_565' title='bbox 1271 5483 1389 5540; x_wconf 81' lang='lat' dir='ltr'><strong>l’errant</strong></span> <span class='ocrx_word' id='word_1_566' title='bbox 1409 5485 1542 5540; x_wconf 84' lang='lat' dir='ltr'><strong>Sanctam</strong></span> <span class='ocrx_word' id='word_1_567' title='bbox 1559 5481 1716 5540; x_wconf 84' lang='lat' dir='ltr'><strong>Jerusalem</strong></span> <span class='ocrx_word' id='word_1_568' title='bbox 1731 5487 1799 5538; x_wconf 89' lang='lat' dir='ltr'><strong>tuno</strong></span> <span class='ocrx_word' id='word_1_569' title='bbox 1813 5495 1957 5554; x_wconf 76' lang='lat' dir='ltr'><strong>prepara·</strong></span> 
     </span>
     <span class='ocr_line' id='line_1_95' title="bbox 304 5548 1265 5620; baseline 0.003 -14"><span class='ocrx_word' id='word_1_570' title='bbox 304 5548 412 5606; x_wconf 88' lang='lat' dir='ltr'><strong>nullum</strong></span> <span class='ocrx_word' id='word_1_571' title='bbox 427 5549 571 5604; x_wconf 85' lang='lat' dir='ltr'><strong>inveniant</strong></span> <span class='ocrx_word' id='word_1_572' title='bbox 582 5549 732 5606; x_wconf 86' lang='lat' dir='ltr'><strong>eonsilium</strong></span> <span class='ocrx_word' id='word_1_573' title='bbox 751 5550 795 5605; x_wconf 90' lang='lat' dir='ltr'><strong>vel</strong></span> <span class='ocrx_word' id='word_1_574' title='bbox 805 5549 952 5620; x_wconf 82' lang='lat' dir='ltr'><strong>juvamen.</strong></span> <span class='ocrx_word' id='word_1_575' title='bbox 964 5551 1102 5607; x_wconf 69' lang='lat' dir='ltr'><strong>(laetorum</strong></span> <span class='ocrx_word' id='word_1_576' title='bbox 1158 5567 1265 5612; x_wconf 89' lang='lat' dir='ltr'><strong>remus.</strong></span> 
     </span>
    </p>
   </div>
   <div class='ocr_carea' id='block_1_24' title="bbox 0 0 2086 6420">
    <p class='ocr_par' dir='ltr' id='par_1_26' title="bbox 0 0 2086 6420">
     <span class='ocr_line' id='line_1_96' title="bbox 0 0 2086 6420; baseline 0 0"><span class='ocrx_word' id='word_1_577' title='bbox 0 0 2086 6420; x_wconf 95' lang='lat' dir='ltr'><strong> </strong></span> 
     </span>
    </p>
   </div>
  </div>
 </body>
</html>
