4234 6442
367 387 425 446 ital

369 545 444 617 Dei,
475 541 604 606 dilectis
642 541 720 602 illlis
757 541 935 604 conventui
969 541 1164 604 monasterii

369 644 491 703 sanctae
505 641 620 702 Mariae
632 638 861 717 Tyburtinen„
876 638 1015 702 salutem
1029 642 1061 702 et
1070 653 1167 717 apos·

369 737 788 825 tolicambenedIctionem.

408 838 546 898 Petente
561 851 731 898 oeconomo
746 835 869 905 vestro,
884 836 1063 896 canonicos
1077 835 1165 896 bas'i·

368 930 442 998 licae
455 933 615 1012 principis
625 934 858 1010 Apostolorum
871 935 911 995 ab
922 933 1164 1011 inquietatione

367 1033 542 1110 compesci,
558 1049 655 1110 qnam
669 1030 763 1093 vobis
786 1031 916 1093 dicebat
943 1047 1004 1109 per
1031 1031 1162 1093 eosdem

366 1131 482 1193 inierri
499 1129 598 1207 s'uper
609 1131 819 1207 possessione
834 1130 939 1206 ipsius
955 1129 1160 1205 monasterii3

368 1229 524 1308 quoniam
564 1228 599 1288 in
639 1243 797 1304 processu
838 1227 982 1304 negotii,
1015 1226 1162 1305 ejusdem

365 1327 528 1388 oeconomi
542 1325 707 1388 consessio
723 1324 882 1388 innuebat
896 1325 1074 1386 canonicos
1085 1341 1164 1401 pos-

364 1429 523 1497 sessores,
542 1439 584 1484 en
599 1439 662 1500 quo
678 1423 879 1500 sequebatur
888 1423 1098 1484 interdictum
1113 1423 1162 1484 uti

363 1521 539 1602 possidetis
552 1521 663 1598 inepte
677 1521 893 1599 propositum,
907 1535 950 1583 ex
968 1519 1062 1597 parte
1083 1533 1163 1580 ves-

366 1624 418 1684 tra
444 1620 546 1681 inisse
571 1617 619 1700 (i)
640 1642 647 1680 :
669 1635 729 1680 nos
754 1617 962 1696 supradictos
984 1618 1161 1678 canonicos

364 1719 472 1796 quoad
487 1719 550 1780 boc
574 1718 614 1779 ab
640 1717 847 1794 impetitione
870 1717 974 1794 ipsius
998 1717 1161 1778 oeconomi

367 1817 522 1878 duximus
537 1815 767 1877 absolvendos.
782 1815 943 1876 Caeterum
963 1814 1041 1892 quia
1059 1829 1161 1886 cons-,-

361 1907 429 1976 t'ltit
457 1930 516 1992 per
541 1915 759 1974 assertionem
781 1911 893 1974 dilecti
922 1912 983 1973 iiiii
1009 1911 1160 1987 magistri

364 2015 402 2073 D.
414 2012 578 2090 capellani
592 2011 698 2071 nostri
709 2011 763 2072 cui
775 2010 871 2071 bonae
882 2009 1050 2071 memoriae
1066 2012 1161 2070 Inno-

364 2110 493 2170 centius
516 2111 606 2186 Papa
633 2108 859 2186 praedecessor
884 2108 1007 2179 noster,
1025 2121 1160 2168 causam

363 2207 472 2286 primo
510 2205 722 2268 commiserat
753 2204 795 2265 ad
833 2204 1046 2274 audientiam,
1074 2204 1159 2281 quod

363 2305 554 2382 petitorium
582 2303 617 2365 in
636 2303 800 2382 judicium
825 2303 874 2364 est
902 2301 1089 2376 deductum,
1117 2301 1159 2365 ad

364 2403 450 2480 quod
486 2417 529 2464 ex
561 2401 778 2479 quorumdam
807 2400 1069 2478 depositionibus
1090 2401 1160 2462 tes-

362 2499 445 2561 tium
461 2501 590 2578 sumpta
601 2499 815 2577 praesumptio
828 2497 981 2570 iaciebat,
994 2495 1159 2574 allegante

362 2601 456 2675 pario
480 2598 716 2660 canonicorum
743 2611 779 2658 se
802 2611 936 2658 causam
963 2611 983 2659 a
1007 2595 1158 2658 Fariensi

361 2697 565 2758 monasterio
580 2695 737 2757 babuisse
751 2711 811 2773 per
832 2694 1004 2772 cujusdam
1024 2698 1160 2770 permu-

360 2794 500 2856 tationis
528 2794 746 2864 contractum,
775 2808 873 2871 quam
905 2793 1053 2854 fecerant
1083 2807 1158 2853 cum

361 2893 479 2954 abbate
503 2908 542 2954 ac
575 2890 749 2952 monacbis
773 2889 937 2962 ,barlens
968 2889 1158 2966 recipiendo

360 2992 534 3070 praelatum
571 2987 810 3050 monasterium
842 2987 1059 3064 Tyburtinum
1099 3003 1158 3065 pro

360 3083 503 3149 eccles'ia
518 3087 625 3149 sancti
647 3085 808 3147 Gualterii
836 3085 876 3146 de
900 3085 1061 3148 Marchia.
1089 3085 1157 3146 Nos

361 3184 484 3248 auditis
508 3200 608 3262 super
635 3183 677 3244 iis
697 3183 776 3244 binc
798 3183 876 3244 inda
898 3181 1087 3260 propositis,
1118 3183 1158 3243 de

361 3283 500 3344 fratrum
512 3283 702 3344 nostrorum
712 3281 863 3355 consilio,
876 3281 989 3342 multis
999 3281 1039 3342 de
1047 3280 1158 3342 causis

358 3383 564 3444 contractum
578 3380 832 3458 permutationis
847 3379 1037 3459 hujusmodi
1063 3379 1160 3457 peni-

358 3482 411 3542 tus
426 3479 608 3552 irritantes,
624 3478 710 3541 nibil
716 3479 804 3557 jnris
816 3477 850 3538 ln
865 3478 938 3555 ipso
954 3477 1157 3540 monasterio

358 3578 508 3658 ejusdem
524 3579 701 3640 occasione
712 3577 902 3640 contractus
916 3575 1083 3653 praedictis
1100 3591 1158 3636 ca-

357 3677 486 3739 nonicis
502 3692 725 3738 reservamus.
745 3675 844 3738 Salvo
867 3675 1037 3736 canonicis
1061 3675 1154 3752 ipsis,

357 3775 443 3853 quod
469 3774 629 3836 adversus
653 3772 811 3835 Fariensa
837 3773 1076 3834 monasterium
1098 3773 1158 3834 de-

356 3873 461 3934 bitum
479 3872 607 3948 possint
620 3871 745 3932 babere
759 3885 943 3932 recursum.
968 3868 1060 3931 Nulli
1075 3885 1155 3946 ergo

357 3971 492 4032 omnino
507 3968 679 4029 bominum
694 3969 793 4029 liceat
805 3967 891 4028 banc
904 3967 1061 4044 paginam
1076 3983 1156 4029 nos·

356 4071 417 4130 tras
450 4065 659 4129 dililnitionIs
697 4064 898 4141 intringere,
926 4064 979 4126 vel
1010 4067 1041 4126 el
1070 4081 1154 4127 ausu

357 4166 535 4228 mmerario
572 4163 751 4227 contraire.
781 4164 918 4241 Siquis
955 4165 1066 4226 autem
1091 4163 1154 4226 hoc

356 4266 520 4328 attentare
532 4262 791 4340 praesumpserit,
812 4261 1075 4338 indignationem
1088 4278 1154 4325 om-

356 4363 535 4440 nipotentis
557 4362 628 4434 Dei,
644 4376 684 4422 ac
700 4360 873 4422 beatorum
888 4360 978 4421 Petri
1002 4361 1035 4421 et
1056 4359 1154 4421 Pauli

355 4460 581 4538 apostolorum
598 4462 669 4536 ejus
680 4473 716 4520 se
732 4458 864 4520 noverit
875 4457 1099 4521 incursurum.

395 4560 514 4620 Datum
536 4557 718 4628 Ferentini,
739 4559 769 4617 ll
789 4556 863 4618 idus
884 4555 1153 4634 augusti,ponti-

356 4655 474 4719 tloatus
489 4654 595 4718 nostri
608 4666 696 4718 anno
707 4654 865 4716 secundo.

354 5035 496 5093 expensas
525 5030 658 5093 magnas,
695 5017 864 5090 superfluas,
901 5031 954 5074 nec
982 5015 1152 5074 donationes

354 5105 448 5149 rorum
465 5085 651 5174 pretiosarum
667 5095 695 5146 et
708 5089 807 5162 magni
819 5087 935 5158 valoris,
955 5094 983 5145 et
1007 5087 1150 5172 accipien-

355 5172 398 5221 tes
413 5162 448 5219 ab
464 5163 511 5219 ilio
523 5168 655 5219 tenentur
670 5159 705 5218 ad
721 5161 939 5228 restitutionem,
964 5159 1032 5231 quia
1049 5163 1151 5230 epactes

353 5251 409 5290 iton
433 5237 473 5289 est
491 5233 620 5290 demissas
642 5245 740 5288 aarum
764 5245 825 5301 qna
842 5230 974 5300 possidet,
994 5229 1041 5286 sed
1060 5229 1151 5286 solum

353 5305 572 5360 admittistrotor
588 5304 700 5359 nomine
713 5301 869 5373 reiiqionia,
881 5302 912 5357 in
924 5301 1022 5358 ordine
1044 5299 1082 5356 ud
1099 5313 1148 5355 sn·

349 5374 494 5449 predictos
511 5391 578 5432 usas
592 5373 772 5430 necessarios.
787 5393 798 5422 ι
815 5373 964 5438 Craterum,
981 5369 1097 5426 lionorii
1111 5371 1150 5427 lll

355 5454 410 5503 tem
433 5461 484 5502 ore
498 5461 554 5502 nou
571 5445 602 5501 iit
613 5443 716 5517 ejectio
731 5443 844 5515 proprie
857 5441 943 5510 diota,
955 5440 1007 5497 sed
1028 5441 1148 5498 transla-

354 5518 394 5573 tio
409 5461 443 5574 Xe
457 5516 632 5573 monasterio
642 5514 677 5570 ud
693 5513 769 5570 aliud
781 5513 996 5569 nionasterlum.

391 5589 430 5662 (l)
450 5587 633 5645 Interdictum
650 5585 695 5647 Uli
707 5585 855 5655 possidetis
875 5581 1041 5640 adiendum
1063 5581 1148 5656 pcrti-

355 5667 412 5723 net,
427 5657 539 5716 dicente
553 5658 633 5726 Gaio,
649 5656 700 5722 lV,
719 5653 769 5712 iiii
785 5672 792 5710 :
810 5655 845 5712 m
859 5653 972 5726 quidem
1001 5653 1045 5712 Uti
1065 5653 1151 5725 possi·

354 5729 426 5786 detis
442 5727 621 5788 interdictum
635 5725 670 5785 de
687 5720 764 5784 luridi
776 5725 957 5798 possessione
970 5721 1110 5796 redditur;
1123 5731 1150 5782 ei

986 383 1161 443 nuxonll
1184 383 1228 442 111
1250 383 1398 444 Oi‘llltn.

1551 567 1685 656 XVIII

1199 727 1201 735 '
1290 727 1342 786 Ad
1364 728 1533 788 decanum
1546 727 1580 788 et
1593 729 1776 788 canoratcoe
1790 729 1966 790 itenwraa.

1469 897 1472 902 .
1504 849 1537 906 ll
1562 863 1628 922 aug.
1652 849 1731 906 iiii.

1429 961 1539 1028 [liegest.
1554 963 1599 1014 lib.
1612 963 1644 1022 n,
1655 964 1729 1027 epist.
1738 963 1805 1028 008]

1219 1070 1276 1127 Eos
1294 1070 1440 1128 constituit
1456 1065 1568 1142 J'udices
1586 1071 1661 1128 inter
1681 1055 1993 1130 'praemonstratenses
2008 1081 2036 1130 et

1371 1157 1604 1216 archidiaconum
1616 1159 1868 1218 suessionensem.

1258 1275 1435 1347 Honorius,
1450 1277 1525 1348 etc..
1543 1276 1672 1338 dilectis
1694 1277 1772 1338 liliis
1785 1277 1935 1346 decano,
1950 1297 2030 1340 ma-

1217 1373 1321 1447 gistro
1334 1375 1371 1434 G.
1392 1374 1426 1435 at
1445 1372 1589 1436 Roherto
1612 1373 1653 1435 de
1665 1374 1825 1436 Lauduuo
1844 1377 2033 1437 canonicis

1218 1472 1354 1532 Romen.

1258 1569 1325 1628 Sua
1350 1566 1446 1628 nobis
1471 1567 1573 1628 abbas
1589 1569 1622 1629 et
1635 1555 1754 1630 iratres
1772 1572 2032 1632 Praemonslra-

1216 1665 1470 1742 tensesquerela
1482 1667 1720 1738 monstrarunt,
1729 1667 1814 1744 quod
1825 1683 1905 1728 oum
1919 1670 2032 1729 Sues-

1217 1761 1344 1822 sionen.
1372 1762 1644 1835 archidiaconus,
1662 1765 1740 1842 quia
1763 1763 1827 1825 sibi
1853 1781 2030 1841 procura-

1216 1859 1339 1920 tionem
1369 1873 1467 1938 quam
1492 1861 1614 1938 inJuste
1643 1859 1775 1938 petebat
1802 1861 1836 1922 in
1875 1864 2029 1940 quadam

1216 1957 1362 2033 ipsorum
1376 1958 1518 2034 grangia
1537 1957 1753 2034 denegarunt,
1775 1960 1946 2036 quasdam
1961 1977 2025 2021 eo-

1215 2069 1288 2114 rum
1302 2055 1447 2117 decimas
1463 2058 1668 2132 occupasset,
1685 2057 1748 2134 ipsi
1764 2071 1867 2133 super
1882 2057 1953 2119 boc
1969 2075 2028 2120 re·

1216 2152 1358 2232 nerabili
1374 2151 1471 2216 iratri
1483 2155 1598 2217 nostro
1622 2154 1777 2232 episcopo
1796 2157 2026 2218 suessionen.

1215 2245 1387 2322 conquesti
1397 2257 1432 2307 se
1443 2248 1610 2323 tamquam
1626 2247 1783 2324 spoliatos
1796 2249 1937 2310 restitui
1953 2267 2028 2326 pos·

1216 2342 1372 2404 tulerunt.
1388 2342 1549 2404 sedidem
1564 2343 1820 2407 archidiaconus
1833 2345 1870 2406 in
1882 2347 2026 2408 modum

1215 2441 1420 2517 exceptionis
1439 2457 1638 2518 proponens,
1663 2443 1748 2520 quod
1768 2459 1872 2521 quum
1894 2443 2024 2506 tratres

1214 2537 1363 2614 praedicti
1392 2539 1626 2616 procuratione
1654 2555 1752 2616 quam
1778 2539 1967 2618 aliquando
1988 2544 2022 2603 in

1214 2635 1301 2696 dicta
1329 2637 1470 2712 grangia
1499 2637 1723 2714 praedeeessor
1748 2655 1828 2699 suus
1857 2639 2021 2705 habuerit

1214 2731 1408 2807 spoliarant,
1424 2732 1556 2794 nolebat
1570 2733 1635 2794 nisi
1648 2735 1753 2811 primo
1763 2735 1922 2797 restituta
1937 2753 2022 2813 prae·

1214 2828 1311 2890 dictis
1327 2829 1484 2890 iratribus
1499 2831 1711 2907 respondere.
1728 2833 1875 2909 Cumque
1890 2833 2018 2895 iratres

1214 2925 1278 3003 ipsi
1300 2942 1375 2988 eum
1394 2927 1568 2989 admittere
1583 2944 1649 2989 non
1665 2928 1785 2990 debere
1809 2931 1843 2990 in
1860 2930 1927 2992 bac
1952 2947 2018 2992 ex·-

1214 3023 1365 3100 ceptione
1384 3027 1617 3101 proponerent,
1645 3043 1743 3103 quam
1767 3026 1947 3090 videbatur
1971 3047 2014 3089 ex
2082 3057 2083 3066 .

1214 3121 1341 3182 malitia
1354 3137 1564 3199 procurasse,
1575 3127 1677 3200 utper
1691 3139 1764 3184 eam
1774 3123 1935 3188 videlicet
1943 3143 2017 3203 pro-

1213 3218 1396 3281 curationis
1411 3219 1579 3296 praedlctae
1591 3222 1834 3297 possessionem
1851 3223 2014 3301 acquire-

1212 3316 1274 3388 ret,
1291 3313 1409 3394 daqua
1429 3317 1517 3380 inter
1541 3319 1652 3395 partes
1678 3319 1910 3397 principaliter
1930 3338 2012 3397 age·

1212 3413 1320 3475 batur.
1329 3415 1466 3476 Domum
1475 3431 1575 3492 quum
1584 3415 1741 3494 praelatus
1750 3417 2012 3495 episcopuseum
2080 3461 2081 3492 ,

1212 3512 1468 3588 interloquendo
1483 3514 1658 3590 protulerit
1678 3514 1930 3588 admittendum,
1948 3517 2010 3594 ipsi
2080 3493 2081 3575 l

1212 3609 1245 3671 et
1269 3607 1553 3700 interlocutoriam
1574 3613 1764 3689 reputantes
1785 3613 1949 3691 iniquam,
1979 3619 2011 3675 el
2079 3679 2080 3690 ,

1212 3707 1402 3785 episcopum
1413 3709 1449 3769 in
1465 3707 1632 3771 incidente
1650 3725 1751 3772 eausa
1762 3713 2008 3789 procurationis
2079 3699 2080 3763 l

1211 3805 1400 3882 suspectum
1413 3805 1573 3868 habentes
1588 3824 1631 3868 ex
1645 3823 1684 3868 eo
1700 3808 1785 3886 quod
1802 3809 1835 3870 et
1849 3809 1923 3886 ipse
1935 3827 2009 3886 pro-
2078 3843 2079 3852 .

1211 3903 1416 3965 curationem
1439 3905 1474 3965 in
1492 3905 1650 3981 predicta
1673 3906 1813 3982 grangia
1830 3909 1945 3984 petere
1966 3909 2007 3968 sl·

1210 4001 1282 4061 mill
1311 4002 1439 4062 ratione
1461 4002 1598 4075 valeret,
1628 4004 1776 4065 nostram
1804 4003 2005 4067 audientiam

1210 4098 1431 4175 appellarunt.
1471 4099 1633 4172 Quocirca
1668 4100 1862 4163 discretioni
1889 4105 2004 4164 restrae
2077 4109 2078 4139 ³

1210 4211 1269 4272 per
1279 4195 1467 4272 apostolica
1480 4196 1603 4273 scripta
1617 4197 1823 4269 mandamus,
1832 4201 2001 4275 quatenus,

1210 4293 1237 4351 si
1252 4291 1302 4353 est
1316 4291 1373 4364 ita,
1388 4291 1539 4369 partibus
1561 4295 1751 4355 convocatis
1766 4293 1911 4355 audiatis
1922 4309 2002 4356 eau-
2076 4303 2077 4327 l

1209 4403 1291 4461 sam,
1304 4389 1338 4450 et
1349 4389 1572 4470 appellatione
1593 4392 1719 4453 remota
1736 4391 1801 4452 line
1816 4390 2003 4453 debitoter-
2075 4433 2076 4456 t

1208 4486 1337 4547 minare
1360 4484 1533 4557 iacientes,
1561 4487 1635 4560 ete,
1658 4501 1766 4562 usqne
1785 4506 1796 4548 :
1818 4487 1997 4549 observari.
2075 4457 2076 4515 ¹

1208 4583 1363 4661 Alioquin
1377 4586 1487 4668 partes
1503 4584 1544 4644 ad
1559 4584 1688 4661 praelati
1700 4585 1846 4662 episcopi
1860 4587 2001 4646 remitta-

1207 4681 1251 4741 tis
1265 4695 1417 4741 examen.
1440 4681 1670 4757 appellantem
1694 4697 1822 4756 usqne:
1846 4682 1999 4743 condem-

1207 4779 1335 4839 nantes.
1350 4777 1464 4838 Testes
1479 4779 1600 4846 autem,
1613 4779 1675 4842 etc.
1694 4779 1785 4850 Quod
1801 4778 1829 4840 si
1846 4793 1912 4840 non
1927 4795 1997 4840 om·
2073 4833 2074 4842 2

1208 4891 1278 4948 nes,
1292 4875 1368 4948 etc,
1386 4875 1451 4936 duo
1463 4876 1622 4950 restrum,
1633 4876 1821 4939 etc.Datum
1830 4877 1997 4939 Ferentini
2073 4845 2074 4891 ¹

1207 5031 1271 5073 eum
1288 5016 1425 5089 potiorem
1442 5023 1543 5088 praetor
1556 5031 1620 5076 esse
1636 5017 1718 5090 jubet
1736 5017 1794 5092 qui,
1820 5031 1855 5076 eo
1876 5025 1997 5092 tempore
2072 5031 2073 5079 l

1206 5101 1262 5160 quo
1277 5086 1456 5144 interdictum
1472 5088 1606 5156 redditur,
1620 5103 1673 5145 nec
1693 5089 1733 5158 ri,
1753 5103 1806 5146 nec
1834 5089 1918 5158 clam,
1948 5105 1996 5146 nce

1206 5159 1335 5283 precario
1348 5158 1383 5214 ab
1398 5158 1561 5216 adversario
1584 5159 1721 5232 possidet.
1746 5161 1832 5232 Cujus
1860 5160 1995 5216 interdicti

1216 5244 1268 5285 rec
1284 5227 1402 5286 iormula
1418 5237 1483 5287 est:
1502 5231 1546 5289 Uti
1569 5245 1645 5288 num
1665 5229 1827 5304 possidetis,
1846 5232 1993 5303 quominus

1206 5301 1242 5355 lta
1259 5299 1438 5372 possideatis
1457 5301 1512 5356 vim
1536 5301 1597 5358 lieri
1615 5307 1689 5358 veto.
1713 5301 1803 5370 Unde,
1819 5315 1905 5374 quum
1921 5317 1997 5358 cano

1206 5371 1261 5427 nici
1276 5369 1405 5428 dicantur
1427 5385 1617 5444 possessores,
1642 5372 1767 5443 ineptea
1790 5381 1933 5429 coaventu
1951 5373 1997 5428 luit
2070 5407 2071 5455 p

1207 5439 1381 5514 propositum
1409 5441 1598 5511 interdictum,
1619 5443 1700 5516 cujus
1719 5443 1822 5500 ellectu
1848 5445 1993 5500 carronico·
2069 5491 2070 5506 ,

1206 5527 1266 5569 rum
1280 5513 1422 5584 possessio
1435 5515 1709 5571 conilrmar·etur.1it
1723 5515 1830 5571 trullum
1842 5513 1993 5576 remedium

1186 5615 1189 5624 ·
1205 5581 1256 5640 luit
1272 5583 1326 5640 nisi
1342 5597 1391 5656 per
1406 5585 1611 5641 restitutionem
1624 5583 1654 5639 ia
1676 5585 1827 5657 integrum,
1843 5584 1879 5642 dc
1902 5601 1953 5660 qua
1965 5588 1995 5646 l.

1206 5654 1301 5722 Quian.
1319 5653 1449 5727 tempii,
1463 5662 1532 5713 tom.
1550 5657 1570 5724 i,
1582 5655 1635 5713 col.
1655 5655 1713 5725 iai,
1725 5657 1787 5714 289.

2056 6217 2066 6390 l
