4234 6408
325 251 377 310 131

326 413 410 473 male
428 411 538 472 obicio
553 425 612 470 sno
629 409 742 470 stracti.
766 407 937 485 adjectum
953 407 1122 468 1111111111-

325 525 394 586 per,
405 510 489 586 qnod
501 510 536 568 in
547 503 710 568 sententia
722 506 908 568 continetur
917 509 1080 568 senonen.
1091 507 1123 566 et

326 607 544 668 Sarisberien.
560 606 703 666 decanos
721 604 917 668 sententiam
933 605 1120 680 protulisse,

325 707 380 766 sed
393 705 427 766 in
440 705 602 766 relatione
611 703 734 773 dicunt,
745 702 830 779 quod
841 703 1003 763 Parisien.
1014 701 1123 763 etBel-

324 819 439 864 taren.
453 802 680 864 archidiaconi
694 801 892 862 sententiam
902 800 1120 876 protulerunt,

325 905 357 963 et
385 902 433 964 sic
451 918 550 978 quum
575 901 642 962 sint
665 899 836 975 scripturae
854 900 920 960 illae
947 897 1123 960 contrariae

326 1000 475 1060 adimunt
496 999 638 1058 invicem
656 996 718 1057 sibi
741 996 848 1056 iidem.
867 999 1033 1057 Praeterea
1049 1012 1123 1056 cum

326 1087 536 1174 privilegium
563 1095 662 1156 luerit
688 1094 838 1156 ecclesiae
865 1110 930 1155 nen
959 1109 1121 1171 personae,

326 1196 470 1255 decanus
494 1193 584 1254 solus
609 1191 759 1253 ecclesiae
780 1193 912 1252 nomine
932 1207 998 1274 non
1019 1191 1135 1268 potuit,

326 1291 472 1370 experiri
489 1293 672 1368 praesertim
694 1307 793 1366 quum
813 1290 854 1350 ad
874 1293 1125 1365 majoremcau-

325 1391 427 1451 telam
449 1389 521 1450 baec
544 1389 659 1449 eadem
687 1388 827 1449 ecclesia
858 1387 959 1448 suerit
992 1388 1124 1463 protes-

326 1487 395 1550 tata
410 1509 417 1547 :
435 1502 537 1563 quare
559 1486 644 1562 quod
670 1485 792 1546 iactum
816 1485 923 1546 luerat
944 1500 1003 1560 per
1031 1501 1126 1545 eum-

326 1587 401 1646 dem
417 1585 589 1655 decanum,
606 1584 638 1645 ei
662 1599 727 1644 non
749 1585 877 1659 poterat
896 1581 1126 1659 praejudicium

328 1697 499 1759 generare.
533 1683 613 1759 Ι(111111
645 1681 747 1758 igitur
781 1681 959 1757 praedictus
995 1680 1128 1740 auditor

328 1783 410 1853 brec,
436 1781 469 1841 et
485 1779 562 1850 alia,
588 1796 660 1855 quae
686 1795 796 1840 coram
822 1794 860 1838 eo
886 1777 1020 1838 suerunt
1043 1793 1124 1854 pro-

329 1880 436 1955 posita
456 1877 550 1938 nobis
573 1877 715 1938 fideliter
736 1876 914 1948 retulisset,
930 1875 1126 1937 sententiam

330 1975 561 2052 praedictorum
571 1973 720 2050 judicum
740 1974 946 2034 decrevimus
961 1989 1035 2032 esse
1052 1973 1129 2032 nul-

330 2073 408 2142 lam,
440 2071 628 2132 eorumdem
663 2087 853 2148 processum
881 2071 1064 2145 legitimum
1093 2070 1128 2130 in

331 2171 408 2230 aliis
421 2168 660 2246 approbantem
678 2170 710 2230 et
724 2169 801 2244 quia
817 2169 928 2244 partes
944 2169 985 2230 ad
1000 2168 1129 2242 litigau-

332 2266 1130 2342 dnminstruerenonuenerantquumlicetdeca·

331 2383 394 2426 nus
408 2364 563 2442 praesatus
581 2363 800 2440 personaliter
810 2363 1042 2438 comparuerit,
1057 2379 1131 2438 pro·

332 2463 466 2524 curator
475 2462 586 2522 tamen
599 2461 735 2537 capituli
749 2461 885 2520 minime
898 2461 1127 2536 comparebat3

255 2565 257 2570 '
331 2576 392 2622 nec
407 2559 583 2637 privilegia
599 2558 777 2634 originalia
797 2557 950 2634 poterant
964 2557 1127 2628 exbiberi,

333 2675 393 2720 nec
408 2658 448 2718 de
464 2656 658 2734 quibusdam
671 2654 979 2727 consuetudinibus,
998 2655 1039 2716 de
1055 2655 1131 2730 qui·

333 2755 451 2814 busin
476 2753 701 2829 suprascripta
726 2753 963 2828 compositione
990 2751 1132 2813 babetur

333 2851 468 2922 mentio,
480 2850 574 2910 nobis
590 2849 695 2926 potuit
710 2849 782 2910 lieri
802 2850 981 2924 certitudo;
996 2865 1131 2910 causam

338 2948 489 3008 eamdem
517 2947 604 3007 inter
637 2946 798 3007 decanum
825 2947 859 3007 et
884 2947 1064 3022 capitulum
1090 2964 1132 3008 ex

334 3045 427 3122 parte
452 3059 528 3114 una,
552 3043 585 3103 et
606 3044 796 3120 episcopum
821 3059 863 3104 ex
891 3043 1012 3115 altera,
1038 3045 1132 3106 vohis

335 3141 690 3204 duximusdeassensu
701 3141 843 3216 partium
854 3142 1131 3202 committendam.

335 3239 536 3300 Discretioni
564 3240 683 3299 restrae
710 3254 769 3314 per
801 3239 982 3314 apostolica
1011 3240 1133 3315 scripta

336 3337 543 3407 mandantes,
568 3339 730 3412 quatenus
759 3335 908 3412 partibus
931 3338 1131 3408 convocatis,

337 3438 371 3497 et
382 3434 504 3496 auditis
522 3434 599 3494 binc
617 3435 693 3495 inde
709 3435 899 3510 propositis
917 3435 1033 3511 ipsam,
1049 3437 1077 3496 si
1093 3437 1133 3496 de

334 3535 481 3610 ipsarum
493 3532 879 3608 processeritvoluntate,
890 3533 1134 3595 sententialiter

334 3630 531 3692 terminetis.
548 3629 703 3705 Alioquin
716 3629 758 3690 ad
773 3645 833 3690 nos
848 3631 997 3692 eamdem
1013 3632 1132 3692 remit-

339 3729 414 3789 tatis
427 3727 493 3787 tam
506 3742 604 3804 super
614 3726 908 3788 consuetudinibus
921 3745 1019 3805 qnam
1035 3745 1134 3804 super

336 3825 412 3886 aliis
442 3823 645 3884 sulliciontor
679 3823 889 3896 instructam,
926 3827 1133 3902 praefigentes

336 3920 484 3998 partibus
494 3920 672 3980 terminum
683 3921 932 3996 competentem,
945 3939 1009 3997 quo
1020 3926 1133 3984 nostro

336 4036 371 4080 se
400 4017 589 4094 conspectui
618 4017 835 4093 praesentent,
864 4020 1006 4094 justam,
1035 4020 1134 4082 danto

337 4116 486 4187 Domino,
508 4113 707 4176 sententiam
729 4116 922 4191 receptura.
944 4115 1136 4188 Testosan·

338 4217 404 4274 tem
418 4215 474 4290 qui
490 4212 623 4285 suerint,
638 4214 700 4273 etc.
724 4210 833 4273 Nullis
856 4212 975 4274 litteris
996 4214 1134 4275 obstan-

336 4313 435 4383 tibus,
461 4312 522 4372 etc.
538 4310 629 4384 Quod
652 4311 679 4370 si
705 4327 770 4371 non
787 4327 913 4384 omnes,
937 4314 1013 4384 etc,
1034 4315 1070 4374 tu
1096 4329 1134 4374 ea

341 4410 444 4470 irater
471 4409 636 4484 episcope,
657 4412 720 4468 etc.
747 4411 865 4469 Datum
891 4410 1036 4482 Perusii,
1059 4413 1135 4472 lilii

340 4505 501 4566 kalendas
512 4504 610 4581 junii,
626 4505 836 4580 pontificatus
853 4506 958 4566 nostri
971 4523 1058 4568 anno
1076 4525 1137 4568 no·

340 4602 523 4662 nodecimo.
549 4602 663 4672 »Quia
684 4617 763 4661 uero
789 4619 889 4678 super
921 4603 983 4664 boc
1016 4605 1057 4664 ad
1077 4622 1135 4666 vos

338 4699 529 4760 mandatum
544 4699 798 4774 praedecessoris
814 4700 918 4760 nostri
935 4702 1042 4761 medio
1058 4705 1137 4764 te1n-

339 4814 418 4876 pore
449 4795 578 4858 sublato
605 4796 644 4856 de
671 4795 780 4856 medio
808 4813 874 4857 non
909 4799 1070 4873 pervenit,
1094 4818 1136 4862 ne

339 4897 443 4958 morto
469 4895 574 4972 ipsius
600 4894 752 4970 expirato
781 4894 936 4956 mandato
967 4898 1137 4974 contingat

338 4997 412 5075 plus
428 4993 536 5055 debito
557 4992 722 5069 iustitiam
738 4993 923 5068 prorogari,
941 4995 1137 5058 discretioni

338 5094 458 5156 restra
486 5106 546 5168 per
571 5089 754 5166 apostolica
782 5091 905 5167 scripta
929 5092 1135 5164 mandamus

340 5193 502 5269 quatenus
522 5187 557 5248 in
582 5188 697 5248 eodem
720 5189 853 5263 negotio
869 5189 967 5265 juxta
989 5191 1136 5254 tenorem

339 5287 545 5364 praedictum,
581 5285 803 5362 appellatione
838 5287 976 5358 remota,
1007 5287 1137 5350 ratione

340 5385 460 5462 praeuia
486 5383 685 5458 procedatis.
709 5384 827 5444 Datum
855 5383 1020 5455 Laterani,
1047 5387 1137 5446 XVII

252 5493 253 5496 ’
341 5479 500 5542 kalendas
515 5480 677 5557 januarii,
695 5480 908 5556 pontificatus
928 5481 1032 5542 nostri
1050 5498 1137 5544 anuo

341 5575 459 5652 primo.

942 249 1116 308 bosonii
1140 247 1182 306 ΙΙΙ
1207 246 1356 306 ei’ititn.

1561 413 1590 497 d

1177 586 1227 644 dd
1249 583 1403 644 abbatom
1428 583 1566 642 Sanctae
1593 585 1783 658 Gcnoccsoe,
1809 593 1940 661 priorem

1218 680 1336 741 Sancti
1355 680 1502 740 dimitat
1515 681 1563 762 dc
1581 681 1717 754 Conrpts
1738 684 1769 743 el
1791 689 1943 752 cantorem

1218 781 1448 840 parisienses.
1558 820 1564 831 .
1616 850 1621 858 ,
2014 834 2015 854 ,

1474 870 1678 930 amma

1179 980 1285 1043 [aeaut.
1299 979 1344 1028 lib.
1358 979 1376 1036 l,
1391 993 1430 1042 ep.
1444 977 1658 1043 lat-Bouquet,
1667 979 1943 1044 Recueildasbistoriens,
2015 993 2016 998 ’

1465 1063 1485 1108 t.
1500 1059 1567 1114 xlx,
1584 1074 1609 1122 p.
1622 1059 1692 1124 618.]

1178 1185 1272 1252 lubet,
1286 1186 1312 1249 si,
1327 1183 1453 1242 Erardus
1470 1183 1506 1240 de
1523 1186 1625 1253 Brona,
1642 1185 1690 1256 qui
1704 1186 1859 1258 Campaniae
1871 1191 1943 1246 coni·

1216 1280 1303 1330 tatum
1318 1287 1459 1346 occupare
1474 1281 1603 1341 conatur,
1618 1274 1647 1330 in
1658 1274 1811 1331 senonensi
1824 1279 1946 1348 provincia
2016 1265 2017 1330 Ϊ

1215 1360 1378 1418 auxiliarios
1392 1368 1421 1418 et
1436 1360 1560 1418 lautores
1573 1362 1723 1432 invenerit,
1734 1378 1784 1435 per
1798 1365 1945 1422 ecclesiasti·

1215 1450 1300 1506 ticam
1316 1464 1467 1507 censuram
1481 1450 1543 1508 iilos
1557 1451 1712 1524 compesci.

1221 1567 1386 1628 Honorius
1409 1569 1633 1644 episcopus...,
1659 1567 1788 1630 dilectis
1811 1569 1948 1630 11111111)-
2017 1610 2018 1654 3

1181 1665 1248 1726 bati
1272 1668 1304 1725 S.
1322 1665 1495 1726 Genovelae
1512 1663 1568 1746 (1),
1591 1665 1696 1742 priori
1720 1669 1752 1727 S.
1775 1667 1949 1729 Martialis

1182 1763 1312 1839 Campis
1327 1761 1375 1840 (2)
1388 1766 1419 1823 et
1432 1763 1560 1824 cantori
1574 1763 1830 1836 ParisiensibuS,
1841 1767 1894 1826 etc.
2018 1761 2019 1840 t

1222 1863 1300 1920 Cum
1337 1860 1445 1921 lelicis
1472 1862 1641 1922 memoriae
1670 1863 1848 1924 Innocentii
1871 1865 1951 1938 Papa

1182 1959 1438 2035 praedecessoris
1452 1959 1558 2020 nostri
1572 1959 1692 2020 inisset
1707 1960 1825 2020 dudum
1838 1959 1951 2020 auribus

1183 2055 1381 2128 intimatum,
1396 2056 1484 2134 quod
1500 2057 1645 2117 Erardus
1665 2056 1706 2117 de
1723 2059 1827 2118 Brena
1840 2059 1952 2119 deroso·
2019 2065 2020 2122 l

1184 2153 1361 2228 lpmitanas
1374 2153 1485 2228 partes
1503 2152 1643 2224 adierat,
1661 2153 1698 2214 ut
1711 2153 1774 2214 sibi
1788 2153 1909 2213 duceret
1924 2153 1950 2212 in

1185 2266 1321 2310 uxorem
1345 2265 1444 2310 unam
1467 2250 1507 2310 de
1531 2249 1658 2310 duabus
1677 2250 1809 2310 illiabus
1828 2248 1952 2318 Hearici,

1184 2345 1954 2425 quondamTrecensiscomitis‚Pbilippamride-

1185 2446 1273 2516 licet,
1295 2446 1478 2521 procreatis
1497 2445 1537 2505 de
1556 2445 1734 2520 illegitima
1749 2445 1862 2522 copula
1874 2459 1953 2520 quam
2020 2469 2021 2480 ¹

1185 2559 1259 2602 cum
1275 2542 1344 2602 filia
1360 2540 1399 2621 (⁶)
1420 2543 1509 2617 regis
1522 2543 1807 2620 Jerosolp'mitani,
1823 2543 1861 2602 ad
1877 2555 1955 2616 quan
2021 2608 2022 2650 1

1185 2656 1323 2715 regnum
1348 2639 1531 2714 spectabat,
1561 2642 1781 2702 contraxerat
1806 2639 1886 2699 idem
1908 2653 1955 2697 co·
2021 2657 2022 2662 ¹

1187 2754 1266 2808 mes,
1281 2737 1341 2797 etc.
1354 2735 1573 2816 (Vidbuilam
1588 2753 1736 2810 Lxxxrn,
1748 2737 1809 2798 col.
1824 2737 1885 2806 108,
1896 2731 1957 2810 etc.)

1228 2835 1387 2906 Quocirca
1414 2834 1607 2895 discretioni
1625 2837 1750 2897 vestrae
1768 2851 1826 2913 per
1842 2833 1960 2910 Aposio-
2022 2890 2023 2914 χ

1187 2931 1959 3008 licascriptadistrictepraecipiendomandamus
2022 2921 2023 2954 ³

1187 3031 1359 3106 quatenus,
1376 3046 1487 3107 quum,
1514 3030 1598 3092 sicut
1614 3031 1779 3102 creditur,
1804 3031 1869 3092 tota
1887 3026 1961 3087 illins

1188 3128 1304 3188 lirardi
1328 3127 1417 3188 circa
1439 3127 1502 3188 boc
1518 3129 1673 3189 versatur
1694 3127 1842 3198 intentio,
1861 3121 1960 3185 111111-

1188 3222 1305 3299 quibus
1319 3222 1383 3283 sibi
1394 3223 1509 3284 ascitis
1521 3222 1742 3298 complicibus
1756 3224 1789 3284 et
1803 3217 1963 3284 raubrtbus
2023 3223 2024 3282 t

1189 3321 1398 3396 comparatis,
1416 3318 1589 3398 praelatum
1603 3322 1763 3383 comitem
1776 3317 1924 3386 molestet,
1940 3313 1962 3372 si

1188 3419 1302 3496 possit,
1319 3419 1352 3479 ot
1365 3417 1522 3490 offendat,
1538 3417 1578 3478 de
1591 3421 1687 3480 terra
1703 3435 1766 3480 sua
1781 3411 1965 3494 cupieusali·

1189 3516 1265 3592 qnid
1290 3514 1354 3574 sibi
1367 3515 1550 3590 subripere,
1565 3515 1651 3576 sicut
1667 3516 1837 3593 praedator
1850 3513 1881 3574 in
1897 3509 1964 3571 insi·

1189 3614 1252 3672 diis
1267 3612 1450 3686 latitando;
1470 3627 1541 3684 ros,
1564 3613 1769 3676 anctoritate
1788 3613 1893 3674 nostra
1905 3605 1965 3668 sui-

1190 3711 1273 3781 lulti,
1292 3709 1321 3770 si
1340 3725 1421 3787 quos
1438 3709 1472 3770 in
1493 3711 1681 3772 Senouensi
1702 3708 1871 3787 provincia
1884 3706 1964 3766 inre·

1189 3807 1318 3878 noritis,
1343 3807 1398 3883 qni
1421 3807 1588 3882 praedictis
1612 3809 1744 3870 Erardo
1769 3809 1802 3869 et
1827 3803 1965 3876 Philippa

1189 3922 1287 3982 snper
1303 3907 1364 3966 boc
1380 3905 1492 3982 inique
1507 3907 1787 3982 praesumpserint
1800 3899 1965 3980 impendere

1189 4003 1351 4064 auxilinm
1371 4002 1426 4062 rel
1445 4001 1604 4074 levorem,
1621 4001 1663 4062 ab
1685 3999 1875 4080 hujusmodi
1894 4011 1967 4074 pra·

1190 4101 1374 4177 sumptione
1402 4115 1546 4170 cessare,
1577 4100 1809 4176 appellatione
1842 4093 1967 4158 remota,

1190 4213 1449 4276 percensuram
1479 4197 1744 4260 ecclesiasticam
1775 4189 1968 4272 compellaris.

1190 4296 1350 4356 i'olnmus
1370 4295 1458 4356 enim
1480 4294 1576 4354 malis
1592 4294 1734 4356 obviare
1749 4289 1926 4372 principiis,
1939 4297 1971 4344 ne

1191 4409 1249 4470 por
1263 4392 1498 4466 praeligendum
1513 4393 1603 4453 rires
1620 4393 1770 4462 sumant,
1791 4407 1849 4452 seu
1863 4402 1918 4466 per
1930 4385 1973 4442 in·

1191 4491 1365 4550 solentiam
1387 4489 1605 4550 invalescant.
1622 4491 1717 4560 Quod
1735 4491 1765 4550 si
1782 4503 1850 4550 non
1865 4495 1970 4546 omncs,

1191 4589 1254 4648 dno
1268 4589 1425 4656 restrum,
1442 4587 1504 4647 otc.
1515 4589 1633 4647 Datum
1644 4590 1777 4656 Romae,
1794 4584 1877 4662 apud
1894 4583 1974 4641 Sanc·

1191 4688 1258 4747 turn
1275 4687 1419 4756 Petrum,
1434 4683 1542 4744 idibus
1560 4684 1763 4756 decembris,
1784 4677 1975 4762 pontificatus

1192 4784 1296 4844 nostri
1307 4798 1394 4842 anuo
1410 4783 1527 4858 prime.

1231 4912 1273 4968 ln
1294 4910 1452 4968 carradam
1475 4909 1614 4966 intortum
1638 4907 1806 4982 scriptum
1834 4903 1883 4964 est
1902 4895 1977 4973 epis-

1192 5021 1273 5081 cope
1292 5007 1324 5066 et
1350 5003 1460 5064 abbati
1478 5003 1755 5064 Sancti-loannis
1772 5003 1807 5062 in
1829 4995 1933 5062 Vineis
1951 4995 1975 5048 ri

1192 5104 1316 5163 decano
1338 5100 1646 5161 Suessionensibus.

1231 5201 1321 5260 liant
1336 5197 1547 5259 Cluniacensi
1568 5199 1600 5258 et
1621 5195 1844 5258 cisterciensi
1868 5185 1978 5253 abbati·

1192 5297 1265 5368 bus,
1277 5299 1309 5357 et
1320 5296 1423 5373 priori
1435 5295 1474 5356 de
1487 5299 1647 5370 tferpepo.

1229 5427 1269 5498 (lt
1290 5427 1402 5486 loanni.

1229 5503 1271 5576 (2)
1291 5498 1404 5556 loanni.

1229 5577 1263 5651 (⁶)
1287 5569 1431 5645 isabella..
