4104 6392
132 307 192 362 777
266 323 274 337 ¹

134 463 303 538 negotium
319 462 392 540 plus
417 460 527 522 debito
541 459 748 536 prorogaret,
765 474 826 520 nec
841 453 942 520 alter-¹

135 561 202 621 utri
244 559 388 637 partium
421 558 591 619 videretur
617 557 705 633 juris
739 555 936 618 beneficium

134 658 311 733 denegare,
329 655 545 734 providimus,
560 657 596 717 ut
610 654 767 731 praelatus
783 669 939 730 procura·

133 756 187 815 tor
205 754 354 815 ecolesiae
377 753 491 815 Sancti
515 752 668 813 Severini
692 765 793 828 super
812 749 939 826 priuci-

134 851 213 928 pali,
241 851 344 911 salvis
374 849 542 926 praedictis
572 847 841 926 exceptionibus,
863 863 938 908 res·

133 948 302 1025 ponderet.
329 949 412 1019 Quia
435 947 568 1009 tandem
591 963 649 1022 pro
679 962 739 1007 sua
756 947 848 1022 parte
870 961 938 1006 res·

134 1045 261 1123 pondit,
273 1045 524 1121 praeallegatum
536 1043 829 1121 processumLucii
840 1059 936 1119 quem

134 1143 196 1203 sub
208 1142 298 1202 bulla
310 1144 423 1203 uestra
434 1141 528 1202 vobis
538 1141 698 1203 mittimus
708 1139 934 1212 interclusum,

135 1238 238 1300 tuisse
253 1254 312 1316 per
328 1239 381 1301 bo.
401 1255 498 1300 mem.
510 1239 710 1301 Clementem
726 1241 790 1300 ΡΡ.
807 1238 937 1315 praede·

135 1353 300 1398 cessorem
316 1337 351 1398 in
365 1337 498 1398 irritum
518 1336 720 1402 revocatum,
739 1338 772 1397 61
787 1335 873 1414 quod
895 1335 937 1397 de

135 1434 240 1510 ipsius
266 1433 422 1495 mandato
447 1434 613 1510 quondam
641 1433 861 1508 Burdegalen.
885 1448 936 1493 ar·

136 1531 366 1608 chlepisoopus
393 1531 428 1592 iu
459 1531 734 1608 praenominatam
758 1530 935 1591 ecclesiam

132 1628 314 1689 secundum
346 1628 433 1706 quod
475 1629 603 1690 invenit
637 1629 759 1689 statum
786 1627 935 1705 ejusdem

133 1725 388 1802 aquadraginta
409 1726 506 1786 annis
527 1726 618 1787 retro
642 1725 798 1786 continue
820 1723 937 1786 obser-

134 1824 261 1892 vatum,
283 1823 323 1884 de
339 1823 509 1886 canonicis
525 1821 741 1885 saecularibus
757 1821 933 1894 ordinavit,

132 1921 165 1980 et
191 1920 330 1997 adjecit,
361 1921 484 1998 quod...
514 1920 659 1982 decanus
693 1921 727 1981 et
752 1917 935 1996 capitulum

133 2015 247 2078 Sancti
256 2017 398 2078 Andreae
414 2017 572 2094 praedicto
587 2016 787 2078 renunciare
806 2031 935 2092 prooes-

131 2113 196 2186 sui,
217 2114 388 2174 canonicis
415 2113 567 2174 ecclesiae
589 2113 774 2190 saepedictae
797 2112 936 2188 promit-

131 2210 243 2282 tendo,
272 2210 332 2270 sub
358 2211 492 2272 vinculo
513 2211 695 2288 juramenti
720 2208 806 2286 quod
832 2223 935 2286 super

133 2308 266 2368 boc‘eos
278 2307 493 2383 nunquamne
505 2309 626 2368 caetero
639 2307 864 2368 molestarent.
877 2310 935 2368 ks·

135 2404 244 2465 seruit
264 2405 375 2475 etiam,
406 2403 492 2480 quod
517 2418 632 2480 preces
658 2404 763 2479 ipsius
795 2403 934 2480 capituli

134 2502 207 2578 post
217 2501 466 2578 praeallegatum
477 2499 732 2578 praedecessoris
745 2500 851 2561 nostri
862 2515 936 2576 pro·

135 2613 265 2660 cessum
290 2598 425 2660 luerunt
451 2598 563 2675 plures
578 2597 731 2659 canonici
756 2597 933 2658 saeculares

133 2696 169 2756 in
198 2697 438 2774 praenominata
471 2695 613 2757 ecclesia
644 2695 830 2766 constituti,
861 2709 934 2772 quae

133 2795 246 2855 tamen
268 2810 346 2871 pars
372 2793 513 2854 adversa
532 2793 676 2868 negavit.
701 2791 785 2865 Quia
800 2806 879 2854 vero
895 2792 935 2853 de

136 2891 189 2952 bis
205 2891 300 2952 nobis
320 2907 386 2952 non
402 2890 509 2968 potuit
531 2889 605 2951 deri
631 2891 731 2966 plena
753 2890 845 2961 tides,
871 2888 936 2952 dis·

134 2989 277 3051 cretioni
290 2991 409 3050 vestrae
424 3003 484 3065 per
496 2988 686 3064 Apostolica
701 2987 824 3064 scripta
840 3003 936 3048 man-

133 3085 263 3159 damus,
284 3085 447 3163 quatenus
469 3085 497 3146 si
519 3085 559 3146 de
572 3083 698 3162 objecta
717 3084 751 3144 in
771 3085 935 3160 Burdoga·

132 3180 198 3242 len.
224 3183 404 3258 capitulum
424 3181 777 3242 excommunicationis
799 3184 935 3244 senten-

130 3281 180 3342 tia
211 3279 360 3355 legitima
384 3277 478 3340 vobis
508 3278 704 3355 probatione
735 3279 932 3351 constiterit,

131 3376 370 3438 denuntiantes
402 3375 488 3453 quod
512 3377 622 3436 actum
648 3387 699 3437 est
723 3391 797 3436 cum
812 3391 936 3452 procu-

129 3475 245 3534 ratore
261 3489 321 3534 suo
336 3473 371 3532 in
385 3473 456 3549 ipso
472 3471 604 3548 negotio
626 3488 693 3533 non
712 3473 838 3542 tenere,
852 3473 934 3550 ipsis

127 3572 228 3649 juxta
256 3569 394 3631 formam
423 3569 572 3630 ecclesiae
605 3567 766 3630 beneflcio
793 3586 813 3630 a
840 3569 934 3632 vobis

130 3668 352 3730 absolutionis
368 3667 529 3744 impenso,
543 3682 677 3728 causam
689 3665 784 3744 quasi
794 3666 836 3728 de
848 3683 934 3730 novo

132 3767 292 3838 audiatis,
315 3757 349 3827 61
370 3781 444 3826 eam
459 3764 525 3825 dne
550 3763 711 3826 canonico
736 3765 932 3828 terminetis.

132 3865 170 3926 Si
186 3879 266 3924 vero
291 3878 368 3941 pars
392 3861 631 3923 canonicorum
654 3862 768 3924 Sancti
783 3863 934 3924 Severini

131 3961 169 4022 in
186 3961 530 4022 excommunicatione
552 3957 706 4031 deluerit,
732 3975 795 4020 vos
813 3959 936 4038 proba-

130 4057 281 4123 tionibus
297 4061 368 4136 ejus
382 4074 481 4134 super
492 4057 659 4134 praedictis
670 4058 931 4134 exceptionibus

133 4171 208 4234 quae
224 4155 392 4232 negotium
413 4154 597 4232 principale
621 4155 828 4230 contingunt,
846 4156 936 4218 reci·

132 4255 263 4332 pientes
283 4251 426 4314 fideliter
440 4253 473 4313 et
488 4251 676 4328 prudenter,
702 4253 735 4314 et
760 4252 933 4315 audientes

132 4369 207 4429 quae
219 4351 344 4412 luerint
358 4349 436 4411 bino
452 4349 528 4410 inde
543 4350 711 4426 proposita
723 4365 857 4410 causam
868 4351 933 4411 tine

131 4449 294 4510 canonico
308 4447 479 4510 decidatis.
501 4447 591 4519 Quod
606 4447 634 4506 sl
648 4446 733 4508 sorte
745 4448 856 4524 partes
867 4465 933 4509 non

131 4545 355 4616 consentiant,
383 4547 419 4608 ut
452 4545 499 4605 ibi
527 4544 697 4620 negotium
724 4545 932 4618 terminetur,

130 4660 194 4706 vos
206 4643 315 4720 ipsum
328 4643 534 4703 sufficienter
545 4641 744 4704 instructum
759 4643 801 4703 ad
816 4643 937 4706 Sadem

130 4741 357 4819 apostolicam
371 4739 558 4812 remittatis,
577 4741 786 4817 praefigentes
802 4741 854 4802 eis
865 4741 935 4802 ter-

131 4839 259 4901 minum
285 4839 534 4913 competentem,
562 4853 626 4913 quo
649 4841 763 4900 nostro
781 4853 817 4900 se
836 4854 936 4900 oons-

131 4933 934 5016 peotuirepraesentent‚justamauctu-emmim

132 5033 332 5096 sententiam
347 5034 542 5110 recepturae.
558 5031 649 5103 Quod
673 5033 702 5093 si
723 5049 790 5096 non
807 5049 933 5106 omues,

131 5128 934 5204 etc.,tuealiliabbasdePlanasilvacumeorum

130 5231 256 5300 altero,
287 5227 512 5304 appellatione
546 5229 689 5298 remota,
716 5225 934 5288 nihilominus

131 5325 338 5403 exsequeris.

174 5425 293 5486 Datum
318 5425 431 5484 Romae
451 5422 537 5498 apud
552 5422 708 5484 Sanctum
724 5420 858 5484 Petrum
874 5440 935 5485 oc·
952 5479 955 5490 ,

132 5526 212 5586 tavo
228 5521 389 5583 kalendas
400 5520 500 5598 junii,
522 5535 610 5580 anno
625 5519 781 5582 secunde.

762 244 991 360 neisronm.
1016 297 1093 358 1111.
1117 299 1157 359 11.
1185 370 1190 380 g

1299 481 1482 572 dclxix
1654 533 1661 562 .

1020 618 1072 678 Ao
1084 621 1240 692 priorem
1258 618 1292 678 et
1312 617 1499 691 capitulum
1513 618 1624 680 soracti
1640 619 1756 680 Uretur·

1298 715 1488 775 Bituricam.

1286 837 1320 894 26
1333 837 1401 893 maii
1413 837 1491 894 1218.

1023 942 1141 1006 11163611,
1151 943 1195 992 lib.
1207 944 1238 1001 ll,
1249 942 1324 1008 epist.
1339 943 1408 992 1128.
1422 945 1477 994 llss.
1487 944 1522 993 la
1531 944 1606 993 Porta
1618 943 1651 994 dn
1662 943 1756 1006 Thoti]

1126 1051 1253 1108 Assentit
1272 1050 1388 1122 capituli
1406 1049 1652 1124 postulationibus.

1030 1167 1210 1234 Honorius,
1228 1169 1302 1237 eto,
1329 1168 1458 1230 dilectis
1481 1168 1595 1228 tiliis...
1622 1168 1727 1244 priori
1755 1171 1789 1230 et

991 1264 1137 1340 capitulo
1153 1265 1266 1326 Sancti
1283 1265 1397 1326 Ursini
1415 1265 1592 1327 bituricen.

1031 1363 1080 1422 Ex
1093 1365 1187 1437 parte
1202 1366 1312 1423 vestra
1333 1362 1428 1423 nobis
1444 1362 1506 1424 luit
1521 1363 1693 1425 humiliter
1707 1379 1788 1440 sup-

990 1458 1160 1536 plicatum,
1178 1462 1214 1521 ut
1227 1476 1300 1520 cum
1314 1460 1355 1521 ad
1372 1461 1562 1522 mandatum
1582 1463 1730 1522 nostrum
1746 1465 1785 1522 k.

990 1556 1112 1618 clerico
1126 1557 1160 1617 in
1173 1557 1314 1618 ecclesia
1327 1560 1438 1618 vestra
1449 1559 1484 1619 in
1500 1560 1591 1620 certo
1599 1558 1730 1620 redditu
1745 1559 1788 1619 sit

990 1654 1181 1730 provisum,
1213 1655 1307 1716 vobis
1343 1655 1525 1717 concedere
1560 1655 1785 1732 dignaremur,

991 1751 1077 1827 quod
1092 1752 1133 1812 ad
1150 1753 1378 1828 recipiendum
1396 1753 1498 1813 alium
1521 1752 1594 1828 cogi
1621 1769 1724 1831 usque
1746 1754 1788 1814 ad

989 1849 1172 1910 triennium
1194 1866 1259 1912 non
1275 1851 1420 1926 possitis.
1446 1853 1515 1911 Nos
1539 1852 1649 1912 autem
1665 1851 1785 1912 vestris

991 1947 1267 2022 postulationibus
1287 1947 1449 2020 inclinati,
1476 1949 1674 2010 auctoritate
1696 1963 1786 2024 prae-

990 2043 1134 2103 sentium
1153 2041 1295 2118 benigne
1317 2045 1410 2106 vobis
1433 2045 1645 2106 concedimus
1669 2047 1786 2120 postu-

990 2138 1070 2201 lata.
1101 2139 1192 2200 Nulli
1217 2157 1306 2217 ergo,
1333 2143 1408 2214 eto,
1439 2145 1562 2203 nostrae
1591 2141 1784 2202 concessio-

990 2235 1052 2309 1116,
1068 2237 1129 2298 616.
1144 2259 1152 2312 ;
1167 2237 1196 2298 61
1218 2238 1291 2314 quis
1314 2240 1436 2310 autem,
1451 2239 1513 2300 etc.
1533 2237 1651 2300 Datum
1672 2241 1784 2300 Romae

989 2333 1076 2410 apud
1107 2335 1264 2394 Sanctum
1291 2338 1424 2397 Petrum
1449 2335 1589 2414 septimo
1625 2335 1785 2396 kalendas

985 2430 1084 2506 junii,
1102 2446 1189 2492 anno
1203 2432 1360 2493 secundo.

1310 2607 1472 2696 cclxx

1137 2751 1189 2810 Ad
1210 2752 1406 2826 episcopum
1423 2753 1640 2827 1166616666.

1274 2863 1399 2921 16111611
1423 2865 1501 2920 lale.
1657 2865 1662 2873 “

1061 2967 1450 3032 [Βυ11611111111161116116111,11111.
1464 2969 1553 3030 Turin,
1567 2971 1717 3035 1111311]

1024 3073 1177 3134 Gondrmat
1194 3074 1269 3148 quod
1290 3091 1340 3148 per
1360 3077 1558 3134 innocentium
1582 3079 1622 3135 lll
1644 3077 1750 3136 lactum

1085 3174 1087 3178 ·
1131 3161 1222 3220 luerat
1232 3177 1301 3236 erga
1317 3163 1450 3222 eumdem
1466 3166 1642 3238 episcorum.

1029 3279 1196 3341 Honorius
1209 3280 1510 3356 episcopusservus
1526 3298 1697 3344 servorum
1711 3284 1781 3358 Dei,

990 3375 1173 3437 venerabili
1187 3374 1283 3438 tratri
1298 3379 1452 3454 episcopo
1466 3380 1688 3454 magalonen„
1699 3381 1786 3442 salu·

989 3474 1054 3534 tem
1066 3474 1098 3534 et
1109 3473 1324 3548 apostolicam
1336 3474 1614 3536 benedictionem.

1030 3573 1067 3631 In
1088 3571 1220 3646 regesto
1238 3571 1389 3632 censuali
1415 3571 1522 3632 felicis
1546 3573 1786 3637 recordationis

989 3668 1174 3728 innocentii
1183 3684 1277 3745 papae
1291 3668 1545 3744 praedecessoris
1556 3671 1664 3733 nostri
1679 3673 1787 3735 conti-

991 3765 1063 3825 neri
1086 3766 1317 3842 perspeximus
1341 3766 1375 3826 in
1400 3767 1487 3828 buno
1515 3768 1670 3828 modum:
1691 3787 1710 3830 ‹<
1731 3773 1788 3831 ln·
1825 3805 1828 3810 ·

989 3863 1163 3924 nocentius
1185 3863 1370 3940 episcopus,
1393 3879 1509 3925 servus
1525 3882 1698 3928 servorum
1714 3870 1784 3941 Dei,

989 3959 1172 4021 venerabili
1185 3960 1281 4022 fratri
1297 3961 1451 4040 episcopo
1463 3963 1686 4038 magalonen..
1699 3966 1786 4027 salu-

988 4061 1054 4120 tem
1068 4059 1101 4120 et
1115 4059 1331 4134 apostolicam
1349 4058 1623 4122 benedictionem.
1641 4079 1659 4121 c
1674 4066 1785 4140 Apos-

988 4155 1098 4218 tolicae
1131 4155 1225 4216 Sedis
1253 4155 1440 4232 benignitas
1472 4157 1611 4234 provido
1640 4176 1784 4236 pensans

989 4253 1107 4314 merita
1123 4253 1330 4328 singulorum
1343 4253 1386 4314 iis
1401 4271 1430 4325 v,
1448 4256 1510 4315 etc.

1028 4351 1098 4411 Nos
1116 4350 1218 4425 igitur
1237 4350 1304 4412 tuis
1323 4351 1424 4426 justis
1447 4351 1599 4427 precibus
1619 4353 1782 4428 inclinati,

990 4447 1075 4526 quod
1097 4463 1156 4525 per
1171 4447 1322 4508 eumdem
1338 4448 1615 4525 praedecessorem
1636 4455 1784 4514 nostrum

989 4545 1183 4618 factumest,
1198 4546 1233 4606 in
1249 4546 1313 4608 bac
1326 4549 1420 4622 parte
1435 4548 1543 4608 ratum
1555 4547 1725 4624 babentes,
1743 4552 1787 4612 il-

989 4643 1043 4704 lud
1057 4644 1248 4721 Apostolica
1263 4645 1461 4708 auctoritate
1483 4646 1730 4722 confirmamus
1753 4653 1786 4712 et

990 4741 1163 4818 praesentis
1186 4741 1299 4819 scripti
1324 4742 1510 4820 patrocinio
1532 4748 1784 4808 communimus.

989 4837 1080 4900 Nulli
1109 4855 1189 4915 ergo
1214 4840 1348 4900 omuino
1372 4840 1543 4900 bominum
1572 4841 1672 4904 liceat
1701 4845 1786 4907 hanc

990 4936 1145 5012 paginam
1167 4937 1289 4998 uostrae
1308 4936 1571 4998 confirmationis
1591 4939 1784 5018 infringere,

989 5034 1042 5094 vel
1057 5032 1088 5093 ei
1100 5049 1184 5094 ausu
1195 5032 1373 5094 temerario
1387 5034 1564 5096 contraire.

1032 5129 1153 5207 Siquis
1169 5129 1278 5190 autem
1296 5129 1360 5191 1166
1380 5132 1543 5193 attentare
1562 5149 1788 5212 praesumpse-

990 5229 1044 5300 rit,
1055 5227 1317 5302 indignationem
1332 5229 1567 5307 omnipotentis
1578 5232 1637 5292 Dei
1652 5249 1691 5293 ac
1704 5233 1788 5295 bea-

990 5327 1099 5387 torum
1123 5325 1214 5386 Petri
1234 5326 1267 5386 et
1292 5326 1389 5391 Pauli
1414 5328 1642 5404 apostolorum
1664 5334 1736 5409 ejus
1753 5349 1788 5396 se

991 5423 1122 5485 noverit
1149 5422 1370 5488 incursurum.
1406 5427 1526 5485 Datum
1560 5427 1673 5489 Romae
1702 5433 1787 5511 apud

993 5523 1149 5583 Sanctum
1174 5523 1309 5583 Petrum
1336 5523 1476 5599 septimo
1503 5523 1664 5588 kalendas
1680 5529 1788 5606 junii,

992 5619 1204 5698 pontificatus
1222 5620 1326 5682 nostri
1342 5637 1430 5683 anuo
1446 5621 1601 5685 secundo.
