4214 6400
155 255 197 318 13
789 251 1017 316 srisroLAE.
1041 251 1119 312 LIB.
1143 251 1167 310 1.
1764 237 1801 298 it

155 431 222 494 qua
242 417 389 478 nostram
402 413 557 490 dignatus
570 413 621 474 est
640 412 771 490 operari
798 413 949 484 salutern,
1046 412 1134 472 Item
1155 407 1267 470 Nobili
1286 405 1358 467 viro
1380 401 1492 466 comiti
1513 399 1609 461 Barri
1625 413 1724 476 super
1740 397 1801 458 se-

156 523 199 584 ab
211 521 399 582 infidelibus
407 518 786 598 providentiainoliabili
796 518 951 594 occupari
1005 523 1148 586 quanam
1164 503 1292 584 (Miloni
1309 500 1379 582 ill).
1791 591 1796 601 Ι

156 619 319 696 permisit,
339 619 501 695 quatenus
525 617 688 678 instantes
713 616 754 677 ad
781 614 953 678 liberatio·
1045 608 1141 689 ΗΘΜΙ
1156 602 1239 664 Duci
1263 599 1451 662 Brobassi'lae
1472 595 1629 676 (ΗΘΜΪΘΟ
1645 596 1670 666 Ι,
1688 591 1800 653 00111111

155 732 232 778 nom
247 715 349 788 illius,
375 730 473 792 quam
489 714 600 792 posset
621 729 739 776 eruere
758 713 799 774 de
818 713 951 774 illorum
1005 699 1222 779 Antuerpiae).

156 813 310 874 manibus
325 813 396 874 solo
410 811 523 884 verbo,
534 812 631 889 juxta
643 811 787 888 proprIae
802 810 953 872 devotio-
1045 801 1135 862 Item
1156 796 1274 859 Comiii
1295 790 1578 858 Autissiodorensi
1601 787 1744 868 (Ervisio
1760 785 1800 847 llo

155 911 209 972 nis
221 909 387 983 affectum,
406 925 473 972 non
495 909 601 971 solum
621 925 757 970 suorum
779 909 950 986 peccami-
1006 889 1419 970 GiemahoetD0n21a00)·

129 1018 131 1021 ’
156 1025 236 1070 num
255 1008 399 1080 voiliam,
415 1023 531 1069 verum
551 1007 651 1068 etiam
674 1007 710 1068 in
733 1006 951 1068 retributione
1046 996 1136 1057 Item
1170 991 1296 1054 Simoni
1327 989 1367 1052 do
1396 986 1585 1058 Jorisvilla,
1616 981 1800 1046 senescallo

150 1107 319 1183 justorum
334 1105 508 1182 praemium
522 1105 723 1166 mereantur.
740 1105 780 1166 et
794 1104 951 1181 quoniam
1006 1089 1206 1167 Campani&

154 1219 224 1266 non
239 1204 290 1266 est
303 1202 445 1264 volentis
459 1217 567 1279 neque
582 1202 745 1264 currentis
762 1218 830 1263 suae
846 1201 951 1262 mise·
1046 1189 1135 1249 ΗΘΜ
1156 1184 1275 1248 Comifi
1298 1179 1530 1246 suessionensi
1550 1176 1739 1259 (eadulpbo
1755 1175 1800 1234 ΗῙ

153 1300 296 1362 rationis
320 1300 506 1370 clementia,
533 1316 608 1376 quae
626 1299 733 1374 tangit
755 1301 893 1370 monice,
919 1298 952 1359 et
1006 1281 1214 1363 deNigella).

152 1395 329 1472 fumigant,
344 1395 444 1456 coroa
459 1393 740 1456 soelrumexotat
754 1393 795 1454 ao
809 1393 951 1470 idipsum
1044 1384 1135 1444 nen
1154 1383 1254 1455 erog.
1289 1378 1329 1440 de
1357 1377 1461 1439 Merlo
1486 1376 1623 1454 (oreux,
1649 1370 1801 1433 Francis

152 1509 217 1554 sua
232 1491 464 1570 praeveniendo
479 1491 588 1568 gratia
607 1493 643 1552 ut
657 1490 829 1568 incipiant,
847 1493 879 1553 et
893 1505 953 1551 oa·
1005 1472 1278 1553 constabulario).

151 1591 230 1652 dem
254 1590 291 1650 ut
309 1588 483 1666 perficiant
502 1587 742 1666 prosequendo.
760 1589 839 1648 Cum
858 1603 948 1664 ergo,
1044 1576 1135 1636 ΗΘΜ
1156 1571 1326 1635 61181161Ῑο
1342 1570 1382 1631 (Η
1396 1567 1547 1630 AVOSssiS·

151 1685 264 1764 gratia
290 1685 403 1748 divina
418 1687 617 1764 praerentus,
638 1685 787 1746 affixeris
806 1684 872 1746 tuis
887 1684 952 1744 bu-
1045 1674 1134 1734 ΗΘΜ
1164 1669 1337 1732 ΒῙΘΘΠΗΙΜ
1363 1665 1614 1744 ΜΘΗΘΡῙΒΘΟΡΟ
1642 1660 1799 1741 (Amedeo

151 1784 257 1846 meris
281 1784 412 1860 signum
427 1783 536 1844 crucis
549 1783 591 1844 ad
606 1785 679 1860 ejus
693 1785 804 1844 Terrae
821 1783 950 1844 Sanctae
1005 1769 1045 1830 (Ῑθ
1062 1765 1261 1846 Tremelio)

152 1881 340 1942 subsidium
363 1881 585 1958 proiecturus,
609 1882 646 1942 ut
663 1881 831 1956 assumpto
847 1879 950 1941 calice
1042 1869 1134 1928 ΗΘΜ
1164 1863 1319 1929 ΒΘΜΘΘΘῙ
1348 1859 1598 1937 archiepiscopo
1634 1854 1800 1936 (ΑῙΗΘῙἨΟ

152 1979 296 2040 salutari
311 1978 476 2040 retribuas
490 1978 630 2039 Domino
640 1977 870 2053 temetipsum
887 1975 951 2036 mi-
1005 1963 1045 2026 de
1059 1961 1274 2042 Altovillari).
1759 2047 1766 2060 .

153 2091 273 2138 ramur
300 2075 579 2153 quamplurimum
608 2074 694 2152 quod
720 2089 828 2151 neque
855 2073 950 2134 bonae
1043 2062 1134 2122 ΗΘΜ
1153 2057 1393 2134 Burdesalssssi
1414 2053 1664 2130 archiepiscopo
1692 2047 1801 2128 (Gffll·

153 2173 325 2234 memoriae
345 2172 573 2234 innocentium
588 2187 706 2248 papam
721 2170 949 2248 praedecesso-
1004 2158 1103 2219 1θίΜο
1115 2153 1303 2234 Afflflssevii·

151 2286 225 2330 rem
246 2270 407 2338 nostrum,
433 2284 540 2346 neque
561 2284 622 2329 nos
641 2268 742 2346 ipsos,
759 2283 859 2344 super
873 2283 952 2343 pas-
1043 2256 1134 2318 ΗΘΜ
1155 2253 1316 2330 Eoi⁸00p0
1336 2246 1601 2326 petragoricensi
1620 2241 1800 2324 (Ramnul-

152 2367 248 2442 sagio
273 2368 308 2428 et
331 2366 493 2443 apparatu
521 2365 657 2427 navium
683 2363 864 2442 requisisti,
890 2377 950 2423 nec
1005 2352 1070 2430 pho
1085 2353 1125 2412 de
1144 2352 1194 2412 las
1208 2347 1341 2428 Totus)-
1589 2404 1591 2409 .

151 2464 279 2526 curasti
295 2479 461 2541 exponere
483 2463 560 2541 quid
577 2479 676 2539 super
690 2462 743 2523 his
757 2463 822 2523 tuae
838 2461 951 2522 sedeat
1044 2450 1134 2511 Item
1174 2447 1337 2526 Episcopo
1381 2441 1578 2506 Trecorensi
1620 2436 1800 2518 (oauirido

151 2561 317 2624 uoluntati
333 2578 407 2624 cum
422 2561 456 2621 in
465 2560 617 2637 generali
627 2559 774 2622 Concilio
789 2558 831 2620 ad
845 2559 952 2620 trans·
1005 2545 1114 2624 boin).

151 2658 343 2720 iretandum
360 2658 613 2720 determinatum
632 2657 951 2734 suerittempuscer·
1044 2645 1134 2704 ΗΘΜ
1166 2642 1327 2720 Episcopo
1355 2637 1531 2716 3310091181
1559 2633 1727 2716 (ROberiO
1760 2631 1800 2692 ‘¹0

151 2757 236 2818 tum.
261 2755 402 2834 expedit
433 2757 522 2818 enim
541 2757 575 2818 9
603 2771 643 2816 ac
670 2753 754 2815 anos
784 2753 950 2830 princqes
1004 2737 1171 2818 Ablesesl·
1677 2827 1683 2838 ,
1761 2826 1767 2836 ,

152 2852 402 2930 crucesignatos
437 2867 498 2930 per
528 2867 611 2930 quos
643 2851 812 2928 negotium
840 2851 949 2912 crucis
1043 2839 1256 2899 Irieumdem
1268 2837 1406 2896 modurn
1420 2830 1614 2910 quibusdam
1627 2827 1703 2888 aliis
1717 2841 1801 2902 opis·

153 2966 253 3028 posse
266 2949 413 3012 creditur
427 2946 625 3027 promoveri,
653 2948 701 3009 sic
716 2963 789 3008 esso
803 2947 947 3025 paratos,
1004 2934 1096 3012 0⁰1)is
1111 2931 1314 3009 Singulatim·

154 3049 191 3110 ut
206 3048 241 3108 in
258 3063 317 3110 ros
331 3047 488 3124 tanquam
500 3045 536 3106 in
551 3045 667 3106 cedros
684 3043 802 3105 Libani
823 3044 951 3122 possint
1383 3092 1386 3097 .

154 3145 252 3224 quasi
275 3159 430 3222 passeres
450 3142 623 3204 nidificare
644 3142 799 3215 minores,
825 3141 882 3219 qui
907 3140 949 3204 ad
1362 3109 1438 3196 XII

156 3242 287 3304 montes
302 3241 415 3304 oculos
437 3255 515 3302 suos
536 3239 658 3310 lerant,
674 3237 716 3300 ab
730 3239 779 3300 eis
801 3237 949 3300 divinum

155 3339 321 3402 auxilium
337 3339 577 3416 exspectantes.

197 3436 353 3499 Veientes
368 3438 471 3512 igitur
485 3437 577 3508 utin,
592 3436 687 3512 quasi
700 3435 835 3497 lucerna
851 3449 950 3510 super

157 3533 396 3596 candelabrum
419 3533 543 3611 posita,
566 3534 678 3594 lumen
701 3533 777 3594 aliis
800 3531 949 3609 praebeas
1293 3534 1395 3605 sang.
1413 3530 1492 3588 1116.

155 3648 218 3710 pel·
231 3631 429 3709 exemplum,
455 3631 660 3692 miniatem
681 3631 772 3694 tuam
794 3645 950 3706 rogamus
1051 3659 1161 3724 [negest.
1175 3655 1219 3706 lib.
1232 3656 1253 3718 l,
1263 3654 1336 3719 epist.
1349 3653 1389 3704 so.
1403 3655 1460 3703 lise.
1480 3653 1517 3704 La
1528 3652 1602 3702 Porto
1614 3647 1753 3709 scilicit]

153 3731 279 3792 attente
296 3730 329 3792 et
349 3743 532 3800 monemus,
553 3729 586 3789 et
599 3728 816 3790 exhortamur
831 3727 864 3788 in
879 3729 949 3787 Do·
1837 3775 1840 3780 .

153 3827 257 3900 mino,
282 3825 564 3888 inremissionem
579 3825 639 3887 tibi
654 3825 882 3902 peccaminum
897 3823 951 3884 in.
1004 3809 1107 3869 Abbati
1131 3809 1160 3868 S·
1183 3807 1270 3878 Petri,
1290 3805 1449 3864 succentori
1471 3805 1555 3870 oili.
1571 3803 1684 3860 Croton.
1708 3813 1796 3857 oilllo·

146 3924 328 4001 jungentes
376 3922 539 4000 quatenus
590 3921 677 3982 sicut
710 3921 764 3982 vi,
793 3919 936 3997 prudens
1039 3898 1104 3956 nico
1123 3894 1343 3956 carnotensibus
1357 3893 1508 3952 committit
1524 3891 1720 3948 definitionem
1742 3889 1800 3946 litis

152 4021 310 4083 constans
331 3969 369 4081 'et
395 3967 562 4091 strenuug’
592 4019 633 4078 ad
659 4017 806 4096 praesatae
839 3965 949 4078 Tomi
1041 3987 1112 4044 inter
1124 3983 1313 4044 boimundum
1326 3983 1462 4041 clericum
1474 3991 1502 4040 et
1516 3983 1550 4040 ll.
1560 3979 1595 4038 dc
1606 3978 1728 4039 blollena
1742 3978 1796 4034 mi·

151 4133 348 4180 succursum
372 4117 421 4178 sic
441 4117 592 4193 potenter
617 4117 649 4176 et
672 4115 815 4176 viriliter
835 4115 868 4176 te
887 4129 949 4175 ac·
1038 4076 1117 4133 mem
1139 4073 1384 4132 Aurelfflnenaem'

153 4213 281 4290 cingas,
301 4213 575 4275 transfretaturus
589 4212 625 4272 in
639 4211 794 4288 passagio
808 4211 843 4271 in
859 4226 949 4288 pre·
1043 4218 1211 4281 Honorius
1245 4217 1440 4294 episeopus,
1482 4227 1598 4274 servus
1627 4225 1799 4271 servorum

151 4310 223 4372 fato
243 4311 389 4372 Concilio
405 4309 558 4382 diffinito,
581 4309 615 4371 et
634 4309 745 4370 votum
761 4307 949 4369 redditurus
1004 4315 1075 4388 Dei,
1102 4314 1215 4376 abbati
1236 4313 1343 4376 sancti
1362 4311 1452 4373 Petri
1476 4307 1671 4380 senonensi,
1700 4306 1732 4368 et
1759 4309 1798 4367 R.

152 4407 294 4469 Domino
320 4407 407 4484 quod
432 4405 553 4468 vovisti
574 4428 582 4466 ε
609 4406 695 4483 quod
710 4404 864 4481 exemplo
891 4405 949 4466 tuo
1004 4413 1136 4474 craton.
1154 4409 1314 4470 canonico
1325 4406 1501 4468 carnoten.

152 4504 214 4566 alii
230 4503 366 4565 excitati
389 4502 431 4564 ad
454 4502 597 4579 idipsum
621 4501 740 4564 fortius
762 4501 951 4562 animentur
1044 4508 1191 4568 Dilectus
1210 4506 1299 4567 filius
1316 4503 1521 4566 Raimundus
1534 4501 1677 4563 clericus
1691 4515 1800 4576 expo·

152 4601 188 4663 et
200 4600 261 4663 tibi
275 4600 393 4662 exboc
408 4600 559 4661 cumulus
574 4601 707 4662 aeternae
722 4597 949 4660 retributionis
1005 4605 1071 4666 suit
1094 4619 1205 4666 eoram
1233 4603 1342 4674 nobis,
1368 4601 1454 4679 quod
1474 4617 1575 4678 quum
1596 4614 1709 4670 causa,
1726 4613 1800 4675 quae

152 4697 335 4760 accrescat·
351 4696 512 4773 Quicquid
536 4697 646 4757 autem
660 4711 760 4773 super
774 4695 827 4756 bis
839 4695 950 4757 iacere
1004 4701 1243 4764 vertiturinter
1255 4701 1377 4777 ipsum,
1394 4700 1427 4761 et
1439 4701 1479 4760 H.
1496 4698 1536 4759 de
1550 4698 1695 4758 Mollena
1710 4695 1801 4756 mili-

153 4793 358 4872 disposueris
370 4793 423 4854 vel
432 4792 556 4856 videris
569 4793 736 4870 expedire,
747 4792 841 4854 nobis
853 4792 950 4869 plano
1004 4799 1070 4860 lem
1102 4798 1318 4861 Aurelianen.
1352 4796 1505 4859 dioecesis
1536 4811 1636 4872 super
1659 4793 1801 4871 quadam

152 4892 221 4956 tuis
248 4891 367 4953 litteris
392 4906 460 4951 non
481 4889 616 4952 differas
639 4889 806 4951 intimare.
831 4890 949 4951 Datum
1003 4898 1105 4969 terra,
1130 4895 1331 4968 molendino,
1350 4894 1512 4966 domibus,
1529 4893 1644 4969 pratis,
1661 4890 1803 4952 nemori·

154 4987 298 5060 Perusii,
315 4989 375 5048 Vll
389 4987 463 5048 idus
477 4987 628 5064 Augusti,
642 5003 729 5048 anno
740 4987 950 5064 pontificatus
1004 4993 1077 5066 bus,
1093 4994 1126 5054 et
1142 4993 1241 5054 rebus
1254 4991 1342 5064 aliis,
1359 4991 1490 5052 dilectis
1505 4990 1584 5051 liliis
1608 4991 1648 5049 Η.
1673 4988 1713 5049 de
1736 4989 1803 5048 Fo-

153 5085 262 5148 nostri
276 5084 394 5162 primo.
1004 5091 1084 5152 lieto
1099 5090 1133 5151 et
1147 5087 1379 5166 conjudicibus
1394 5087 1464 5148 suis
1485 5086 1654 5147 canonicis
1675 5087 1804 5146 Carno-

1004 5185 1071 5246 ten.
1097 5183 1177 5244 olim
1195 5181 1298 5244 fuerit
1315 5181 1477 5257 delegata,
1496 5181 1530 5242 et
1550 5180 1614 5242 duo
1636 5195 1679 5240 ex
1700 5179 1800 5254 ipsis,

195 5284 241 5342 In
275 5282 431 5342 eumdem
470 5281 611 5340 wmdztm
638 5279 756 5342 Comiti
792 5278 951 5340 Marciliae
1006 5279 1162 5359 quoniam
1174 5279 1293 5340 tertius
1303 5279 1392 5340 viam
1405 5277 1506 5339 luerit
1516 5277 1679 5339 universae
1691 5276 1802 5336 carnis

155 5376 304 5457 (Hugoni
333 5377 378 5436 lX
403 5374 444 5436 de
470 5371 671 5453 beriniaco),
703 5376 736 5436 et
756 5375 951 5452 quibusdam
1007 5380 1189 5454 ingressus,
1213 5375 1484 5451 cognitis-cause
1504 5373 1631 5436 meritis
1651 5373 1804 5434 diillniti-

1043 3304 1092 3370 nd
1113 3308 1267 3369 abbatem
1281 3308 1316 3368 s.
1339 3306 1452 3376 Petri,
1473 3302 1707 3364 succentorem
1727 3301 1759 3360 et

1183 3407 1224 3465 R.
1239 3404 1379 3465 Croton.
1397 3403 1611 3488 sorbonicum,

154 5474 233 5536 aliis
262 5473 427 5535 nobilibus
453 5471 693 5548 crucesignatis
729 5487 788 5548 per
813 5489 952 5550 regnum
1006 5492 1081 5538 vam
1102 5473 1300 5536 sententiam
1317 5472 1515 5552 protulerint
1533 5487 1593 5549 pro
1615 5472 1750 5534 eodem:
1767 5472 1802 5533 in
1922 5473 1926 5482 ’

156 5571 308 5633 Franciae
323 5569 517 5633 constitutis.
989 5571 1182 5652 ,praelatum
1199 5571 1338 5634 militem
1358 5587 1394 5633 so
1413 5571 1510 5634 dictae
1531 5571 1704 5633 sententiae
1721 5586 1803 5632 con-
