4234 6442
170 276 231 339 eos
269 227 271 232 ⁸
794 268 1021 351 nrrsvonn.
1046 267 1123 344 nm,
1148 267 1188 328 n.
1762 273 1820 336 qq

212 432 373 496 Effectum
384 429 476 510 justa
489 425 734 506 postulantibus
747 425 921 502 indulgere
936 427 970 488 et
1023 425 1171 504 quolibet
1196 439 1439 500 successorum,
1460 427 1574 491 nullus
1600 428 1646 490 ibi
1675 430 1823 508 qualibet

171 531 269 607 vigor
281 527 456 606 aequitatis
469 525 591 588 etordo
604 524 709 600 exigit
720 523 873 588 rationis.
888 539 970 600 prae·
1024 523 1248 600 subreptionis
1288 523 1410 586 astutia
1440 541 1500 586 seu
1535 526 1695 590 violentia
1734 544 1824 605 prae·

174 628 289 690 sertim
317 625 449 704 quando
484 622 666 700 petentium
700 621 905 683 voluntatem
938 621 971 682 et
1024 619 1176 697 ponatur,
1191 620 1258 682 nisi
1284 636 1381 698 quem
1406 620 1527 683 iratres
1551 625 1718 684 communi
1740 641 1822 686 con-

174 725 282 802 pletas
298 721 433 800 adjuvat
447 722 480 783 et
493 720 619 782 veritas
630 734 696 780 non
715 718 883 796 relinquit.
900 720 969 779 lla-
1026 732 1138 790 sensu,
1151 717 1204 779 vel
1216 717 1356 778 fratrum
1366 721 1475 796 major
1485 736 1562 796 pars
1574 721 1705 782 consilii
1715 723 1824 784 sanio-

175 821 319 899 propter,
337 819 450 882 dilecti
464 817 643 880 innomine
658 816 731 888 illii,
744 816 865 877 vestris
870 815 969 893 justis
1024 814 1071 876 ris
1091 814 1273 876 secundum
1282 817 1384 877 Deum
1400 817 1606 894 providerint
1621 818 1821 894 eligendum.

174 916 453 994 postulationibus
469 914 650 977 clementer
664 913 852 983 annuimus,
869 913 902 974 et
916 913 969 972 ie·
1025 912 1242 973 Decernimus
1255 928 1345 989 ergo,
1354 914 1391 974 ut
1405 915 1490 975 nulli
1505 915 1640 976 omnino
1651 916 1823 978 hominum

175 1014 251 1075 licis
263 1012 504 1075 recordationis
518 1010 699 1072 Alexandri
717 1011 750 1072 et
771 1009 864 1070 Lucii
880 1023 970 1085 prae·
1025 1007 1070 1070 sit
1094 1008 1144 1070 ias
1168 1009 1339 1087 praelatam
1352 1010 1527 1073 ecclesiam
1546 1012 1671 1074 temere
1686 1015 1821 1090 pertur-

175 1111 387 1173 decessorum
404 1110 592 1172 nostrorum
616 1110 839 1170 Romanorum
855 1106 972 1168 Ponti·
1024 1105 1115 1178 bare,
1148 1109 1206 1168 aut
1234 1110 1306 1185 ejus
1328 1109 1556 1184 possessiones
1588 1109 1732 1180 auferre,
1768 1112 1823 1172 vel

175 1209 273 1270 ficum
323 1207 474 1284 vestigiis
523 1206 749 1277 inherentes,
799 1203 970 1283 praelatam
1025 1203 1154 1265 ablatas
1169 1205 1326 1274 retinere,
1352 1207 1513 1277 minnere,
1539 1222 1599 1268 seu
1622 1207 1825 1284 quibuslibet

175 1306 351 1368 ecclesiam
377 1305 484 1366 sancti
507 1303 639 1380 Agnelli
665 1303 706 1364 de
734 1301 912 1374 Guarcino,
935 1301 970 1363 in
1025 1301 1259 1363 vexationibus
1285 1302 1439 1379 fatigare,
1467 1303 1524 1366 sed
1552 1305 1664 1365 omnia
1693 1305 1824 1382 integra

174 1419 239 1481 qua
259 1403 372 1465 divino
396 1401 578 1479 mancipati
607 1401 688 1463 estis
713 1399 883 1477 obsequio,
910 1395 970 1460 sub
1026 1400 1267 1461 conserventur
1282 1415 1408 1473 eorum,
1421 1416 1481 1476 pro
1498 1417 1639 1478 quorum
1656 1402 1825 1478 guberna·

173 1497 263 1562 beati
272 1500 373 1576 Petri,
381 1501 415 1562 et
422 1499 536 1561 nostra
545 1498 749 1576 protectione
759 1497 969 1573 suscipimus,
1024 1496 1127 1569 tione,
1140 1513 1179 1558 ac
1189 1497 1429 1560 sustentatione
1444 1513 1600 1560 concessa
1612 1500 1699 1573 sunt,
1710 1499 1824 1562 usibus

176 1598 211 1659 et
224 1597 400 1675 praesentis
408 1597 524 1674 scripti
535 1595 709 1672 privilegio
719 1594 969 1657 communimus.
1026 1595 1822 1674 omnimodisprofutura,salvaSedisApostolicae

177 1695 377 1765 statuentes,
409 1695 445 1757 ut
477 1709 702 1772 quascumque
729 1692 969 1771 possessiones,
1026 1692 1235 1754 auctoritate.
1253 1692 1288 1753 Si
1309 1709 1373 1769 qua
1385 1693 1531 1769 igiturin
1542 1692 1689 1756 futurum
1711 1694 1823 1756 eccle-

174 1807 390 1870 quaecumque
409 1791 497 1854 bona
524 1791 640 1853 eadem
664 1790 807 1852 ecclesia
831 1791 865 1852 in
885 1805 974 1868 prae-
1027 1789 1163 1850 siastica
1190 1789 1564 1868 saecularisvepersona
1591 1792 1677 1852 hanc
1698 1791 1822 1853 nostrae

172 1888 357 1950 sentiarum
372 1889 406 1950 et
415 1889 506 1967 juste
518 1889 551 1952 et
563 1889 723 1950 canonice
738 1887 894 1964 possidet,
915 1887 974 1948 aut
1027 1886 1272 1948 constitutionis
1287 1887 1443 1964 paginam
1458 1888 1604 1950 scienter
1617 1888 1734 1950 contra
1750 1904 1823 1950 eam

170 1986 210 2047 in
225 1985 373 2049 futurum
392 1985 607 2048 concessione
633 1985 842 2056 Pontificum,
863 1983 971 2058 largi·
1026 1984 1152 2046 temere
1165 1985 1280 2045 venire
1295 1985 1484 2056 tentaverit,
1501 1985 1647 2046 secundo
1660 1985 1826 2062 tertioque

171 2083 267 2146 tione
281 2097 397 2159 regum
412 2082 466 2145 vel
481 2083 680 2160 principum,
701 2080 869 2143 oblatione
889 2079 973 2140 ilde-
1027 2082 1238 2152 commonita,
1264 2081 1332 2142 nisi
1355 2084 1485 2144 reatum
1501 2097 1598 2143 suum
1611 2081 1711 2158 digna
1731 2082 1827 2143 satis·

172 2181 276 2253 lium,
309 2196 370 2242 seu
400 2180 476 2242 aliis
508 2180 609 2258 justis
642 2178 764 2250 modis,
794 2177 972 2255 praestante
1027 2177 1171 2240 factione
1193 2178 1388 2250 correxerit,
1411 2179 1598 2256 potestatis
1621 2179 1825 2256 honorisque

100 2317 103 2322 -
171 2279 326 2351 Domino,
340 2278 462 2356 poterit
489 2277 640 2354 adipisci,
662 2276 758 2338 firma
774 2274 879 2347 vobis,
894 2290 973 2337 ves·
1028 2276 1081 2336 sui
1094 2275 1256 2352 dignitate
1271 2276 1395 2345 careat,
1415 2277 1448 2337 et
1463 2292 1484 2337 a
1508 2277 1736 2339 sacratissimo
1751 2291 1823 2338 cor-

171 2373 733 2454 trisquesuccessoribusetillibata
742 2373 970 2450 permaneant.
1029 2388 1109 2449 pore
1124 2374 1156 2434 et
1170 2373 1334 2448 sanguine
1345 2373 1405 2434 Dei
1415 2373 1448 2434 et
1463 2374 1694 2452 Redemptoris
1714 2373 1824 2436 nostri

174 2476 218 2533 In
247 2471 365 2548 quibus
394 2471 465 2533 haec
498 2471 643 2548 propriis
672 2470 826 2530 duximus
855 2469 972 2545 enpri-
1028 2472 1108 2531 lesu
1122 2469 1245 2530 Christi
1271 2469 1382 2531 aliena
1406 2469 1825 2546 essetquamquam

172 2567 488 2632 mendavocabulis.
504 2570 626 2630 Locum
639 2567 759 2645 ipsum,
770 2567 878 2643 inquo
891 2581 975 2642 prae-
1028 2565 1183 2626 examine
1197 2564 1356 2627 districtae
1367 2565 1486 2626 ultioni
1499 2566 1678 2643 subjaceat.
1692 2567 1826 2630 Cunctis

171 2666 245 2730 fata
260 2665 402 2729 ecclesia
421 2665 486 2726 sita
504 2667 565 2737 est,
590 2681 664 2726 cum
689 2663 842 2726 omnibus
865 2662 972 2740 perti-
1029 2664 1140 2724 aulem
1153 2663 1261 2724 eidem
1282 2662 1355 2726 loco
1379 2679 1440 2724 sua
1459 2665 1536 2740 jnra
1556 2664 1767 2726 servantibus
1782 2664 1826 2726 sit

171 2764 303 2826 nentiis
316 2763 397 2836 suis,
414 2761 500 2824 sicut
513 2763 549 2823 in
571 2761 704 2839 publico
720 2761 974 2822 instrumentoa
1029 2775 1095 2836 pax
1106 2760 1239 2822 Domini
1254 2761 1361 2822 nostri
1375 2763 1456 2823 lesu
1469 2760 1604 2834 Christi,
1620 2761 1783 2839 quatenus
1793 2762 1827 2824 et
1870 2749 1873 2754 ’

170 2859 272 2924 vobis
307 2859 393 2922 lacto
430 2859 628 2922 continetur.
668 2857 855 2919 oratorium
885 2855 973 2918 beati
1030 2857 1085 2918 hic
1110 2857 1253 2919 fructum
1282 2857 1377 2919 bonae
1399 2859 1541 2919 actionis
1567 2859 1768 2936 percipiant,
1794 2859 1829 2920 et

168 2963 276 3022 Lucae
291 2959 327 3020 in
342 2958 426 3036 pede
450 2957 572 3020 montis
594 2957 694 3018 situm
709 2973 783 3017 cum
802 2956 975 3033 pertinen·
1029 2954 1116 3032 apud
1142 2955 1329 3017 districtum
1355 2953 1504 3033 jndicem
1527 2957 1666 3032 praemia
1693 2957 1827 3020 aeternae

170 3057 233 3121 tiis
259 3057 340 3117 suis.
360 3055 477 3116 casale
498 3055 538 3116 de
561 3055 672 3131 Sylva,
694 3052 920 3116 molendinum
936 3053 973 3114 in
1028 3052 1121 3128 pacis
1135 3051 1317 3114 inveniant.
1335 3055 1451 3114 Amen.
1468 3055 1583 3114 Amen.

173 3153 315 3218 flumine
334 3153 421 3231 quod
444 3152 566 3214 dicitur
592 3153 687 3224 Cosa,
711 3165 786 3212 cum
808 3150 970 3224 domibus,
1068 3152 1136 3226 Ego
1155 3150 1335 3223 Honorius,
1352 3149 1531 3212 Catholicae
1556 3149 1713 3212 Ecclesiae
1737 3151 1828 3229 epis-

172 3251 311 3324 hortis,
348 3251 381 3313 et
414 3250 533 3312 horum
569 3249 716 3311 omnium
748 3249 971 3326 pertinentiis.
1029 3263 1142 3323 copus.

171 3355 281 3414 Terra
300 3349 335 3410 in
357 3348 513 3411 Niviano.
527 3350 630 3409 Terra
648 3348 683 3409 in
702 3348 847 3408 Vareno.
869 3348 974 3407 Terra
1069 3346 1136 3420 ligo
1161 3343 1335 3415 Robertus,
1360 3343 1510 3406 ecclesiae
1532 3345 1639 3406 saneti
1666 3344 1827 3421 Stephani

173 3450 210 3510 in
250 3449 389 3523 Pajano.
420 3448 523 3506 Terra
550 3445 585 3504 in
616 3443 770 3504 cortinis.
805 3445 910 3503 Terra
939 3443 974 3503 in
1029 3441 1065 3501 in
1081 3440 1184 3501 Goelio
1199 3441 1311 3502 monte
1323 3440 1498 3517 presbyter
1512 3440 1706 3502 cardinalis.

174 3543 391 3620 Pratolongo.
422 3543 525 3602 Terra
556 3541 591 3601 in
624 3539 773 3602 Gultivis.
803 3538 975 3617 Hospitale
1070 3539 1138 3614 Ego
1152 3537 1515 3615 Stephanus,Basilicae
1529 3539 1593 3597 XII
1602 3535 1828 3613 apostolorum

175 3641 265 3721 quod
287 3639 338 3701 est
360 3637 420 3700 sub
437 3639 547 3699 castro
561 3637 710 3706 vaccini,
727 3647 801 3698 cum
821 3635 974 3698 omnibus
1030 3631 1204 3711 presbyter
1220 3633 1412 3695 cardinalis.

175 3751 252 3817 quae
272 3735 319 3798 ibi
341 3733 528 3813 possidetis,
542 3733 670 3805 vineas,
691 3733 884 3810 canapinas,
906 3733 977 3794 ter·
1070 3733 1138 3807 Ego
1154 3730 1345 3806 Gregorius,
1361 3730 1450 3793 tituli
1466 3732 1500 3791 S.
1522 3729 1709 3793 Anastasia
1732 3746 1829 3808 pres-

175 3851 246 3908 ras,
263 3834 389 3906 domos,
407 3831 533 3902 hortos,
551 3830 585 3892 et
596 3831 718 3892 cetera
738 3845 811 3907 quae
831 3829 874 3890 ad
888 3829 976 3890 idem
1031 3827 1327 3906 hyiercardinalis.

177 3931 346 4008 hospitale
369 3927 613 3991 rationabiliter
638 3927 805 4004 pertinere
826 3942 974 3988 noscun-
1071 3927 1139 4002 Ego
1154 3926 1273 3999 (luido,
1289 3925 1516 3988 Praenestinus
1530 3926 1719 4004 episcopus.

175 4031 244 4092 tur.
268 4029 382 4090 Liceat
405 4041 535 4104 quoque
555 4024 650 4088 vobis
672 4025 823 4098 clericos,
841 4024 897 4088 vel
911 4023 978 4086 lai·
1070 4026 1139 4100 Ego
1154 4024 1321 4100 Pelagius,
1337 4023 1536 4085 albanensis
1557 4023 1744 4100 episcopus.

178 4142 237 4189 cos
265 4142 283 4188 e
312 4124 436 4186 saeculo
464 4123 645 4200 fugientes,
673 4123 796 4184 liberos
818 4123 851 4184 et
878 4120 978 4184 abso·
1070 4123 1139 4198 Ego
1152 4122 1282 4194 Petrus,
1298 4107 1430 4182 Sabinae
1446 4121 1633 4197 episcopus.

176 4224 267 4286 lutos
291 4223 331 4285 ad
347 4223 599 4284 conversionem
620 4221 782 4298 recipere,
808 4221 841 4282 et
864 4235 921 4282 eos
941 4221 977 4281 in
1070 4217 1267 4295 EgoGuido,
1284 4219 1316 4278 S.
1331 4216 1463 4279 Nicolai
1477 4217 1659 4278 incarcere
1673 4215 1828 4279 Tulliano

176 4323 289 4385 vestro
302 4319 443 4396 collegio
454 4318 577 4398 absque
588 4318 853 4380 contradictione
863 4317 976 4396 aliqua
1031 4317 1193 4378 diaconus
1207 4314 1400 4376 cardinalis.

176 4421 335 4483 relinere.
346 4418 596 4488 chrismavero,
606 4417 716 4478 oleum
730 4417 892 4488 sanctum,
902 4431 978 4478 con·
1072 4415 1140 4490 Ego
1156 4411 1348 4489 Gregorius,
1359 4413 1392 4472 S.
1404 4410 1571 4473 Theodori
1585 4409 1745 4472 diaconus
1761 4426 1832 4472 car·

178 4517 383 4580 sacrationes
396 4515 565 4602 altarium,
576 4529 636 4576 seu
650 4513 877 4586 basilicarum,
891 4513 979 4574 ordi·
1032 4511 1165 4572 dinalis.

179 4615 333 4676 nationes
347 4614 555 4685 clericorum,
571 4612 628 4691 qui
651 4611 693 4672 ad
713 4627 826 4673 sacros
842 4611 977 4672 ordines
1071 4611 1139 4685 Ego
1154 4607 1354 4685 Stephanus,
1366 4608 1397 4667 S.
1412 4605 1576 4668 Hadriani
1587 4605 1749 4668 diaconus
1762 4623 1833 4669 car·

180 4710 303 4772 luerint
315 4709 575 4788 promovendi,a
591 4709 779 4771 dioecesano
787 4708 977 4787 suscipietis
1032 4705 1166 4768 dinalis.

181 4807 347 4884 episcopo,
373 4807 402 4868 si
426 4806 557 4884 quidem
593 4806 777 4869 catholicus
805 4805 917 4879 luerit,
945 4807 978 4868 et
1072 4807 1141 4881 Ego
1154 4802 1412 4873 alebrandinus,
1428 4803 1461 4863 S.
1477 4801 1648 4864 Eustachii
1670 4803 1831 4864 diaconus

182 4903 323 4981 gratiam
351 4904 449 4980 atque
480 4905 745 4966 communionem
777 4902 977 4981 Apostolicae
1033 4901 1224 4964 cardinalis.

183 5000 277 5064 Sedis
287 4999 452 5071 habuerit,
469 5000 552 5061 etea
566 4999 660 5061 vobis
672 5001 788 5077 gratis,
805 5002 839 5063 et
853 5000 978 5077 absque
1073 4999 1191 5060 Datum
1205 4995 1375 5058 Ferentini
1395 5011 1456 5072 per
1470 5011 1603 5056 manum
1620 4995 1772 5057 Rainerii
1794 4998 1826 5058 S.

173 5099 347 5179 pravitate
359 5096 471 5174 aliqua
485 5096 631 5159 voluerit
640 5097 814 5170 exhiber03
828 5097 977 5174 alioquin
1033 5098 1073 5158 R.
1104 5098 1140 5155 Ε.
1165 5093 1447 5164 vicecancellarii,
1467 5094 1527 5152 vll
1548 5091 1710 5154 kalendas
1734 5094 1830 5154 octo-

183 5198 283 5261 liceat
306 5194 400 5258 vobis
420 5209 660 5272 quemcumque
680 5193 865 5255 malueritis
884 5194 978 5256 adire
1033 5193 1114 5265 bris,
1144 5191 1259 5252 indict.
1293 5192 1348 5262 VI,
1375 5189 1619 5251 incarnationis
1648 5190 1830 5252 Dominicae

183 5295 376 5365 antistitem,
388 5293 444 5370 qui
463 5291 621 5352 nimirum
637 5292 751 5353 nostra
773 5289 875 5352 initus
897 5307 980 5353 auc·
1033 5305 1121 5352 anno
1135 5289 1224 5360 1217,
1239 5287 1450 5366 pontificatus
1474 5301 1554 5349 vero
1575 5287 1700 5350 domini
1716 5289 1833 5350 Hono-

183 5393 325 5465 toritate,
338 5390 424 5469 quod
438 5389 626 5467 postulatur
638 5387 819 5465 indulgeat.
829 5388 978 5450 obeunte
1033 5389 1076 5450 rii
1089 5403 1182 5466 papae
1195 5389 1241 5448 Ill
1256 5401 1344 5449 anno
1355 5383 1511 5448 secunde.

184 5505 261 5554 vero
271 5491 314 5564 te,
324 5505 412 5553 nunc
424 5487 572 5566 ejusdem
582 5485 647 5550 loci
653 5485 776 5564 priore,
784 5487 837 5549 vel
846 5488 978 5550 tuorum
