4200 6404
332 315 392 378 183
791 311 970 375 HONORII
985 313 1031 374 111
1047 313 1195 374 OPERA.
1218 342 1259 359 -
1280 313 1514 378 SERMONES.
1929 321 1990 382 lsi

333 473 455 557 (Galat.
471 488 518 548 v1,
535 443 662 554 10).'1n
687 471 826 550 probata
839 471 1050 546 discretione,
1067 487 1127 551 per
1162 435 1164 442 Ι
1180 471 1303 548 tibilim
1318 475 1488 552 tamquam
1503 470 1658 538 scintillae
1670 492 1731 554 per
1747 471 1990 552 subtilitatem,

332 587 431 652 quam
451 571 575 635 bonum
596 586 678 648 opus
700 572 790 633 recte
813 570 1059 644 discernamus,
1083 585 1126 632 ne
1180 570 1437 651 discurrentper
1450 573 1645 651 agilitatem.
1662 575 1732 638 Has
1747 577 1897 654 quatuor
1915 593 1994 656 pro·

331 671 494 734 tortenon
510 670 553 732 sit
567 672 634 732 Deo
650 668 875 746 acceptumst
890 669 1124 732 dateumvana
1181 667 1337 747 prietates
1352 670 1530 748 glorificati
1546 674 1694 751 corporis
1710 675 1744 734 ln
1764 665 1993 752 argumentass

331 769 450 846 gloria,
466 767 607 831 velcum
622 765 777 844 adJuncta
795 766 932 828 malitia.
950 767 1044 829 Unde
1058 770 1126 830 Do-
1179 767 1303 829 tionem
1326 767 1446 830 iuturae
1474 770 1727 846 glorificationis
1753 774 1787 834 et
1815 773 1852 835 in
1876 790 1989 836 carne

330 871 441 932 minus
456 867 497 927 ad
513 865 594 928 Cain
609 887 616 926 ι
633 868 670 928 Si
685 864 777 926 recte
792 865 930 940 offeras,
949 880 1017 927 aaa
1032 866 1125 929 recte
1180 865 1312 926 mortali
1323 865 1474 928 Christus
1488 868 1633 930 ostendit
1646 869 1832 932 claritatem
1843 872 1990 948 quando

331 969 449 1030 autem
471 969 616 1037 dividas,
640 963 799 1038 peccasti.
822 964 922 1025 Recte
937 963 1122 1038 offerimus,
1180 976 1215 1022 se
1240 963 1476 1040 tranfiguravit
1500 965 1536 1025 in
1564 966 1675 1028 monte
1704 968 1737 1029 et
1768 968 1992 1044 resplenduit

331 1064 462 1144 qnando
476 1063 691 1139 honumopus
707 1060 866 1136 iacimus;
883 1061 939 1122 sed
955 1078 1022 1122 non
1035 1063 1125 1124 recte
1179 1058 1283 1120 iacies
1304 1063 1376 1138 ejus
1396 1061 1483 1123 sicut
1506 1062 1571 1138 sol;
1596 1060 1822 1137 subtilitatem,
1847 1065 1992 1143 quando

331 1161 520 1235 dividimus,
532 1161 561 1221 si
581 1175 648 1221 non
665 1158 807 1220 discrete
825 1158 907 1220 illud
929 1159 1123 1236 cogitamus,
1181 1155 1293 1218 clauso
1303 1157 1475 1234 signaculo
1485 1157 1644 1235 virginali
1657 1161 1825 1240 tamquam
1837 1179 1993 1240 sponsus

331 1261 409 1340 quia
422 1257 720 1337 saepeputathomo
734 1256 989 1329 iacerehonum,
1002 1257 1126 1321 etfacit
1180 1253 1342 1330 processit
1369 1255 1410 1317 de
1431 1255 1579 1318 thalamo
1601 1273 1678 1332 suo;
1700 1259 1889 1334 agilitatem
1915 1261 1992 1323 sive

330 1358 468 1433 malum;
485 1372 573 1434 saepe
592 1355 672 1418 iacit
687 1354 810 1416 honum
835 1353 868 1416 et
891 1371 934 1416 ex
948 1355 1014 1416 alia
1032 1356 1125 1433 parte
1180 1350 1722 1432 levitatemquandosuperaquam
1738 1355 1826 1419 sicco
1837 1358 1993 1434 vestigio

328 1453 410 1518 iacit
431 1453 566 1516 malum.
591 1454 632 1514 nt
656 1451 702 1515 ita
731 1451 803 1529 ipse
827 1450 970 1514 aedificat
994 1453 1027 1514 ot
1053 1452 1125 1530 ipso
1180 1450 1411 1526 pertransirit3
1425 1451 1738 1529 impassibilitatem,
1755 1455 1893 1533 quando
1912 1471 1994 1518 cor-

329 1547 481 1618 destruit.
498 1549 592 1612 Unde
614 1548 888 1611 Ecclesiasticus:
908 1552 1000 1612 Unus
1012 1551 1124 1624 adist-
1180 1561 1241 1623 pus
1256 1545 1290 1609 et
1305 1547 1501 1625 sanguinem
1515 1565 1611 1611 suum
1630 1551 1666 1612 in
1688 1567 1782 1613 coena
1803 1551 1993 1630 discipulis

329 1665 413 1714 cans
427 1649 461 1711 et
473 1645 563 1710 diter
577 1646 769 1708 destruetis.
779 1649 1008 1719 Gaiamoocem
1020 1663 1126 1710 emam
1180 1643 1307 1718 tribuit,
1322 1645 1472 1722 quamvis
1488 1645 1703 1710 evidentioris
1725 1649 1883 1711 miraculi
1908 1649 1992 1714 iue-

330 1743 1123 1822 aieinommassUndeotiamheatusarsgorius:
1179 1741 1234 1815 rit,
1251 1741 1281 1802 si
1302 1742 1374 1804 haec
1398 1743 1471 1805 sine
1492 1743 1560 1807 illis
1584 1745 1715 1807 dotibus
1738 1745 1879 1810 aiebat:
1900 1749 1991 1809 Ful-

329 1849 483 1908 ‹Bonum
498 1859 578 1921 ergo
600 1858 682 1921 opus
697 1839 794 1903 nobis
808 1841 853 1903 sit
870 1843 906 1904 in
917 1842 1125 1905 voluntate.»
1180 1838 1303 1917 gehunt
1316 1842 1433 1915 sancti,
1449 1843 1482 1904 et
1494 1843 1592 1905 erunt
1605 1842 1723 1920 fulgidi
1737 1845 1773 1906 in
1788 1861 1938 1923 corpore
1954 1846 1988 1909 et

369 1944 454 2005 Nam
465 1959 508 2004 ex
527 1939 640 2003 divino
663 1939 829 2018 adjntorio
853 1939 916 2002 erit
939 1941 974 2001 in
997 1940 1127 2018 perseo-
1180 1937 1304 1999 anima.
1320 1939 1406 2000 Nam
1419 1939 1459 2000 de
1474 1939 1603 2016 fulgore
1616 1942 1764 2019 corporis
1780 1943 1859 2005 dicit
1879 1947 1992 2020 Apos-

329 2041 432 2105 tione.
449 2042 529 2102 Haec
548 2039 689 2116 quatuor
705 2036 852 2100 breviter
874 2025 1126 2116 comprehendit
1179 2035 1268 2096 tolus
1301 2056 1309 2098 ι
1344 2037 1550 2099 salvatorem
1585 2042 1837 2116 expectamus...
1869 2043 1916 2102 Et
1953 2042 1989 2103 in

328 2139 506 2216 Apostolus
521 2158 528 2198 ε
546 2140 689 2200 Obsecro
704 2151 764 2198 oos
774 2140 1125 2212 pei-miscricordiam
1180 2132 1359 2210 Evangelio
1372 2134 1576 2211 :Fulgobunt
1583 2136 1760 2213 justisicut
1771 2137 1861 2200 solin
1871 2154 1988 2215 regno

328 2239 404 2310 Det,
421 2237 460 2297 at
473 2237 664 2298 emittentis
678 2249 826 2310 corpora
840 2235 959 2297 vestra
977 2235 1126 2297 bostiam
1180 2232 1289 2293 Patris
1300 2232 1376 2293 mei.
1392 2232 1483 2304 Quod
1496 2249 1666 2313 exponens
1681 2236 1887 2312 Augustinus
1905 2237 1958 2299 ait
1976 2259 1985 2298 z

328 2335 516 2406 viventem,
530 2333 699 2404 sanctam,
715 2335 786 2394 Deo
795 2333 999 2407 placentem,
1015 2333 1126 2395 ratio-
1179 2329 1338 2392 «coloris
1353 2329 1489 2392 claritas
1509 2331 1633 2410 quanta
1654 2333 1719 2394 erit
1730 2334 1766 2394 in
1781 2335 1986 2412 corporibus

331 2434 442 2493 manile
461 2433 658 2505 obsecutam
687 2430 844 2493 vestram
867 2427 976 2508 (Rom.
1001 2445 1063 2499 xri,
1078 2429 1122 2510 1).
1179 2427 1370 2500 electorum,
1386 2429 1518 2507 quando
1533 2431 1616 2507 justi
1633 2429 1805 2506 fulgebunt
1823 2432 1917 2495 siout
1933 2433 1986 2495 sol

328 2527 480 2591 Hostiam
510 2527 677 2589 viventem
704 2527 740 2588 in
763 2527 874 2589 carnis
887 2527 1122 2602 maceratione,
1179 2525 1214 2586 in
1244 2541 1348 2603 regno
1376 2527 1485 2588 Patris
1514 2543 1647 2603 eorum,
1673 2545 1747 2608 quae
1773 2530 1915 2612 claritas
1947 2531 1986 2592 in

328 2625 477 2688 sanctam
491 2625 525 2685 ln
537 2625 700 2694 castitate,
710 2628 778 2687 Deo
793 2625 977 2703 placentem
988 2625 1023 2686 in
1038 2625 1124 2688 bono
1180 2623 1302 2686 Christi
1309 2627 1659 2703 corporeresurgentis
1670 2627 1864 2691 abscondita
1872 2628 1985 2691 inisse

327 2739 437 2803 opere,
448 2722 646 2786 rationabile
659 2723 852 2802 obsequium
862 2724 898 2785 in
910 2723 1122 2786 discretione.
1181 2722 1289 2799 potius
1318 2739 1417 2800 quam
1431 2722 1588 2787 'defuisse
1614 2724 1780 2788 credenda
1803 2727 1864 2788 est.
1889 2745 1912 2788 s
1938 2730 1985 2790 De

369 2823 526 2900 Sequitur
563 2822 604 2883 de
639 2822 756 2898 gloria.
787 2822 900 2884 Gloria
935 2823 1125 2884 sanctorum
1181 2819 1332 2882 claritate
1352 2837 1433 2884 vero
1453 2823 1574 2884 animae
1592 2822 1673 2886 dicit
1690 2826 1835 2886 ioannes
1859 2847 1867 2887 ε
1895 2829 1985 2888 Cam

327 2919 535 3000 quadruplex
545 2920 606 2992 est,
620 2918 797 2982 sicutdioit
806 2920 965 2982 Dominus
975 2920 1010 2981 in
1021 2923 1126 2981 Evan-
1179 2919 1395 2994 apparuerit,
1415 2922 1545 2982 similes
1562 2923 1595 2982 et
1615 2924 1759 2994 eripitis,
1781 2925 1863 2996 pata
1883 2926 1988 2985 oide-

326 3017 414 3095 gelio
438 3037 446 3078 ι
469 3019 672 3080 Mansuram
688 3021 810 3081 bonam
824 3019 859 3080 et
878 3019 1072 3094 consertam
1092 3018 1126 3080 et
1181 3018 1291 3077 dimas
1303 3030 1383 3078 eam
1400 3017 1503 3079 stcatt
1519 3017 1571 3079 est
1593 3015 1622 3097 (Ι
1631 3021 1728 3081 ioan.
1739 3034 1775 3092 11,
1787 3019 1854 3099 28).
1875 3021 1985 3094 Quasi

325 3118 534 3193 coapltatam
563 3116 597 3178 et
616 3116 921 3192 superaffluentem
941 3115 1068 3177 minat
1088 3119 1125 3178 ta
1181 3111 1306 3175 diceret
1320 3134 1327 3174 :
1340 3114 1471 3190 quando
1485 3114 1984 3180 videbitanimanostrachris-

326 3217 445 3276 sinam
476 3215 632 3276 vestram
656 3211 750 3294 (Luc.
782 3229 829 3286 vi,
852 3212 917 3291 38).
954 3215 1123 3287 Mensura,
1179 3211 1248 3272 tum
1263 3211 1509 3286 veramlucem,
1526 3213 1985 3292 quiaipseestillaveralux

326 3311 425 3384 idest,
442 3312 616 3374 retributio
631 3313 821 3374 sanctorum
834 3314 885 3374 est
898 3310 984 3373 bona
999 3312 1036 3373 in
1048 3328 1124 3374 cor-
1181 3325 1254 3385 quae
1270 3307 1437 3372 illuminat
1457 3326 1587 3372 omnem
1606 3311 1774 3374 hominem
1788 3313 1984 3376 venientem

328 3426 445 3487 porum
475 3409 728 3487 glorificatione,
761 3409 909 3472 conferta
937 3409 972 3470 in
999 3410 1123 3471 aeterna
1179 3405 1215 3466 in
1237 3405 1326 3468 hunc
1351 3408 1520 3468 mundum.
1545 3409 1630 3470 Nam
1657 3425 1731 3470 cum
1760 3410 1913 3473 Christus
1941 3411 1984 3472 sit

327 3508 497 3581 societate,
528 3508 693 3584 coagitata
720 3507 756 3568 in
777 3507 897 3570 mentis
922 3507 954 3569 et
975 3507 1124 3584 corporis
1180 3505 1278 3580 caput
1295 3504 1445 3566 nostrum
1460 3506 1493 3567 et
1512 3521 1572 3567 nos
1589 3505 1737 3569 membra
1756 3508 1872 3586 ipsius,
1891 3509 1984 3572 sicut

327 3606 589 3668 confirmatione.
607 3603 852 3683 superaffluens
868 3605 903 3667 in
924 3605 984 3666 Dei
1006 3605 1125 3682 cogni·
1180 3602 1279 3678 caput
1298 3602 1362 3664 erit
1376 3602 1588 3676 luminosum,
1601 3604 1647 3666 ita
1663 3605 1696 3666 et
1709 3605 1868 3667 membra.
1885 3608 1983 3671 Unde

325 3704 428 3768 tione.
445 3707 483 3765 In
498 3703 938 3782 corporumglorilicatione,
955 3704 1034 3781 quia
1050 3719 1126 3764 cor·
1179 3698 1215 3759 in
1249 3700 1449 3777 Apocalypsi
1478 3700 1518 3762 de
1547 3702 1671 3766 sanctis
1699 3725 1707 3764 ι
1734 3707 1813 3766 Noa
1833 3707 1983 3780 aponum
2083 3687 2084 3748 i

328 3818 409 3880 pora
422 3802 612 3863 sanctorum
626 3801 1125 3878 eruntsimiliacorporichristi
1179 3799 1308 3858 inanitae
1327 3802 1478 3859 laceram
1499 3813 1606 3874 nepae
1631 3803 1760 3862 lamiae
1784 3803 1876 3873 sotis,
1902 3817 1983 3877 arto
2083 3797 2084 3884 ἶ

326 3899 363 3961 in
378 3899 529 3962 claritate
544 3897 800 3961 etheatltudlne.
815 3899 908 3959 Unde
922 3899 1123 3976 Apostolus:
1180 3897 1277 3956 atam
1291 3897 1564 3958 DomiaasDeus
1574 3897 1979 3978 mrimiizaaaeosmpoo.
2083 3931 2084 3980 p

327 3998 544 4060 savatorem
562 3997 786 4072 expectamus
807 3999 994 4056 Domitiam
1006 3996 1126 4057 tesam
1180 4007 1265 4064 xxn,
1280 3991 1325 4072 5).
2083 3991 2084 3998 ’

329 4095 516 4168 caratam,
528 4098 587 4169 pai
596 4093 800 4168 reformabit
814 4107 940 4168 corpas
954 4093 1124 4156 hamilita-
1220 4089 1270 4150 Olr
1282 4105 1380 4166 quam
1394 4107 1550 4168 magnum
1561 4093 1683 4155 donum
1696 4097 1746 4156 ost
1756 4094 1854 4169 istud,
1869 4095 1982 4157 homi-

329 4194 374 4255 tis
386 4193 527 4264 nostrae,
537 4190 939 4267 eoriflparatamcorpori
954 4190 1126 4252 claritatis
1181 4202 1256 4247 nem
1271 4187 1484 4265 resplendere
1499 4189 1540 4251 ad
1556 4190 1808 4253 similitudinem
1823 4193 1893 4266 Dei,
1911 4209 1982 4256 ser·

327 4287 814 4368 saoe(Pl1ilip.u1,20).Gorpus
834 4287 984 4348 nostrum
1004 4287 1126 4349 dicitur
1181 4299 1258 4345 vum
1275 4285 1490 4362 resplendere
1511 4287 1552 4348 ad
1565 4288 1816 4352 similitudinem
1831 4292 1976 4364 Domini,

330 4404 406 4449 osse
427 4387 564 4457 humile,
588 4385 666 4463 quia
681 4384 807 4462 patitur
820 4383 953 4457 tamem,
979 4385 1069 4446 sitim
1094 4387 1127 4447 et
1181 4383 1369 4444 creaturam
1382 4383 1424 4444 ad
1439 4385 1693 4448 similitudinem
1709 4387 1887 4461 creatoris,
1900 4391 1979 4467 quia

327 4485 467 4546 caeteras
496 4483 713 4544 necessitates
743 4483 776 4544 et
809 4481 1040 4553 infirmitates,
1067 4484 1125 4545 sed
1181 4496 1295 4542 omnes
1307 4482 1390 4559 justi
1400 4483 1435 4544 et
1448 4482 1546 4545 electi
1555 4484 1657 4546 talem
1670 4484 1853 4548 claritatem
1868 4487 1976 4548 habe-

328 4580 987 4658 Christusconfigurabltcorpusnostrum
995 4581 1126 4658 corpori
1180 4576 1262 4640 bunt
1295 4579 1331 4641 in
1365 4581 1627 4653 resurrectione,
1661 4569 1794 4660 qualem
1829 4584 1979 4646 Christus

328 4677 491 4740 claritatis
507 4693 587 4751 suae,
604 4677 682 4754 quia
703 4677 804 4738 faciet
822 4676 905 4740 illud
924 4677 1124 4752 immortale,
1181 4674 1296 4738 hahuit
1310 4676 1346 4737 in
1361 4677 1665 4759 transfiguratione.
1685 4683 1721 4742 ln
1737 4682 1863 4742 aeterna
1876 4683 1980 4744 satie-

329 4775 545 4853 impassibile,
557 4774 806 4854 splendidumet
816 4773 1011 4851 gloriosum.
1023 4777 1127 4838 Erunt
1180 4774 1263 4847 tate,
1289 4774 1366 4851 quia
1393 4775 1561 4838 desideria
1587 4780 1778 4840 sanctorum
1807 4779 1979 4857 replentur

329 4873 418 4937 enim
454 4872 597 4951 quatuor
630 4873 832 4950 principales
859 4873 952 4935 dotes
977 4875 1126 4951 corporis
1181 4871 1213 4932 et
1224 4871 1391 4934 satiantur
1402 4873 1436 4934 in
1446 4873 1599 4935 omnihus
1611 4875 1720 4938 bonis.
1738 4877 1832 4938 Unde
1848 4877 1976 4940 David:

328 4971 527 5050 glorificati,
562 4970 691 5034 scilicet
714 4970 882 5033 subtilitas
912 4972 946 5033 et
978 4972 1125 5048 agilitas,
1183 4967 1345 5042 satiabor,
1374 4969 1452 5031 dum
1489 4971 1756 5035 manifestabitur
1781 4975 1890 5051 gloria
1919 4978 1977 5038 tua

329 5069 486 5149 splendor
499 5070 532 5131 et
547 5067 810 5146 impassibilitas,
822 5069 920 5146 juxta
933 5069 1014 5130 illud
1029 5091 1036 5130 :
1050 5075 1128 5131 Fal·
1182 5065 1252 5146 (Ps.
1272 5069 1320 5139 lli,
1338 5067 1452 5147 15).1n
1468 5069 1589 5131 mentis
1614 5073 1648 5132 et
1671 5071 1821 5148 corporis
1841 5073 1977 5135 contor-

326 5168 550 5245 pelnmtjasti
562 5167 651 5228 sicat
665 5171 715 5228 sot
735 5168 773 5228 ta
793 5180 901 5242 reptio
913 5168 1037 5229 Patris
1058 5171 1127 5230 mei
1181 5164 1339 5236 mationa,
1354 5165 1852 5242 quiasancticonformabuntur
1870 5175 1980 5233 mente

330 5263 461 5346 (Matth.
478 5282 552 5340 1111,
567 5263 632 5344 43).
647 5264 688 5326 nt
706 5263 787 5326 alibi
804 5285 811 5325 :
829 5267 1018 5339 Tamquam
1040 5269 1128 5326 scta·
1182 5264 1214 5324 et
1235 5278 1388 5340 corpore,
1414 5263 1461 5325 ita
1481 5267 1518 5327 ut
1538 5281 1605 5327 non
1631 5266 1759 5343 possint
1776 5269 1830 5329 vel
1854 5269 1977 5330 malum

330 5365 409 5426 titia
423 5367 459 5424 ia
473 5363 681 5425 arundineto
693 5363 891 5424 discarreat
906 5361 998 5442 (Sap.
1011 5377 1061 5430 111,
1079 5361 1125 5441 7).
1182 5359 1250 5437 pati
1271 5360 1457 5422 velmalum
1473 5361 1594 5424 lacere.
1616 5364 1710 5425 Unde
1732 5365 1836 5427 David
1862 5387 1870 5427 :
1899 5370 1976 5430 Noa

370 5461 556 5536 Fulgeliunt
575 5477 634 5538 per
653 5459 874 5538 splendorem,
894 5459 980 5522 sicut
1001 5460 1050 5521 sol
1068 5476 1128 5537 per
1181 5460 1450 5522 coiamovebttar
1475 5464 1512 5522 ia
1544 5463 1727 5534 attritam,
1760 5467 1820 5538 pai
1846 5465 1978 5526 inabitat

330 5555 632 5619 immutabilitatem
642 5557 714 5618 sive
723 5554 1036 5634 impassibilitatem,
1049 5556 1128 5634 quia
1183 5560 1220 5618 ta
1250 5558 1445 5620 Jerusalem
1476 5557 1550 5640 (Ps.
1584 5553 1666 5634 124,
1705 5558 1754 5640 l).
1788 5562 1976 5623 Jerusalem

329 5653 379 5718 sol
394 5653 430 5716 in
445 5669 506 5716 sua
521 5647 640 5719 natura
656 5656 707 5717 est
720 5651 938 5718 immutabilis
954 5653 986 5718 ei
999 5654 1127 5733 impas-
1183 5653 1421 5734 interpretatur
1448 5657 1534 5719 visio
1548 5657 1659 5736 pacis,
1673 5657 1706 5722 et
1718 5657 1887 5736 significat
1907 5675 1977 5722 coa·
