4214 6400
146 350 188 408 ’17
788 349 1017 412 EPIS'POLAE.
1042 351 1119 413 LIB.
1144 351 1165 411 l.
1761 355 1802 414 ’18

147 507 293 579 illorum,
311 507 351 568 ad
366 523 447 584 quos
460 507 584 569 direxit
599 508 744 580 easdem,
759 510 855 571 nobis
871 511 946 588 616-

147 607 224 666 nius
249 605 285 666 in
307 607 499 667 memoriam
522 606 730 667 revocarunt.
745 609 825 668 Cum
843 607 945 683 igitur

148 705 255 766 1116166
276 704 447 765 iohannes
464 705 497 766 61
512 703 570 764 6111
590 704 784 780 supradicti,
801 705 841 766 de
857 709 946 766 certo

149 804 184 864 et
195 817 351 878 expresso
365 801 519 862 mandato
532 801 678 878 ejusdem
693 802 946 878 praedecessoris

148 899 256 960 nostri
275 899 310 958 in
331 899 525 976 perpetuum
548 898 649 960 amoti
675 898 808 961 luerent
832 915 851 960 a
875 916 948 960 mo-

134 997 296 1060 nasterio
325 997 521 1069 memorem,
554 998 587 1059 et
618 998 690 1074 ipse
720 998 947 1074 praedecessor

148 1099 265 1158 noster
290 1094 434 1156 oblatam
461 1094 524 1154 sibi
548 1095 745 1156 seutentiam
769 1095 946 1156 amotionis

148 1192 338 1270 hujusmodi
349 1194 478 1269 gratam
488 1191 613 1254 babens
625 1193 785 1264 stratam,
798 1193 945 1254 eamdem

148 1290 358 1352 mandaverit
387 1289 625 1352 inviolabiliter
652 1289 836 1363 observari,
862 1292 947 1353 sicut

148 1405 194 1450 ex
213 1387 383 1464 rescriptis
405 1387 521 1464 ipsius
538 1387 571 1448 et
589 1402 716 1460 eorum,
734 1389 776 1450 ad
790 1405 872 1465 quos
887 1389 946 1450 illa

145 1485 283 1557 direxit,
307 1485 477 1561 colligitur
497 1484 688 1557 evidenter3
713 1502 785 1558 nos,
816 1487 891 1563 paci
914 1488 947 1548 et

146 1583 384 1660 tranquillitati
409 1582 557 1660 ejusdem
587 1583 780 1644 monasterii
807 1586 945 1660 paterna

146 1679 946 1758 satagentessollicitudineprovidere,praetatam

146 1777 327 1840 amotionis
339 1778 537 1838 sententiam
550 1777 745 1839 auctoritate
757 1779 946 1855 Apostolica

145 1875 394 1947 confirmamus,
417 1875 451 1936 at
473 1875 684 1952 praecipimus
707 1875 948 1938 inviolabiliter

146 1973 331 2035 observari.
353 1972 445 2033 Nulli
459 1987 549 2048 ergo,
564 1973 626 2033 eto.
643 1973 798 2049 paginam
823 1975 946 2036 nostrae

147 2070 411 2132 continuationis
430 2069 463 2131 et
479 2069 722 2146 praeceptionis,
743 2071 804 2132 etc.
821 2071 946 2149 Siquis

147 2169 262 2230 autem
277 2169 339 2230 etc.
355 2169 473 2230 Datum
489 2167 703 2239 Laterani,V1
716 2167 790 2228 idus
805 2185 945 2230 novem-

147 2265 232 2339 bris,
247 2264 457 2342 pontificatus
475 2265 585 2327 autem
606 2266 712 2328 nostri
726 2282 814 2328 anno
826 2268 945 2343 primo.

189 2362 357 2440 Scriptum
369 2363 420 2425 est
436 2379 536 2441 super
556 2363 620 2425 hoc
643 2367 680 2425 tn
703 2367 861 2425 6661116111
872 2381 948 2426 616-

148 2464 233 2522 darm
256 2461 360 2538 priori
380 2458 492 2522 Sancti
507 2461 643 2522 Martini
665 2461 704 2521 de
726 2461 945 2539 (161661661-

148 2557 358 2630 chidiacono,
370 2557 403 2619 et
413 2558 572 2633 magistro
586 2561 622 2619 d.
639 2559 765 2620 Canuto
777 2559 947 2620 canonicis

149 2655 333 2727 Parisien„
363 2670 469 2729 1166616
497 2655 735 2718 inviolabiliter
762 2655 945 2718 observari.

149 2753 296 2830 ideoque
318 2753 510 2815 discretioni
532 2755 651 2814 vestrae
676 2769 735 2831 per
756 2755 947 2830 Apostolica

148 2851 276 2928 scripta
296 2852 502 2922 mandamus,
520 2852 683 2928 quatenus
698 2852 849 2923 eamdam
865 2869 946 2914 sen-

149 2949 290 3010 tentiam
316 2947 447 3010 lactatis
465 2965 525 3025 por
543 2963 718 3010 censuram
738 2951 946 3012 ecclesiasti-

150 3045 945 3122 cam,appellatioueremota,firmiterobservari,

150 3143 412 3205 contradictores
427 3159 568 3206 censura
581 3144 683 3206 simili
694 3145 945 3222 compescendo.

150 3240 245 3313 Quod
263 3241 292 3301 si
311 3257 377 3302 non
396 3257 510 3302 omnes
523 3241 603 3314 616,
618 3242 683 3303 duo
704 3243 866 3312 vestrum,
883 3244 945 3304 etc.

152 3337 273 3400 Datum
290 3339 456 3411 Laterani,
473 3341 517 3401 vi
535 3339 581 3400 id.
597 3339 794 3404 Novembris
813 3340 948 3416 pontili-

150 3436 248 3498 catus
262 3436 368 3498 nostri
383 3451 471 3498 auno
485 3436 603 3514 primo.

508 3694 597 3781 LIV

149 3899 207 3960 Ad
232 3899 398 3959 decadum
415 3898 448 3959 et
467 3896 654 3970 capitulum
673 3899 947 3958 66161611666661.

453 4037 555 4095 Buov.
574 4035 652 4094 lito.

186 4195 236 4257 [Ex
246 4193 386 4246 Cartnlario
403 4196 460 4246 1166.
474 4194 580 4260 66611611
596 4193 705 4244 ecclesie
721 4193 919 4257 ambianensis]

152 4347 342 4409 Confirmatio
367 4349 583 4420 compositionis
606 4347 680 4404 inter
700 4347 855 4420 capitulum
881 4348 949 4405 Am·

189 4437 329 4494 bianense
356 4444 386 4494 et
409 4437 575 4510 episcopum
596 4451 682 4509 super
706 4437 829 4494 Roveroi
849 4451 865 4494 a
884 4435 953 4493 rivis

195 4539 335 4597 equarum
352 4524 388 4582 ad
411 4525 574 4584 molendina
587 4525 731 4584 Ambiani.

198 4695 365 4756 Honorius
375 4695 559 4773 episcopus,
573 4712 689 4758 servus
699 4711 870 4758 servorum
879 4695 951 4767 Dei,

154 4790 289 4854 dilectis
297 4793 375 4853 tiliis
387 4792 513 4855 decano
523 4795 557 4856 et
566 4792 712 4870 capitulo
726 4791 952 4864 Ambianensi,

154 4889 300 4954 salutem
315 4891 348 4952 61
362 4890 577 4976 apostolicam
592 4889 867 4952 benedictionem.

199 4989 246 5048 Ea
260 5003 333 5064 quae
342 4988 469 5066 judicio
476 4989 527 5048 vel
543 4987 720 5048 concordia
732 4987 956 5049 terminantur

155 5083 342 5160 apostolico
370 5084 524 5146 convenit
558 5083 713 5160 praesidio
744 5083 953 5146 communiri.

157 5182 242 5244 Cum
256 5181 359 5256 igitur
372 5181 459 5242 sicut
472 5196 515 5242 ex
525 5180 618 5258 parte
631 5181 742 5242 vestra
758 5180 820 5251 luit
834 5197 957 5258 propo-

157 5277 261 5340 situm
276 5294 388 5339 coram
406 5278 501 5340 nobis
523 5277 662 5354 quaestio
678 5293 750 5354 quae
770 5276 848 5339 olim
869 5278 957 5340 iuter

156 5390 231 5447 vos,
245 5389 289 5436 ex
303 5391 369 5436 una
382 5375 486 5452 parte,
503 5375 536 5436 et
550 5373 644 5436 bonae
660 5375 831 5436 memoriae
845 5375 956 5435 Theo-

156 5471 295 5532 baldum
315 5469 373 5552 (1),
403 5470 658 5533 Ambianensem
686 5469 886 5564 episcopum,
915 5487 958 5532 ex

198 5627 239 5700 (1)
265 5627 398 5686 ‘thibault
425 5627 563 5702 d’lleilly‚
590 5627 639 5684 430
665 5625 775 5699 evaque
800 5625 956 5684 d'Amicns.

159 5698 300 5760 L'accord
308 5698 471 5760 6166116661
481 5714 531 5772 661
541 5699 568 5758 16
576 5701 700 5772 Papeest
712 5699 747 5757 de
755 5697 868 5758 166666
879 5699 956 5756 lise.

1002 511 1118 581 altera,
1147 523 1247 588 super
1275 510 1404 571 decima
1429 512 1471 572 de
1497 511 1639 574 Itoveroi
1668 527 1687 572 a
1716 513 1799 575 rivis

1003 622 1164 682 aquarum
1173 623 1246 684 quae
1258 606 1298 668 ad
1309 607 1419 668 vestra
1431 607 1580 669 dettuuut
1592 609 1797 670 molendina:

1004 705 1191 765 Piscatioue
1206 705 1437 766 ambianensis
1457 706 1620 783 episcopi,
1638 722 1677 768 66
1698 723 1799 768 cursu

1002 803 1137 862 navium
1153 817 1212 878 per
1224 818 1328 880 aquas
1343 803 1531 881 praedictas,
1550 805 1583 865 et
1602 804 1799 881 quibusdam

1002 899 1078 958 aliis
1101 898 1250 961 articulis
1271 900 1472 972 vertebatur,
1494 901 1716 963 mediantibus
1735 918 1798 963 ve-

1002 996 1206 1058 nerabilibus
1220 996 1378 1059 fratribus
1393 999 1515 1059 nostris
1530 997 1752 1060 Attrebatensi
1767 1001 1801 1061 et

980 1144 984 1150 -
1001 1103 1031 1161 N
1034 1102 1217 1164 oviomensi
1232 1103 1396 1182 episcopis
1409 1103 1510 1166 tuerit
1523 1103 1692 1166 amicabili
1708 1121 1801 1166 com-

1002 1199 1167 1276 positione
1194 1202 1311 1278 sopita,
1343 1218 1403 1262 nos
1422 1203 1543 1264 vestris
1565 1202 1719 1280 precibus
1745 1203 1800 1264 in-

1002 1295 1117 1359 clinati
1147 1300 1419 1376 compositionem
1450 1301 1570 1376 ipsam,
1606 1299 1692 1362 sicut
1727 1301 1800 1361 sine

1002 1392 1165 1467 pravitate
1187 1394 1323 1471 provide
1347 1394 1434 1456 lacta
1458 1397 1518 1466 est,
1540 1396 1573 1456 et
1596 1395 1636 1457 ab
1659 1397 1803 1473 utraque

1001 1493 1095 1566 parte
1115 1493 1231 1568 sponte
1250 1493 1383 1569 recepta
1403 1495 1462 1564 est,
1486 1509 1614 1554 necnon
1639 1495 1799 1554 hactenus

1001 1589 1140 1665 pacifice
1169 1589 1356 1658 observata,
1386 1591 1583 1652 auctoritate
1609 1591 1800 1667 6666161166

1001 1686 1236 1747 confirmamus
1249 1687 1282 1748 et
1291 1689 1468 1764 praesentis
1486 1688 1601 1764 scripti
1614 1688 1802 1765 patrocinio

1002 1783 1253 1843 commuuimus.
1286 1783 1377 1844 Nulli
1407 1799 1523 1859 ergo...
1552 1785 1670 1845 Datum
1703 1785 1803 1844 Lato-

1001 1880 1087 1952 rani,
1101 1871 1145 1942 V'l
1159 1880 1234 1941 idus
1253 1880 1453 1950 novembris,
1470 1881 1680 1958 pontificatus
1695 1881 1801 1942 nostri

1002 1993 1089 2038 anno
1110 1977 1228 2054 primo.

1366 2219 1434 2306 LV

1003 2423 1054 2482 Ad
1071 2423 1239 2484 decanum
1258 2424 1292 2484 et
1310 2423 1498 2498 6661161616
1522 2425 1795 2486 Arubtoueuscm,

1301 2535 1399 2592 inov.
1420 2536 1498 2593 isis.

1065 2658 1114 2718 [En
1123 2656 1259 2708 cartulario
1270 2659 1314 2708 ils.
1325 2657 1430 2722 capituli
1446 2658 1557 2708 66616616
1581 2658 1733 2710 cathedralis

1297 2737 1498 2802 ambianensis]

1038 2899 1221 2958 liodommen
1241 2900 1359 2957 lionorii
1376 2899 1412 2957 de
1431 2900 1579 2958 canonicis
1597 2900 1627 2958 16
1647 2900 1763 2957 servitio

1336 3003 1473 3061 66166661.

1042 3143 1210 3204 Honorius
1222 3142 1408 3220 episcopus,
1417 3158 1533 3204 servus
1542 3157 1714 3204 servorum
1726 3141 1798 3210 Dei,

1003 3239 1132 3302 dilectis
1141 3240 1219 3301 liliis
1233 3239 1358 3301 decano
1371 3241 1403 3302 et
1418 3238 1797 3316 capituloltmbianensi‚

1004 3337 1143 3398 salutem
1157 3338 1189 3399 61
1201 3337 1417 3414 apostolicam
1432 3335 1708 3397 benedictionem.

1044 3435 1093 3494 Ex
1118 3434 1210 3510 parte
1236 3436 1348 3495 vestra
1369 3433 1432 3493 fuit
1456 3433 1660 3510 propositum
1687 3446 1799 3492 coram

1003 3530 1098 3591 nobis
1114 3530 1200 3606 quod
1215 3531 1349 3606 quidam
1364 3529 1517 3591 canonici
1535 3527 1637 3588 vestri
1651 3529 1801 3590 occasio-

980 3641 984 3650 ’
1004 3643 1080 3688 6616
1092 3627 1261 3688 6111666166
1273 3642 1317 3688 ex
1327 3625 1468 3704 quadam
1481 3625 1800 3702 indulgentiavene-

1004 3724 1103 3786 rabili
1116 3723 1210 3787 fratri
1223 3725 1336 3786 nostro
1349 3725 1502 3802 episcopo
1522 3724 1633 3786 vestro
1649 3739 1669 3784 6
1691 3722 1800 3784 felicis

1005 3823 1172 3884 memoriae
1182 3825 1207 3882 Ι.
1218 3825 1319 3898 Ρ666,
1333 3821 1578 3898 praedecessore
1590 3822 1714 3894 nostro,
1728 3837 1801 3882 con·

1005 3936 1110 3994 cessa,
1125 3936 1198 3998 quae
1214 3920 1354 3981 indulsit
1367 3919 1474 3980 eidem
1489 3920 1525 3981 ut
1544 3918 1697 3981 canonici
1709 3919 1802 3979 exis-

1005 4019 1111 4082 tentes
1130 4019 1165 4080 iu
1181 4017 1317 4081 servitio
1336 4020 1420 4096 ejus,
1441 4018 1627 4095 equitantes
1651 4032 1726 4078 oum
1748 4031 1799 4088 66,

1005 4115 1200 4193 praebendas
1242 4117 1275 4177 et
1309 4114 1557 4176 distributiones
1590 4112 1803 4191 quotidianas

1006 4213 1191 4290 percipiant
1211 4229 1251 4274 ac
1279 4213 1309 4274 si
1336 4211 1448 4273 essent
1464 4211 1499 4271 in
1522 4211 1636 4272 vestra
1660 4208 1802 4271 ecclesia

1006 4311 1201 4379 residentes,
1217 4309 1258 4370 ab
1275 4310 1389 4370 eadem
1411 4306 1552 4368 ecclesia
1566 4323 1601 4368 se
1614 4305 1802 4378 absentant,

1006 4409 1141 4486 propter
1150 4407 1236 4483 quod
1248 4406 1335 4468 iuter
1343 4421 1401 4468 vos
1412 4404 1603 4467 scandalum
1610 4403 1802 4481 generatur,

1008 4505 1040 4567 et
1051 4504 1192 4566 ecclesia
1202 4504 1323 4576 vestra,
1337 4503 1404 4564 tam
1413 4503 1447 4564 16
1456 4501 1696 4580 temporalibus
1705 4517 1804 4580 quam

1008 4601 1248 4679 spiritualibus,
1265 4617 1367 4678 grave
1387 4601 1493 4678 potest
1509 4601 1681 4662 incurrere
1700 4599 1806 4660 detri-

1008 4699 1629 4775 mentumrvoleutessicindulgentiam
1638 4696 1808 4776 moderari

1009 4797 1201 4876 praedictam
1217 4796 1302 4874 quod
1326 4797 1501 4874 episcopus
1519 4795 1663 4858 fructum
1683 4794 1805 4857 sentiat

1010 4911 1052 4956 ex
1067 4894 1182 4956 eadem
1195 4895 1227 4956 et
1239 4893 1381 4954 ecclesia
1396 4893 1565 4970 praedicta,
1579 4909 1639 4970 per
1651 4891 1803 4962 abusum,

1010 5007 1110 5068 grave
1119 4991 1328 5067 dispendium
1338 5006 1406 5052 non
1416 4990 1575 5060 incurrat,
1590 4988 1804 5076 praesentium

1010 5088 1208 5150 auctoritate
1226 5087 1435 5149 decrevimus
1453 5087 1490 5147 ut
1508 5084 1596 5146 ultra
1610 5084 1809 5162 66616166-

1011 5186 1071 5247 bus
1100 5185 1270 5247 canonicis
1293 5185 1430 5255 vestris,
1456 5184 1491 5244 16
1517 5182 1676 5260 obsequio,
1701 5181 1806 5257 ipsius

1011 5283 1170 5362 episcopi,
1187 5297 1230 5344 ex
1248 5297 1350 5344 causa
1365 5279 1555 5343 necessaria
1573 5279 1804 5351 existentibus,

1012 5380 1207 5459 praehendas
1222 5379 1255 5441 et
1277 5379 1526 5441 distributiones
1546 5377 1722 5456 praedictas
1740 5393 1808 5438 666

1012 5479 1193 5541 1666616161
1217 5477 1418 5538 ministrare.
1440 5477 1532 5539 Nulli
1554 5493 1672 5554 ergo...
1690 5476 1808 5537 Datum

1014 5577 1181 5650 Laterani,
1201 5579 1246 5638 ΙΙΙ
1266 5591 1372 5637 66666
1385 5574 1585 5649 novembris,
1600 5575 1809 5654 pontificatus

1014 5675 1220 5738 nostrianno
1238 5675 1356 5754 primo.
