4162 6424
326 249 383 309 531
943 199 1119 308 uouonn
1143 245 1187 306 ur
1209 247 1357 309 ornan.
1914 253 1969 314 era
2067 331 2068 352 Ν

328 409 521 487 priusquam
549 409 613 471 iter
642 406 921 488 peregrinationis
946 405 1120 482 arriperet,
1177 421 1277 483 quum
1297 406 1338 468 ad
1353 421 1468 468 eorum
1489 408 1698 484 pervenisset
1712 408 1875 482 notitiam,
1897 426 1970 487 pro·

327 506 444 568 eadem
462 505 623 568 beneficia
645 505 843 580 resignarat,
860 519 900 566 ac
918 503 1122 567 monasterio
1178 507 1365 568 curatorem
1390 505 1594 582 praedictum,
1614 505 1769 568 stallum
1795 507 1836 567 ad
1859 523 1969 570 eorum
2067 545 2068 556 ,

327 604 368 665 de
394 604 564 674 Fontibus,
591 602 820 666 (listereiensis
837 601 978 672 ordinis,
999 602 1123 664 emisso
1179 604 1389 680 praesentiam
1423 603 1628 676 direxerunt,
1666 604 1908 681 supplicantes,
1938 607 1969 668 ut
2067 667 2068 676 ,

328 702 404 763 voto
420 717 456 762 se
473 700 638 773 obtulerit,
656 701 701 762 ita
717 699 801 778 quod
816 700 858 761 ad
882 701 969 763 idem
985 715 1123 762 monas·
1179 701 1389 773 senteutiam,
1415 717 1514 778 quarn
1535 701 1719 778 improvide
1742 702 1900 774 tulerant,
1919 718 1972 764 re·
2067 689 2068 694 ’

328 799 449 861 terium
475 800 632 876 tanquam
655 798 783 860 oblatus
805 799 952 877 ejusdem
974 799 1123 860 mortuus
1178 799 1349 870 vocantes,
1366 799 1521 860 audirent
1535 815 1587 870 ea,
1604 815 1678 876 quae
1690 798 1846 860 volebant
1864 800 1971 861 dicere
2067 783 2068 864 ἷ

328 899 379 958 est
393 897 532 969 delatus,
548 897 623 959 illos
641 897 760 974 quibus
775 899 852 959 sunt
874 896 1036 958 beneficia
1051 896 1124 972 ipsa
1179 899 1295 959 contra
1310 897 1468 959 clericum
1488 898 1707 959 memoratum
1729 914 1830 974 qutun
1848 898 1973 974 adejus
2067 941 2068 964 2

329 995 461 1064 collata,
490 995 643 1056 volumus
673 995 783 1056 debita
812 995 844 1056 et
870 995 983 1072 quieta
1009 1006 1125 1054 eorum
1178 996 1403 1072 repulsionem
1429 993 1584 1057 sulficere
1602 995 1806 1056 viderentur.
1825 994 1890 1056 Sed
1912 995 1971 1070 ipsi
2067 1039 2068 1044 η

230 1109 233 1124 ’
330 1109 404 1154 cum
420 1094 489 1153 suis
502 1091 714 1170 proventibus
735 1093 944 1170 possessione
965 1091 1123 1168 gaudere,
1180 1109 1237 1155 eos
1252 1093 1368 1154 audire
1383 1093 1573 1154 nullatenus
1587 1093 1776 1155 voluerunt.
1792 1092 1886 1153 Unde
1899 1108 1975 1168 pro-
2067 1158 2068 1170 χ

329 1207 369 1253 66
385 1191 503 1252 dilecto
518 1190 598 1259 illio,
614 1192 775 1267 magistro
790 1190 918 1252 militiae
939 1190 1066 1266 Templi
1091 1189 1125 1248 16
1180 1193 1314 1254 curator
1347 1190 1524 1268 praedictus
1560 1189 1836 1268 appellationem,
1879 1203 1971 1266 quam
2067 1175 2068 1228 l

328 1288 460 1364 Anglia,
477 1289 534 1366 qui
553 1306 574 1351 a
597 1288 692 1351 nobis
708 1290 882 1366 acceperat
904 1289 940 1350 in
961 1287 1126 1350 mandatis
1181 1290 1273 1366 prius
1288 1289 1445 1352 emiserat
1458 1289 1642 1362 innovavit,
1659 1304 1723 1366 qua
1739 1287 1927 1364 contempta
1941 1288 1972 1348 in

330 1389 366 1449 ut
378 1387 568 1448 eorumdem
580 1387 815 1449 beneficiorum
835 1387 1014 1464 proventus
1029 1385 1126 1462 juxta
1180 1402 1237 1450 eos
1259 1386 1624 1459 excommunicationis,
1641 1385 1724 1448 etin
1747 1387 1896 1463 ipsorum
1918 1399 1971 1446 ec-

329 1482 574 1561 beneplacitum
596 1486 746 1547 nostrum
761 1499 865 1562 usque
887 1483 929 1546 ad
944 1483 1126 1545 trienninm
1182 1485 1318 1547 clesiam
1343 1484 1511 1546 interdicti
1538 1483 1721 1545 sententias
1745 1482 1971 1560 protuleruntr

329 1598 390 1659 pro
416 1585 526 1644 Terrae
554 1583 683 1645 Sanctae
711 1582 861 1644 subsidio
891 1581 1062 1657 colligeret
1094 1580 1127 1641 et
1182 1598 1281 1660 super
1302 1597 1442 1660 quorum
1470 1582 1723 1643 confirmatione
1750 1579 1909 1658 praefatus
1934 1582 1968 1642 ll.

330 1681 491 1753 servaret,
508 1681 631 1757 scripta
647 1683 762 1744 nostra
781 1680 956 1756 dirigimus
972 1681 1009 1740 ut
1027 1692 1128 1754 super
1181 1681 1311 1742 litteras
1335 1681 1533 1757 impetrasse
1555 1679 1677 1740 dicitur
1694 1679 1798 1740 tacita
1820 1679 1968 1747 veritate,

329 1775 393 1838 boc
408 1775 806 1856 ampliusnonprocedat.
1182 1779 1377 1840 mandamus
1400 1779 1575 1855 quatenus,
1593 1778 1622 1838 si
1647 1775 1830 1853 praemissis
1854 1773 1970 1836 veritas
2067 1797 2068 1812 ,

370 1877 489 1938 Datum
522 1878 689 1948 Laterani,
723 1879 799 1938 Vlll
831 1873 909 1936 Idus
937 1872 1127 1936 novembris
1183 1875 1396 1952 suffragatur,
1412 1875 1606 1936 revocantes
1620 1874 1656 1934 16
1670 1873 1803 1934 irritum
1818 1871 1971 1950 quidquid

330 1975 541 2052 pontificatus
558 1975 662 2037 nostri
676 1989 764 2036 anno
781 1971 938 2035 secundo.
1184 1975 1256 2051 post
1278 1973 1468 2049 hujusmodi
1496 1972 1751 2050 appellationem
1782 1970 1972 2032 inveneritis
2067 1995 2068 1998 ¹

1183 2071 1299 2133 illicite
1313 2072 1520 2136 attentatum.
1538 2069 1683 2132 audiatis
1704 2085 1779 2147 quae
1801 2068 1882 2129 hinc
1903 2067 1976 2127 inde

685 2152 775 2238 HV
1183 2169 1341 2231 duxerint
1364 2167 1589 2245 proponenda,
1614 2167 1648 2228 et
1670 2165 1755 2244 quod
1781 2165 1970 2227 canonicum

331 2295 383 2358 Art
394 2298 531 2370 pavores
541 2297 823 2356 saviniacensem
831 2292 914 2353 etcte
923 2289 1074 2361 Moniet,·
1085 2289 1130 2348 od
1185 2267 1294 2338 suffl'ib
1320 2266 1542 2345 allellfllifflffl
1569 2264 1762 2342 POStPOSifflv
1791 2261 1973 2324 decernatis
2067 2243 2068 2270 ³

372 2397 517 2454 decertes
548 2395 845 2462 saviniacensem,
874 2389 1130 2449 Bttnrtccrtsem
1183 2363 1355 2434 sflssiflnteb
1372 2363 1447 2435 0t⁰e
1468 2361 1616 2439 ali⁰luin
1637 2361 1758 2437 131108,
1775 2360 1853 2430 etc-v
1874 2357 1973 2435 allel·

373 2493 406 2552 er
421 2491 748 2552 claromontensm,
1184 2461 1319 2532 lentem,
1340 2461 1415 2532 etc,
1442 2459 1526 2537 quod
1543 2460 1572 2520 si
1588 2474 1654 2519 non
1676 2471 1803 2524 omnes,
1823 2458 1887 2518 etc.
1909 2459 1970 2516 lla-
2015 2487 2018 2503 ·
2067 2511 2068 2514 ,

635 2611 732 2668 51¹0,
747 2610 826 2667 ltlt.
1184 2560 1254 2620 tum
1278 2559 1435 2619 Laterani
1449 2558 1565 2620 octavo
1588 2557 1663 2617 idus
1687 2554 1877 2617 novembris
1892 2568 1969 2614 anno

376 2729 493 2793 [neimo
503 2726 548 2778 lib·
559 2725 590 2786 ΙΙ,
604 2726 676 2791 epist.
689 2725 744 2774 lli.
755 2725 812 2775 llss.
824 2723 859 2774 La
871 2723 945 2773 Parte
959 2720 993 2771 dn
1004 2717 1097 2780 Thou]
1187 2655 1345 2718 secundo·

333 2844 571 2904 informationem
586 2842 755 2901 canonicum
778 2837 934 2912 praeseribit
949 2837 977 2893 in
997 2835 1132 2894 clericum
1554 2795 1622 2883 LV

630 2933 662 2988 R.
680 2929 833 2987 Bi‘fflioen·
1371 2952 1423 3012 Aa
1443 2950 1558 3023 tidelm
1572 2947 1797 3010 Cbrtcttcaos.

375 3049 542 3112 Honorius
557 3046 687 3108 dilectis
702 3045 781 3105 liliis
797 3042 1026 3112 Silviniacen.,
1042 3041 1075 3102 et
1092 3039 1133 3099 de
1489 3081 1586 3137 7ῃονο
1602 3078 1672 3136 Μ

335 3148 462 3210 11166161
490 3144 668 3223 prioribus,
697 3145 731 3204 61
757 3141 892 3204 decanis
918 3137 1131 3200 Silviniaceu.
1675 3121 1682 3136 ⁰

336 3245 516 3308 Bituricen.
533 3243 567 3304 et
582 3241 825 3302 Glaromonten.
837 3237 971 3298 dioeces.

376 3343 493 3404 Dilectj
514 3341 613 3400 flffim
638 3339 731 3416 prior
758 3338 791 3398 et
810 3333 990 3411 capitulum
1019 3329 1134 3394 sancti
1189 3311 1372 3372 Confirmatio
1399 3311 1613 3386 privilegiorum
1640 3317 1669 3366 et
1693 3308 1858 3368 libertatum
1883 3305 1979 3368 tudela

338 3441 452 3502 Ursini
475 3437 669 3508 Bituricen.,
698 3435 767 3496 suis
789 3433 885 3495 nobis
907 3429 1028 3492 litteris
1048 3428 1133 3489 inti·
1483 3412 1695 3457 ⁰⁰⁰⁰⁹⁵⁸⁰¹¹¹¹¹b

337 3540 481 3610 marunt,
499 3536 585 3615 qnod
601 3550 701 3612 quum
717 3536 756 3594 ll.
778 3531 920 3594 clericus
939 3526 1132 3596 Bituricam,
1229 3517 1398 3579 Honorius
1410 3517 1584 3593 episcopus
1600 3529 1716 3576 servus
1729 3531 1901 3576 servornm
1914 3511 1976 3581 liei,

337 3653 397 3715 pro
418 3653 482 3713 quo
497 3633 689 3711 recipiendo
711 3630 752 3692 ab
775 3629 874 3691 eisin
892 3625 1088 3688 canonicum
1103 3622 1136 3684 et
1190 3615 1321 3678 dilectis
1338 3614 1513 3676 inCliristo
1524 3613 1603 3674 tiliis
1614 3612 1765 3674 fidelibus
1776 3609 1976 3676 Christianis,

335 3735 372 3796 in
391 3733 527 3795 tratrem
541 3732 782 3806 scripseramus
796 3726 931 3796 eisdem,
950 3723 1082 3784 demum
1094 3719 1135 3780 ad
1191 3713 1332 3774 salutern
1352 3713 1384 3774 61
1399 3711 1616 3789 apostolicam
1630 3709 1908 3772 benedictionem.

336 3836 374 3894 c.
391 3832 431 3892 de
450 3828 632 3904 Campania
648 3827 681 3887 et
695 3825 890 3899 magistrum
912 3822 946 3882 C.
969 3816 1137 3894 Bagerelli
1233 3811 1325 3872 Sicut
1345 3809 1474 3871 iudaeis
1493 3825 1559 3870 666
1579 3807 1675 3870 debet
1699 3823 1772 3869 esse
1798 3806 1931 3867 licentia
1949 3803 1978 3862 in

340 3928 470 3990 Sanctae
494 3925 620 3995 Crucis,
646 3923 680 3984 et
700 3920 858 3982 Alardnm
886 3917 1001 3980 Sancti
1014 3914 1138 3977 Auiani
1193 3907 1371 3986 synagogis
1391 3907 1478 3978 suis,
1503 3906 1708 3984 ultraquam
1730 3903 1926 3981 permissum
1939 3897 1979 3959 est

1189 3194 1341 3261 [bullarium
1351 3195 1510 3254 llomanum,
1528 3193 1569 3244 ed.
1585 3192 1689 3244 Tauria.
1705 3191 1750 3251 111,
1772 3207 1798 3258 p.
1816 3191 1874 3250 330,
1894 3205 1917 3240 n.
1935 3189 1976 3253 m]

339 4025 519 4090 canonicos
544 4021 758 4084 Aurelianae.
783 4032 883 4094 super
908 4017 971 4076 hoc
995 4030 1015 4074 a
1040 4012 1137 4073 nobis
1195 4001 1820 4083 legepraesumereitatnbisquaeeis
1837 4011 1979 4063 concessa

337 4122 546 4188 executionis
562 4120 692 4182 litteras
708 4114 928 4193 impetrasset,
945 4111 1026 4173 dicti
1046 4111 1139 4186 prior
1194 4103 1282 4172 sunt,
1295 4102 1424 4163 nullum
1438 4100 1558 4164 debent
1575 4099 1805 4178 praejndicium
1816 4098 1978 4160 sustinere.

337 4225 370 4284 et
383 4220 564 4298 capitulum
577 4215 758 4279 voluerunt
771 4225 956 4292 proponere
969 4208 1140 4270 humiliter
1195 4203 1224 4264 N
1227 4217 1264 4264 os
1288 4215 1379 4276 ergo,
1404 4199 1483 4260 licet
1499 4199 1534 4259 in
1555 4213 1616 4258 sua
1631 4197 1737 4273 magis
1751 4196 1858 4258 vebat
1871 4191 1979 4256 duritia

337 4335 449 4382 coram
462 4319 523 4390 eis,
540 4317 625 4395 quod
645 4313 803 4393 praelatus
818 4313 856 4374 R.
875 4309 997 4387 praeter
1012 4306 1080 4368 alia
1094 4305 1141 4366 vi·
1195 4299 1388 4378 perdurare,
1417 4313 1516 4376 quam
1542 4295 1779 4373 prophetarum
1811 4291 1930 4362 verba,
1956 4286 1982 4348 et

338 4414 686 4494 tiaquibusirretitus
702 4413 774 4488 ipse
798 4407 1014 4484 dignoscitur,
1038 4419 1140 4480 super
1196 4413 1332 4459 suarum
1363 4395 1606 4474 scripturarum
1631 4407 1754 4454 arcana
1781 4401 1980 4467 cognoscere,

341 4516 399 4578 illo
412 4515 493 4577 vitio
506 4515 561 4592 est¹
572 4511 702 4588 publice
715 4507 895 4569 infamatus
906 4504 1041 4581 propter
1053 4500 1139 4580 quod
1196 4495 1294 4572 atque
1310 4494 1351 4556 ad
1367 4492 1559 4554 christianae
1570 4490 1648 4552 ildei
1663 4490 1696 4551 et
1707 4488 1826 4550 salutis
1847 4484 1982 4549 notitiam

339 4614 392 4675 ira
410 4611 469 4674 Dei
483 4611 575 4672 venit
590 4608 624 4669 in
640 4607 726 4668 illios
750 4602 943 4666 diffidentiae
959 4602 992 4662 61
1007 4599 1142 4678 propter
1198 4591 1385 4671 pervenire,
1400 4589 1478 4668 quia
1490 4591 1601 4650 161666
1612 4587 1841 4648 defensionem
1852 4585 1983 4646 nostran

344 4711 430 4787 quod
471 4707 630 4770 Dominus
666 4703 843 4766 Sodomam
882 4701 915 4762 et
947 4701 1142 4760 Gomorram
1196 4693 1230 4753 et
1245 4689 1410 4752 auxilium
1425 4686 1606 4764 postulant,
1622 4701 1667 4746 ea
1685 4683 1878 4745 christiana
1894 4678 1984 4757 pieta-

341 4807 517 4872 eversione
536 4803 716 4866 damnavit.
738 4799 891 4862 Praefatis
912 4811 992 4859 vero
1014 4809 1141 4857 execu-
1196 4789 1240 4850 tis
1263 4785 1527 4856 mansuetudine,
1555 4783 1840 4860 predecessorum
1862 4781 1982 4840 nostro-

341 4907 468 4971 toribus
502 4903 606 4971 hanc,
634 4902 667 4962 et
691 4899 775 4961 alias
801 4897 950 4975 ipsorum
976 4892 1142 4969 legitimas
1196 4902 1272 4946 rum
1308 4884 1416 4946 felicis
1456 4881 1625 4943 memoriae
1657 4878 1798 4950 calixti,
1836 4871 1982 4950 Eugenii.

344 5004 558 5081 exceptiones
583 4999 701 5062 audire
727 4994 916 5057 nolentibus
935 4992 968 5054 61
982 4990 1144 5052 intolera-
1198 4981 1392 5054 Alexandri,
1428 4979 1618 5050 Clementis,
1646 4975 1825 5047 coelestini,
1853 4975 1984 5077 611666

341 5103 454 5166 biliter
483 5097 688 5163 arctantibus
719 5111 777 5156 eos
800 5094 834 5156 in
859 5085 1144 5166 assignationibus
1200 5080 1302 5142 centii
1317 5083 1542 5141 Romanorum
1557 5074 1755 5138 Pontificum
1776 5069 1925 5146 vestigiis
1944 5079 1988 5124 in·

340 5202 572 5270 terminorum,
590 5196 654 5274 ipsi
676 5192 858 5255 sentientes
873 5205 909 5250 se
924 5187 1046 5266 injuste
1061 5199 1143 5260 gra·
1201 5179 1376 5250 haerentes,
1398 5177 1547 5253 ipsorum
1572 5173 1765 5251 petitionem
1783 5167 1984 5231 admittimus,

340 5301 429 5372 vari,
461 5313 521 5376 per
548 5293 797 5373 procuratorem
833 5303 930 5350 suum
959 5284 1000 5346 ad
1027 5281 1144 5344 Sedena
1200 5277 1298 5354 eique
1322 5273 1537 5352 protectionis
1561 5273 1684 5333 nestrae
1706 5269 1858 5346 clypeum
1887 5259 1989 5372 indul·

346 5397 570 5475 Apostolicam
585 5388 817 5469 appellarunt,
840 5385 896 5446 sed
914 5383 977 5461 ipsi
997 5379 1145 5456 legitima
1201 5389 1326 5451 gemus.
1346 5371 1527 5435 statuimus
1542 5369 1653 5440 etiam,
1668 5369 1706 5429 ut
1721 5365 1832 5426 nullus
1847 5359 1991 5470 oli-risita-

346 5511 462 5558 eorum
482 5490 705 5570 appellatione
729 5481 932 5559 contempta,
955 5477 1148 5555 suspensio·
1183 5555 1184 5558 Ἴ
1202 5489 1264 5533 666
1280 5471 1413 5542 invitos,
1430 5469 1486 5530 vel
1499 5465 1650 5528 nolentes
1671 5476 1729 5526 cos
1749 5461 1790 5524 ad
1805 5461 1989 5558 baptismum

342 5595 399 5656 nis
432 5592 466 5653 16
495 5605 554 5651 eos
583 5583 781 5648 sententiam
812 5577 1031 5656 protulerunt.
1055 5573 1147 5646 Quod
1203 5586 1262 5652 per
1296 5567 1488 5632 violentiam
1510 5563 1626 5630 venire
1660 5561 1854 5640 compellat,
1888 5553 1942 5616 sed
1965 5563 1989 5608 s1
