4214 6400
39 302 100 396 ’66
699 333 930 395 6666666.
953 331 1032 392 ma.
1054 331 1078 391 1.
1647 280 1650 286 ¹
1673 330 1711 420 64

53 493 193 570 trisque
220 491 468 554 successoribus
505 492 539 553 61
569 488 698 554 11111616
725 508 860 569 perma-

55 591 178 651 neant.
217 592 254 650 16
285 587 404 666 quibus
433 587 505 650 haec
533 590 678 666 propriis
704 589 860 652 duximus

54 686 282 765 exprimenda
297 686 479 748 vocabulis

101 788 229 846 Locum
243 785 363 860 ipsum,
378 784 415 843 in
430 799 494 860 quo
509 783 703 860 praedictum
719 799 856 846 monas-

54 881 187 942 terium
209 881 308 942 situm
328 880 468 942 661666
489 879 642 942 omnibus
663 881 860 958 adjacentiis

55 979 93 1040 et
109 978 321 1056 pertinentiis
345 977 427 1049 suis,
444 993 518 1038 cum
533 977 694 1048 ecclesiis,
717 978 750 1040 et
768 979 857 1052 61116,

55 1091 136 1152 quae
162 1075 204 1136 ad
225 1074 312 1136 idem
335 1075 573 1138 monasterinm
593 1076 759 1154 pertinere
779 1092 860 1138 nos·

54 1173 196 1234 cuntur.

100 1269 343 1332 Monasterium
358 1271 391 1331 S.
409 1269 525 1331 Salvii.

99 1366 342 1428 Monasterium
366 1369 399 1427 S.
429 1366 600 1429 Trinitatis
621 1366 661 1429 de
675 1367 857 1430 Florentia.

99 1463 343 1524 Monasterium
359 1463 523 1525 Strumen.

99 1560 343 1621 Monasterium
363 1560 403 1621 de
424 1560 545 1634 066116,
568 1562 602 1624 61
626 1563 659 1623 8.
686 1562 802 1624 166611
818 1562 858 1624 16

51 1657 217 1718 castello.
717 1651 722 1658 '

98 1753 340 1814 Monasterium
364 1754 404 1814 de
429 1754 645 1828 Passiniano,
676 1757 709 1818 et
733 1759 766 1818 S.
787 1758 856 1818 Mi-

54 1850 186 1912 chaelis
204 1849 244 1911 de
259 1850 366 1923 Senia,
382 1853 416 1913 61
428 1851 468 1912 16
480 1851 656 1928 Alpbiano.

97 1948 339 2009 Monasterium
360 1948 400 2008 de
422 1948 619 2022 cultubono,
636 1951 669 2012 et
691 1949 731 2011 de
745 1951 857 2014 Monte

57 2045 161 2105 Pisis.

99 2141 341 2204 Monasterium
372 2142 413 2203 de
456 2133 728 2218 Montesoelario,
755 2145 789 2207 et
816 2144 856 2207 de

58 2239 208 2300 Nerana.

99 2337 341 2398 Monasterium
354 2325 396 2399 de
408 2338 542 2402 Ficiclo.

97 2431 338 2492 Monasterium
353 2432 394 2493 de
407 2433 585 2510 cappiano.

96 2529 338 2590 Monasterium
355 2532 387 2590 S.
409 2531 502 2591 Pauli
515 2531 641 2592 Pisani.

96 2626 136 2684 ln
154 2625 320 2693 Sardinia,
336 2627 368 2686 S.
385 2626 561 2688 Michaelis
578 2626 618 2688 de
634 2627 783 2689 Plaiano.

96 2721 339 2784 Monasterium
356 2724 389 2783 S.
406 2722 579 2784 Michaelis
601 2725 642 2786 de
669 2725 852 2787 Salveniro.

94 2819 136 2878 In
158 2817 317 2892 Arborea,
329 2821 361 2880 S.
379 2821 552 2882 Michaelis
568 2821 608 2883 de
622 2823 733 2884 Monte
747 2825 854 2884 Ercu-

57 2915 162 2976 lento.

94 3013 338 3074 Monasterium
354 3015 387 3074 S.
403 3015 522 3090 Angeli
535 3015 575 3076 de
596 3016 751 3079 Pistorio.

96 3110 340 3171 Monasterium
354 3109 395 3171 de
409 3112 586 3174 Pacciano.

94 3205 336 3267 Monasterium
352 3208 565 3270 8116616616
579 3211 691 3273 Prato.

95 3304 336 3364 Monasterium
358 3304 398 3366 de
413 3306 552 3382 vajano.

95 3400 337 3462 Monasterium
372 3401 412 3461 de
443 3402 569 3480 Opleto,
611 3402 643 3465 61
677 3403 718 3465 16
741 3406 854 3468 Monte

52 3498 175 3558 Plane.
584 3503 588 3510 '

96 3593 336 3654 Monasterium
347 3594 387 3655 de
398 3596 502 3658 Fonte
516 3597 673 3659 Theonis.

95 3690 336 3750 Monasterium
351 3690 392 3751 de
407 3693 564 3754 Musceto.

94 3787 335 3847 Monasterium
347 3787 386 3848 de
401 3789 513 3850 Monte
524 3791 671 3852 Armato.

95 3883 336 3944 Monasterium
352 3887 385 3944 S.
405 3885 547 3947 ceciliae.

95 3981 336 4042 Monasterium
350 3983 382 4043 S.
397 3984 585 4060 Reparatee.

96 4077 572 4141 MonasteriumdeTrecento.

96 4175 336 4236 Monasterium
355 4175 395 4236 de
408 4176 571 4254 crispino.

96 4273 335 4333 Monasterium
348 4271 388 4332 16
403 4274 578 4336 Razzuolo.

97 4368 340 4429 Monasterium
354 4371 386 4430 S.
404 4371 577 4446 Sepulchri
593 4371 633 4433 de
646 4372 761 4449 Papia.

96 4465 335 4529 Monasterium
351 4465 391 4526 de
410 4467 493 4528 Rivo
509 4469 651 4530 cesaris.

96 4561 336 4622 Monasterium
358 4562 398 4623 de
411 4564 531 4626 Cuneo.

96 4659 337 4720 Monasterium
350 4658 391 4720 de
402 4661 511 4721 Turni.

96 4756 336 4816 Monasterium
351 4755 392 4817 de
404 4757 559 4834 caprilla.

96 4851 336 4913 Monasterium
357 4855 389 4913 S.
415 4854 584 4916 Benedicti
602 4855 644 4916 de
667 4856 849 4919 Placentia.

96 4950 337 5010 Monasterium
353 4949 394 5011 de
408 4951 519 5012 Herba
530 4955 650 5014 amata.

96 5045 337 5107 Monasterium
351 5045 391 5108 16
405 5050 571 5109 cavanna.

96 5143 336 5204 Monasterium
362 5147 394 5204 8.
418 5145 628 5206 Mercurialis
650 5147 849 5211 Forolivien.

98 5239 338 5300 Monasterium
353 5241 394 5301 de
409 5241 567 5302 Novaria.

96 5337 338 5398 Monasterium
351 5337 392 5398 de
404 5338 578 5400 Vercellis.

95 5433 335 5495 Monasterium
352 5436 390 5496 de
405 5437 525 5497 Janua.

96 5531 336 5592 Monasterium
352 5533 385 5592 S.
402 5533 499 5594 Pauli
514 5533 554 5596 de
568 5533 730 5596 Terdona.

96 5627 336 5691 Monasterium
353 5631 386 5690 S.
401 5631 517 5693 Jacobi
529 5631 756 5694 Taurinensis.

955 488 1193 554 Monasterium
1208 488 1356 552 Brixian.

955 588 1193 650 Monasterium
1230 589 1263 648 S.
1292 582 1466 648 Trinitatis
1496 583 1708 647 Veronensis.

954 686 1192 747 Monasterium
1208 687 1240 746 8.
1254 683 1380 760 Vigilii.

954 783 1194 845 Monasterium
1209 785 1405 858 Bergomen.

953 880 1192 942 Monasterium
1209 879 1430 941 Mediolanen.

953 978 1190 1040 Monasterium
1207 979 1239 1038 S.
1256 975 1470 1055 carpophori.

953 1075 1192 1137 Monasterium
1207 1075 1320 1138 Asten.

954 1173 1190 1234 Monasterium
1207 1174 1240 1233 S.
1254 1171 1351 1247 Angli
1363 1171 1382 1233 J
1384 1169 1553 1247 uniperiti.

952 1269 1191 1331 Monasterium
1208 1271 1240 1330 8.
1261 1266 1475 1344 sigismundi.

952 1367 1191 1428 Monasterium
1207 1367 1239 1427 S.
1256 1365 1371 1426 Mariae
1386 1364 1426 1426 16
1441 1364 1613 1424 Flumana.

952 1463 1191 1525 Monasterium
1208 1465 1242 1524 S.
1257 1461 1373 1522 Mariae
1388 1461 1428 1522 de
1444 1463 1580 1538 866666.

951 1560 1190 1623 Monasterium
1206 1561 1240 1620 S.
1256 1559 1371 1620 Mariae
1382 1557 1423 1618 de
1437 1560 1556 1618 Doroa.

951 1658 1191 1720 Monasterium
1205 1659 1237 1717 8.
1254 1655 1346 1716 Ρ6161
1360 1655 1401 1716 16
1415 1651 1626 1728 Prolongeia.

953 1754 1192 1817 Monasterium
1216 1753 1256 1814 de
1280 1753 1481 1823 Latronore,
1507 1754 1540 1812 61
1562 1751 1598 1810 16
1618 1747 1706 1811 11616

914 1852 1153 1914 monasterium
1170 1853 1202 1912 S.
1218 1849 1390 1910 Praxedis.
1410 1849 1561 1909 castrum
1575 1847 1615 1908 de
1630 1849 1705 1907 Ma-

912 1950 1010 2025 gnale
1026 1965 1100 2010 cum
1120 1948 1224 2019 curte,
1241 1945 1392 2008 ecclesiis
1406 1946 1439 2008 et
1458 1931 1609 2006 omnibus
1627 1957 1707 2020 per-

911 2047 1062 2108 tinentiis
1075 2046 1157 2106 suia.

950 2144 1188 2208 Monasterium
1202 2142 1242 2204 de
1255 2141 1385 2220 Ripule,
1401 2156 1475 2202 cum
1494 2137 1704 2217 pertinentiis

910 2257 991 2302 suis.

951 2339 1133 2401 Libertates
1146 2338 1179 2400 et
1191 2337 1416 2400 immunitates
1438 2351 1458 2397 a
1478 2335 1705 2413 praedecesso-

911 2436 1002 2498 ribus
1018 2436 1141 2498 nostris
1162 2435 1250 2497 16116.
1266 2434 1395 2497 666661.
1411 2435 1555 2504 Victore,
1577 2421 1704 2506 Grego-

910 2534 962 2595 rio
984 2537 1055 2602 111,
1079 2533 1213 2595 Urbano
1234 2535 1275 2604 Il,
1302 2531 1475 2602 Paschale,
1496 2528 1700 2601 Innocentio,

910 2631 1068 2706 Eugenio,
1102 2629 1308 2700 Alexandro,
1339 2628 1453 2700 Lucio,
1477 2626 1610 2689 Urbano
1643 2627 1700 2696 ΙΙΙ,

909 2721 1703 2804 (1661661166,616661666666116,11666616Ρ6611-

909 2824 1127 2887 ficibusvobis
1143 2824 1297 2895 indultas,
1308 2824 1342 2884 61
1353 2838 1458 2898 usque
1473 2821 1514 2882 ad
1527 2819 1599 2882 haec
1614 2821 1701 2880 tem-

908 2939 990 3000 pora
1017 2921 1155 3000 pacifice
1172 2920 1395 2991 confirmatas,
1415 2919 1506 2980 ratas
1528 2916 1699 2990 habemus,

908 3021 941 3082 61
974 3035 1031 3080 666
1063 3018 1261 3081 auctoritate
1291 3015 1485 3094 Apostolioa
1520 3015 1701 3076 66611666-

908 3133 992 3178 666.
1481 3169 1486 3178 .

948 3217 1036 3275 8666
1054 3212 1206 3275 1616666
1227 3213 1425 3286 vestrorum,
1451 3226 1534 3289 quos
1558 3209 1701 3288 propriis

907 3311 1071 3383 6661166,
1094 3311 1151 3372 661
1176 3309 1360 3387 sumptibus
1377 3309 1496 3380 colitis,
1516 3307 1556 3368 de
1573 3321 1702 3384 posses-

908 3407 1057 3468 sionibus
1079 3407 1201 3468 babitis
1225 3407 1304 3468 ante
1323 3406 1506 3468 concilium
1532 3403 1699 3480 generale,

907 3505 978 3565 sive
992 3503 1162 3575 16166116,
1179 3505 1211 3564 61
1225 3503 1391 3578 virgultis,
1410 3503 1443 3563 61
1462 3501 1700 3578 piscationibus

906 3601 1037 3672 vestris,
1053 3599 1107 3660 vel
1122 3600 1163 3660 de
1181 3599 1393 3660 nutrimentis
1415 3597 1610 3658 animalium
1624 3611 1702 3656 ves-

907 3687 1045 3769 trorum,
1076 3695 1315 3757 6616116616
1338 3693 1523 3766 novalibus,
1547 3693 1658 3755 661166
1680 3709 1701 3754 6

907 3794 1000 3856 vobis
1013 3794 1157 3854 decimas
1174 3792 1320 3868 exigere,
1336 3793 1389 3854 vel
1402 3793 1598 3868 extorquere
1613 3805 1702 3868 prae-

907 3892 1026 3953 sumat.
1048 3892 1162 3952 Liceat
1182 3890 1286 3962 vobis,
1304 3890 1479 3959 colericos,
1495 3890 1548 3951 vel
1576 3889 1698 3960 161666,

907 3988 1029 4050 liberos
1051 3989 1083 4050 et
1098 3986 1442 4059 absolutos,eseeculo
1464 3985 1639 4062 fugientes,
1658 3986 1700 4047 ad

907 4086 1156 4147 conversionem
1172 4085 1331 4161 recipere,
1353 4086 1385 4146 et
1404 4100 1461 4146 eos
1476 4084 1600 4161 absque
1620 4099 1702 4144 oon-

907 4183 1103 4245 tradictione
1118 4183 1231 4260 aliqua
1245 4181 1400 4243 retinere.

946 4278 1039 4339 Nulli
1063 4294 1193 4355 quoque
1214 4278 1315 4340 liceat
1330 4277 1464 4354 aliquod
1482 4275 1602 4337 vestrae
1619 4274 1702 4336 reli-

906 4375 1015 4451 gionis
1029 4374 1267 4436 monasterium
1281 4390 1302 4435 a
1314 4374 1378 4435 loci
1392 4373 1444 4434 sui
1457 4371 1637 4434 stabilitate
1651 4385 1702 4432 re-

906 4471 1041 4543 vellere,
1056 4487 1095 4532 66
1110 4487 1254 4543 movere,
1269 4471 1341 4532 sine
1362 4469 1491 4531 abbatis
1508 4470 1541 4532 et
1560 4485 1702 4545 congre-

906 4567 1050 4644 gationis
1073 4568 1238 4630 communi
1262 4584 1437 4630 consensu.
1455 4567 1628 4629 sancimus
1642 4567 1701 4626 in-

907 4682 1017 4742 super,
1038 4668 1075 4727 ut
1091 4665 1175 4727 nulli
1191 4666 1420 4742 episcoporum
1437 4664 1488 4726 166
1510 4663 1605 4727 sitin
1626 4680 1699 4737 vos,

907 4763 1270 4834 excommunicationis,
1287 4763 1340 4824 vel
1362 4761 1540 4833 interdicti,
1567 4761 1702 4823 senten-

905 4859 987 4921 tiam
1002 4860 1225 4936 promulgare,
1249 4861 1285 4920 ut
1305 4859 1416 4936 quiin
1438 4859 1600 4934 speciales
1621 4857 1700 4919 estis

907 4955 994 5017 tilios
1008 4957 1207 5033 Apostolioae
1222 4956 1316 5017 Sedis
1331 4955 1503 5031 assumpti,
1518 4955 1642 5015 nullius
1655 4954 1702 5015 al·

906 5053 1014 5115 terius
1025 5053 1187 5130 jndicium
1199 5054 1323 5114 temere
1336 5051 1495 5112 subeatis.

947 5151 1146 5221 8161666166,
1162 5151 1199 5209 61
1213 5149 1360 5210 666166
1382 5148 1614 5225 praedictorum
1630 5161 1703 5208 mo-

906 5248 1128 5309 nasteriorum
1150 5247 1259 5322 caput,
1279 5245 1365 5322 quod
1380 5245 1415 5305 in
1429 5245 1524 5306 Valle
1538 5244 1700 5306 Umbrosa

907 5345 1004 5406 situm
1020 5345 1070 5406 est
1084 5343 1322 5405 monasterium
1338 5341 1509 5403 habeatur.

947 5443 1034 5502 Sane
1057 5458 1130 5502 oum
1148 5441 1311 5502 terminus
1331 5440 1409 5502 vitae
1428 5440 1554 5516 pastori
1575 5440 1698 5512 vestre,

906 5539 1018 5601 divina
1034 5538 1261 5616 dispositione,
1276 5538 1462 5614 contigerit,
1477 5537 1533 5614 qui
1543 5540 1615 5615 ejus
1627 5537 1700 5601 loco

906 5635 1153 5700 substituendus
1186 5637 1304 5712 166611,
1328 5636 1406 5714 quia
1426 5635 1535 5708 vohis,
1566 5637 1599 5699 et
1623 5637 1699 5698 aliis
