4234 6408
129 277 188 344 alt

132 547 278 614 unquam
298 532 379 596 uelit
393 533 494 595 Sedes
512 533 702 612 Apostolica
719 535 772 598 vel
794 535 837 598 ad
852 553 927 599 mo·

133 635 242 696 dicum
256 631 436 694 terminum
451 647 643 708 prorogare,
664 632 721 710 qui
740 632 803 695 fuit
822 649 929 710 nuper

132 733 167 795 in
182 747 278 794 sacro
296 729 448 809 generali
460 729 608 791 Concilio
627 731 836 802 constitutus,
853 747 928 792 cum

133 847 201 908 prae
215 828 321 889 multo
337 826 502 888 desiderio
523 825 620 888 nobis
635 827 668 888 et
679 827 837 889 fratribus
851 844 930 888 nos-

131 928 192 989 tris
207 925 315 987 omnis
337 924 493 985 celeritas
508 923 551 986 sit
570 939 702 986 morosa
728 925 761 986 et
774 925 929 1002 quaelibet

12 1025 16 1057 ‘
133 1022 324 1086 festinantia
336 1021 436 1084 nimIs
451 1022 558 1098 pigra,
582 1037 621 1082 eo
638 1021 725 1100 quod
745 1022 830 1083 nibil
847 1022 928 1084 satis

134 1121 279 1199 cupienti
322 1119 433 1180 ammo
473 1117 660 1180 festinatur.
707 1119 928 1195 accingimini

133 1219 247 1294 igitur,
267 1217 337 1288 filii,
363 1215 524 1293 potenter,
536 1214 568 1278 et
590 1217 625 1276 ut
648 1214 861 1278 laudabiliter
881 1217 930 1278 in·

134 1315 277 1393 cepistis,
297 1312 401 1375 estote
418 1313 537 1391 parati,
555 1313 632 1390 quia
651 1314 928 1391 praeparationem

134 1411 360 1475 cordisvestri
379 1411 471 1471 aurts
491 1410 550 1472 Dei
562 1411 594 1472 et
613 1410 785 1472 bominum
808 1428 930 1489 accep·

3 1551 4 1590 3
132 1510 225 1582 tavit,
235 1509 268 1571 et
287 1507 374 1570 sicut
388 1507 568 1585 prudenter
589 1507 761 1586 disposuit,
768 1511 839 1586 jam
858 1509 930 1570 sul-

134 1623 211 1682 care
234 1606 341 1667 maria
364 1604 540 1678 inchoetis,
557 1605 688 1666 caeteris
701 1605 928 1682 gradientibus

134 1720 231 1766 suum
243 1703 317 1776 iter,
329 1702 366 1764 ut
381 1718 456 1764 cum
471 1703 679 1774 eis,Domino
691 1702 884 1777 deducente,
892 1704 928 1766 in

133 1801 272 1880 praefixo
294 1801 440 1876 tempore
465 1799 667 1877 perveniatis
694 1800 735 1862 ad
757 1801 871 1878 portus
893 1800 928 1863 in

135 1897 281 1960 Concilio
305 1897 503 1975 praednitos,
538 1897 606 1970 ubi,
632 1898 674 1958 ad
695 1897 928 1962 stabiliendum

134 1996 280 2058 vestrum
294 1995 509 2072 propositum,
518 1995 666 2072 recipere
680 1996 815 2071 possitis
829 2011 849 2056 a
864 2011 928 2058 no-

133 2093 182 2156 bis
216 2091 394 2154 consilium
427 2092 460 2154 et
498 2091 661 2154 auxilium
693 2094 926 2170 opportunum,

3 2179 4 2184 ’
135 2191 276 2254 seientes
313 2189 400 2268 quod
428 2189 459 2250 si
488 2190 545 2268 qui
575 2189 704 2264 forsan,
732 2191 820 2268 quod
840 2193 928 2252 Deus

125 2287 273 2360 ‘avertat
297 2285 461 2348 diabolica
481 2286 597 2348 fraude
619 2286 746 2349 seducti
766 2286 820 2350 vel
840 2287 928 2349 tem-

134 2384 257 2464 poralis
290 2401 350 2446 seu
385 2383 530 2446 carnalis
556 2385 680 2446 amoris
711 2383 928 2450 delectatione

135 2482 291 2544 abstracti
317 2481 538 2560 aliquatenus,
555 2481 608 2544 vel
639 2481 755 2554 illecti,
781 2481 928 2544 cervices

134 2596 210 2644 suas
227 2580 268 2640 ab
281 2595 382 2641 onere
392 2582 463 2657 jam
478 2578 630 2656 suscepto
645 2578 830 2656 adtempus
844 2578 928 2639 sub-

134 2679 255 2758 ducere
262 2678 314 2740 vel
330 2677 485 2739 excutere
500 2675 647 2738 indebite
661 2676 867 2750 molirentur,
875 2675 928 2738 vel

135 2791 235 2854 super
267 2775 330 2836 boc
356 2773 433 2835 aliis
455 2773 727 2852 impedimentum
755 2774 926 2851 praestare,

133 2874 255 2952 praeter
274 2872 526 2934 diminutionem
546 2871 668 2933 divinae
689 2870 805 2948 gloriae
820 2886 859 2932 ac
874 2871 929 2932 in-

133 2971 271 3033 famiam
283 2969 500 3047 corporalem,
514 2967 750 3032 coercitionem
762 2984 830 3031 non
845 2985 927 3042 evas

133 3069 252 3131 darent
264 3067 317 3130 vel
330 3083 504 3129 censuram
518 3066 754 3129 ecclesiasticae
777 3067 926 3129 ulti0nis.

132 3169 201 3228 Vos
217 3167 326 3228 autem
346 3165 442 3226 electi
449 3165 508 3227 Dei
523 3164 556 3227 et
570 3163 631 3226 lilii
645 3167 725 3228 Jesu
740 3163 873 3237 Christi,
890 3179 929 3227 ac

132 3263 290 3341 primitias
301 3261 513 3340 triumphalis
534 3262 701 3325 exercitus
721 3257 847 3324 domini
868 3263 929 3322 Sa-

131 3360 235 3423 baoth
250 3361 338 3436 regis
356 3361 472 3437 gloriae
490 3377 529 3422 ac
550 3360 721 3433 virtutum,
734 3375 834 3438 super
856 3359 929 3420 rias

131 3459 263 3520 uestras
288 3458 400 3535 ponite
426 3456 565 3518 firmiter
598 3458 699 3518 corda
730 3459 853 3527 vestra,
868 3471 929 3517 nec

132 3555 333 3634 permittatis
359 3556 396 3617 ut
416 3553 652 3616 candelabrum
670 3552 817 3615 vestrum
837 3551 931 3630 quis-

132 3652 290 3730 quamde
310 3653 383 3714 loco
399 3667 459 3713 suo
471 3652 625 3713 amoveat
644 3651 698 3713 vel
720 3649 824 3727 aliqui
835 3648 929 3712 uobis

131 3749 331 3827 praeripiant
344 3765 501 3811 coronam
525 3748 558 3810 et
571 3747 712 3822 gloriam
736 3749 807 3823 jam
830 3759 931 3822 para-

131 3847 214 3908 tam.
231 3847 327 3908 Multi
342 3847 430 3907 enim
444 3859 505 3921 per
524 3843 632 3905 terras
647 3843 679 3904 et
691 3843 798 3903 maria
821 3841 931 3902 certa-

132 3945 194 4006 tIm
216 3957 397 4022 properare
418 3940 599 4017 disponunt
623 3939 658 3999 in
682 3938 824 4001 termino
843 3954 931 4016 prae-

133 4041 248 4113 finito,
275 4039 376 4099 tantae
413 4035 529 4114 gloriae
566 4035 699 4099 uanum
736 4037 813 4098 ante
845 4035 930 4098 alios

119 4134 413 4216 conquirendum,
443 4134 531 4196 inter
560 4151 643 4213 quos
673 4134 867 4196 carissimus
894 4135 930 4196 in

134 4234 267 4296 Christo
283 4232 371 4294 illius
385 4233 509 4304 noster,
528 4231 683 4310 Ungariae
704 4248 767 4294 rex
775 4233 928 4306 illustris,

132 4333 255 4394 adhoc
276 4345 370 4407 opus,
386 4332 485 4408 prout
505 4328 602 4392 nobis
628 4329 702 4390 suis¹
713 4329 833 4392 litteris
847 4329 931 4392 inti·

130 4427 248 4500 mavit,
283 4428 457 4504 magnifice
488 4442 534 4488 se
556 4426 711 4504 accingit.
747 4427 822 4488 Non
851 4441 930 4502 ergo

130 4527 310 4604 quisquam
321 4525 486 4603 deinceps,
499 4525 555 4602 qui
565 4524 701 4602 paratus
714 4523 839 4592 existit,
852 4523 932 4585 tem·

129 4640 197 4702 pus
225 4622 333 4698 magis
371 4621 592 4699 opportunum
620 4622 766 4684 inaniter
786 4622 930 4699 praesto-

127 4721 232 4792 letur,
245 4735 347 4798 quum
369 4734 466 4782 omne
490 4735 564 4780 cras
591 4719 634 4781 sit
646 4719 782 4780 dubium
807 4735 931 4797 expec-

125 4817 231 4890 tanti,
248 4831 290 4877 na
305 4817 362 4894 qui
376 4832 443 4879 non
458 4817 508 4878 est
528 4815 627 4879 bodie
640 4817 684 4879 sit
702 4833 778 4879 cras
790 4815 931 4880 forsitan

124 4916 247 4978 minus
259 4915 368 4991 aptus,
380 4912 458 4974 dum
476 4929 544 4976 vox
555 4915 721 4977 cantantis
736 4915 770 4976 in
785 4915 931 4978 fenestra

123 5015 164 5076 et
177 5025 300 5074 corvus
316 5011 353 5072 in
373 5010 622 5088 superliminari
634 5011 799 5075 fallaciter
815 5029 932 5090 expec-

123 5110 268 5184 tantur3
285 5108 342 5170 sed
358 5107 455 5185 juxta
470 5107 648 5170 consilium
664 5109 824 5186 sapientis
835 5110 933 5188 quid-

124 5205 212 5286 quid
228 5204 336 5283 potest
350 5204 514 5267 instanter
534 5218 651 5266 manus
663 5206 843 5283 cujuslibet
852 5221 933 5284 ope-

122 5306 239 5376 retur,
261 5303 339 5381 quia
358 5318 425 5364 non
443 5300 684 5363 dormientibus
703 5304 764 5371 ¹sed
787 5304 933 5381 viglian-

122 5400 223 5466 tibus
250 5415 373 5461 corona
400 5400 550 5462 noscitur
576 5401 789 5478 repromissa.
814 5403 931 5464 Datum

125 5497 932 5577 Laterani,vila1.femuarii‚pontificatusnostrr

127 5611 224 5658 anno
237 5595 356 5674 primo.

764 277 994 342 episteme.
1017 283 1096 346 LIB.
1119 285 1144 348 1.

14 449 18 499 ;
131 437 317 513 indulgere,
333 449 431 498 nemo
445 434 618 498 autumare
635 436 824 514 praesumat,
842 440 927 516 quod

1277 456 1485 550 CLXXVII

982 637 1035 698 Ad
1047 642 1270 706 Patentinum
1288 648 1484 722 episcopum
1502 650 1702 716 ctobbutcm
1712 660 1780 720 Fu·

1021 741 1192 802 attensem
1204 747 1416 808 Placentiam
1432 751 1598 825 dtaeccsis,
1619 753 1653 816 et
1673 757 1778 818 deoa-

1023 851 1107 898 num
1122 841 1331 904 Toletanum.

973 1033 974 1038 Ἰ
1185 1023 1188 1030 ,
1275 965 1309 1022 ²7
1328 967 1390 1026 Ian.
1406 969 1485 1028 itii.

1015 1073 1088 1140 [Cod.
1101 1076 1146 1128 lat.
1160 1077 1233 1141 asel,
1243 1093 1270 1144 p.
1283 1079 1321 1130 73.
1336 1084 1397 1134 llss.
1409 1084 1586 1151 bibliotheque
1596 1088 1748 1157 naticnale.]

983 1171 1125 1265 Episcopo
1143 1201 1171 1252 et
1187 1191 1282 1253 abbati
1298 1198 1446 1258 insiliensi
1462 1201 1635 1262 Placentina
1647 1203 1779 1266 dioecesIs

1018 1287 1047 1338 et
1064 1279 1174 1340 decano
1193 1285 1330 1342 Toletano
1352 1287 1469 1348 mandat
1487 1297 1518 1348 ut
1536 1294 1709 1366 compellant
1727 1298 1778 1354 Ju-

1019 1367 1097 1426 daeos
1115 1370 1151 1428 ad
1174 1373 1356 1445 exsequenda
1377 1391 1440 1447 quae
1463 1377 1492 1434 in
1511 1380 1637 1439 Concilio
1651 1383 1780 1455 generali

1018 1457 1093 1603 loligo
1104 1473 1155 1517 eos
1168 1467 1273 1520 statuta
1290 1469 1366 1533 suut,
1379 1467 1537 1536 prasertim
1551 1466 1587 1525 dc
1599 1467 1781 1529 distinctione

991 1577 994 1586 ι
1040 1559 1055 1604 a
1077 1547 1142 1606 itus.

1022 1665 1103 1725 Cum
1126 1665 1162 1726 in
1183 1669 1332 1744 generali
1354 1671 1500 1734 Concilio
1523 1673 1661 1750 provida
1679 1676 1781 1740 fuerit

983 1759 1222 1827 deliberatione
1243 1767 1419 1842 statutum,
1441 1770 1574 1834 Judaeos
1597 1790 1657 1852 per
1680 1775 1779 1837 subs-

982 1859 1427 1928 tractionemcommunionis
1436 1867 1582 1932 fidelium
1591 1872 1780 1948 specialiter

982 1955 1017 2017 in
1033 1959 1240 2020 commerciis
1255 1962 1498 2039 compellendos
1513 1966 1555 2027 ad
1570 1967 1782 2030 satisfacien-

983 2052 1060 2115 dum
1070 2055 1222 2118 ecclesiis
1232 2073 1291 2134 pro
1302 2059 1439 2122 decimis
1449 2061 1482 2123 et
1490 2061 1711 2126 oblationibus
1722 2065 1782 2128 de-

982 2150 1062 2213 bitis
1083 2169 1197 2230 quasa
1217 2155 1411 2219 christianis
1432 2158 1473 2221 de
1492 2159 1643 2222 domibus
1656 2163 1688 2224 et
1702 2179 1781 2240 pos-

982 2250 1187 2312 sessionibus
1218 2254 1296 2316 alfis
1329 2256 1502 2333 percipere
1539 2261 1782 2322 consueverant

982 2349 1160 2425 antequam
1174 2350 1217 2412 ad
1230 2354 1249 2416 J
1252 2351 1364 2416 udaaos
1379 2370 1585 2434 quocumque
1606 2356 1703 2420 titulo
1722 2356 1783 2418 de-

982 2454 1152 2518 venissent
1165 2457 1293 2536 adjecto
1308 2460 1344 2522 ut
1356 2477 1376 2522 a
1390 2462 1709 2536 christianismum
1721 2477 1782 2540 per

983 2549 1209 2616 diversitatem
1241 2556 1373 2619 habitus
1397 2558 1644 2636 distinguantur
1672 2559 1781 2623 Judaei

983 2652 1278 2714 commemorantes
1297 2654 1332 2715 in
1351 2654 1488 2718 dioecesi
1502 2657 1536 2718 et
1549 2657 1684 2719 civitate
1695 2659 1782 2718 Bur-

982 2763 1058 2824 gen,
1079 2763 1141 2810 nec
1157 2764 1193 2811 se
1206 2765 1226 2812 a
1239 2751 1431 2814 christianis
1449 2770 1508 2831 per
1519 2753 1653 2816 babitus
1667 2754 1780 2832 quali-

982 2845 1083 2906 tatem
1104 2845 1308 2923 distinguere
1322 2866 1383 2912 nec
1403 2866 1463 2928 pro
1480 2851 1618 2914 decimis
1640 2853 1673 2914 et
1688 2851 1783 2914 obla·
1854 2889 1859 2898 ·

984 2943 1128 3005 tionibus
1153 2947 1352 3023 supradictis
1377 2948 1639 3012 satisfactionem
1663 2949 1782 3012 curant

983 3041 1133 3103 ecclesiis
1152 3043 1322 3117 exhibere,
1344 3047 1430 3108 sicut
1447 3046 1648 3109 venerabilis
1668 3047 1782 3109 fratris

984 3140 1089 3201 nostri
1101 3143 1281 3216 Burgensis
1296 3144 1443 3222 episcopi
1456 3145 1566 3208 oblata
1581 3145 1677 3207 nobis
1697 3145 1783 3222 peti-

982 3237 1029 3298 tio
1042 3237 1207 3314 patefecit.
1224 3240 1366 3317 Ideoque
1381 3242 1575 3305 discretioni
1587 3243 1708 3305 vestrae
1722 3257 1784 3319 per

983 3335 1165 3412 apostolica
1183 3338 1307 3413 scripta
1321 3339 1529 3404 mandamus.
1546 3340 1708 3417 quatenus
1720 3342 1783 3401 Ju-

983 3432 1073 3493 daeos
1087 3433 1238 3509 ipsos.ad
1260 3433 1467 3496 observanda
1486 3436 1645 3512 praedicia
1660 3451 1781 3496 seeun-

984 3528 1061 3589 dum
1088 3528 1227 3590 formam
1253 3545 1448 3607 expressam
1474 3530 1508 3592 in
1534 3531 1607 3608 ipso
1633 3533 1781 3594 Concilio

984 3622 1189 3703 compellatis
1208 3627 1244 3686 in
1264 3627 1475 3697 christianos,
1492 3629 1549 3706 qui
1563 3629 1688 3690 eisdem
1703 3628 1780 3690 effl-

984 3737 1060 3784 cere
1071 3722 1299 3784 recusantibus
1312 3725 1427 3786 contra
1437 3724 1694 3808 probibItionem
1704 3741 1783 3788 ves-

983 3819 1069 3880 tram
1078 3821 1321 3884 communicare
1341 3823 1623 3900 praesumpserint,
1640 3839 1782 3886 censura

985 3917 1213 3980 ecclesiastica
1243 3936 1331 3982 mon.
1359 3937 1490 3999 praem,
1512 3923 1610 4000 juxta
1639 3922 1780 3984 formam

985 4016 1626 4096 ejusdemConciliiexercentes.Quodsi
1637 4037 1703 4083 non
1714 4037 1782 4084 om·

985 4131 1055 4189 nes,
1072 4117 1162 4180 etc...
1182 4117 1218 4179 tu
1236 4116 1341 4180 frater
1362 4119 1528 4196 episcope,
1550 4120 1638 4180 eto...
1663 4120 1781 4180 Datum

985 4214 1152 4287 Laterani,
1168 4216 1212 4276 v1
1232 4214 1392 4276 kalendas
1415 4213 1587 4288 februarii,
1608 4215 1783 4294 pontifica-

984 4311 1038 4373 tus
1050 4311 1155 4374 nostri
1170 4326 1258 4372 anno
1270 4311 1388 4388 primo.

1271 4481 1500 4568 CLXXVIII

1024 4632 1280 4708 acceptricem
1296 4633 1330 4695 et
1346 4639 1512 4710 papatiam
1527 4637 1740 4698 Tolosanum.

1282 4756 1318 4814 28
1330 4756 1391 4830 jan.
1404 4757 1483 4816 itit.

1040 4877 1157 4945 [llipolli
1178 4879 1321 4930 bullarium
1340 4879 1436 4930 ordinis
1449 4881 1507 5008 ‘Fit
1523 4880 1728 4940 Praedicatornm,

1268 4959 1322 5022 al,
1336 4974 1362 5024 p.
1373 4961 1398 5018 o,
1411 4973 1437 5008 n.
1464 4962 1487 5021 ].

981 5077 1121 5134 llortatur
1140 5073 1305 5146 capitulum,
1331 5081 1359 5131 et
1388 5073 1523 5146 populum
1544 5075 1717 5132 l'olosanum
1746 5071 1783 5130 ad

1021 5164 1219 5236 eleemosynas
1234 5160 1396 5235 erogandas
1415 5161 1560 5218 sororibus
1573 5160 1676 5219 domus
1688 5160 1783 5233 hospi-

1020 5253 1087 5311 talis
1101 5250 1229 5310 arnaldi.

1026 5395 1193 5460 Honorius
1228 5395 1425 5473 episcopus,
1460 5409 1576 5456 servus
1610 5409 1782 5458 servorum

986 5496 1058 5566 Dei,
1072 5493 1202 5557 dilectis
1225 5493 1304 5554 liliis
1324 5491 1468 5572 capitulo
1484 5492 1517 5555 et
1541 5493 1662 5571 populo
1683 5494 1784 5558 'folo-

987 5590 1781 5671 sano,salutemetApostolicambenedictionem.
