4234 6408
1104 241 1131 280 ’s

947 292 1128 366 Houonn
1146 282 1363 378 Inopem.
1482 390 1487 406 ,

331 289 393 352 21⁵
1920 305 1981 374 aro

331 449 411 525 tem,
434 466 499 528 quo
524 465 584 530 per
606 469 642 514 se
663 453 716 516 vel
735 457 969 532 procuratores
990 459 1128 523 idoneos
1184 478 1259 529 cnm
1278 461 1481 544 perfectione
1507 475 1644 540 operum
1667 473 1727 540 per
1750 463 1982 532 centenarium

334 547 547 626 compareant
558 566 670 612 coram
683 553 780 615 nobis
794 555 992 620 sententiam
1007 573 1127 638 recep·
1184 559 1412 636 designatam
1422 559 1666 638 expeditionem
1675 562 1981 628 exercitnsDomini

334 646 428 708 turae.
453 647 543 718 Quod
568 647 598 708 si
623 665 690 712 non
719 667 845 726 omnes,
865 655 940 727 etc„
964 657 1029 718 duo
1052 671 1130 720 ves-

333 742 433 816 trum,
458 745 520 806 eto.
546 747 666 809 Datum
690 749 858 824 Laterani,
885 754 944 813 vll
968 753 1128 815 kalendas

333 839 506 918 februarii,
519 845 731 922 pontificatus
746 847 852 910 nostri
866 865 953 912 anno
968 851 1085 929 primo.

634 1117 822 1206 CLXXVI

334 1365 387 1426 Ad
421 1367 605 1428 universos
643 1368 899 1445 cmwcstpnotos
932 1382 1001 1442 per
1035 1371 1131 1432 Coto-

414 1464 571 1526 utcuscm
595 1468 811 1540 procinctam
836 1466 1048 1529 constitutos.

628 1639 663 1699 27
679 1641 739 1714 jan.
762 1639 841 1700 lili.

335 1798 449 1864 [liorem
460 1799 565 1863 Qnehen
585 1813 629 1850 rur
642 1799 791 1852 Gcschichte
808 1799 852 1852 der
869 1799 943 1853 suut
960 1799 1036 1860 Korn,
1056 1804 1075 1852 t.
1098 1800 1130 1860 11,

655 1895 681 1945 p.
693 1880 733 1938 us,
751 1894 778 1930 n.
788 1880 841 1946 th]

337 2046 517 2116 Exhortatur‚
532 2053 564 2104 ut
577 2046 606 2104 in
621 2061 721 2105 mense
737 2047 833 2120 aprilis
852 2047 982 2120 proximo
1004 2053 1073 2105 tunc
1085 2045 1129 2106 iu·

372 2140 436 2192 turo
462 2133 498 2193 ad
521 2142 619 2208 portus
639 2135 669 2194 in
688 2137 812 2196 Concilio
844 2137 999 2209 praeilnitos
1027 2151 1128 2210 perve-

373 2223 463 2281 niant.
976 2223 977 2228 ’

376 2405 545 2467 Honorius
580 2405 774 2482 episcopus,
809 2421 925 2468 servus
960 2419 1131 2468 servorum

337 2503 409 2574 Dei,
435 2503 601 2564 universis
621 2502 860 2578 crucesignatis
876 2517 936 2582 per
954 2502 1132 2576 Colonien-

337 2615 407 2659 sem
418 2597 622 2675 provinciam
628 2598 827 2672 constitutis,
835 2599 976 2661 salutem
989 2600 1132 2676 etApos·

336 2695 471 2758 tolicam
485 2695 758 2757 benedictionem.
782 2697 786 2707 ’

378 2793 510 2855 Gratias
523 2794 652 2869 agimus
669 2797 737 2855 Deo
752 2793 916 2856 nostruin
935 2793 1043 2870 gratia
1060 2792 1136 2866 Dei,¹

339 2906 413 2968 quae
428 2891 504 2952 data
520 2892 571 2952 est
587 2891 681 2953 vobis
694 2891 730 2952 in
741 2892 879 2953 Domino
894 2894 975 2953 Jesu
987 2890 1129 2952 Christo.

256 3028 259 3036 ·
337 2989 423 3050 Nam
434 2988 607 3067 postquam
618 2983 759 3071 auribus
769 2989 893 3050 nostris
906 2988 1032 3066 clamor
1043 2971 1130 3050 tubae
1150 3011 1153 3018 ·

337 3085 487 3147 insonuit
518 3086 687 3157 salutaris,
703 3101 763 3161 per
790 3101 850 3147 ora
878 3084 1132 3163 praedicatorum

336 3184 522 3260 clangentis
546 3185 578 3246 et
605 3183 779 3245 invitantis
804 3181 873 3263 [ad]
895 3189 1040 3261 pugnam
1062 3183 1131 3242 mi-

337 3281 419 3343 litiae
456 3280 659 3354 christianae,
695 3281 845 3359 protinus
880 3279 993 3342 divina
1012 3265 1133 3356 'gratia

338 3378 533 3456 inspirante,
551 3380 718 3456 assumpto
740 3377 881 3440 vivificae
901 3378 1009 3440 crucis
1025 3376 1131 3452 signo,

339 3477 379 3538 de
391 3477 493 3550 terra,
505 3476 656 3539 domibus
674 3476 706 3538 et
718 3467 914 3553 cognatione
921 3475 1044 3548 vestra,
1056 3489 1133 3536 con-

337 3575 445 3654 porali
459 3590 498 3637 ac
512 3575 650 3652 mystico
669 3566 821 3651 exemplo
835 3573 976 3634 Abrahae
992 3573 1034 3634 ad
1046 3587 1135 3649 prae-

338 3672 470 3750 ceptum
494 3673 637 3742 Domini,
653 3672 767 3748 egredi
791 3671 964 3743 statuistis,
992 3670 1029 3731 ut
1049 3669 1133 3731 eatis

337 3770 374 3830 in
398 3766 638 3831 terramillam
664 3768 743 3832 olim
767 3769 916 3830 inclitam
942 3783 981 3829 ao
1010 3765 1134 3829 Christi

268 3905 271 3914 ·
338 3865 501 3940 sanguine
520 3865 757 3937 consecratam,
774 3881 872 3941 qnam
890 3864 984 3926 vobis
1004 3862 1134 3924 dilectis

276 4035 280 4040 ¹
338 3961 589 4030 demonstrabit,
598 3961 632 4022 et
645 3962 681 4022 ut
694 3961 843 4036 expulsis
853 3961 973 4022 exinde
984 3975 1058 4021 cum
1073 3959 1134 4020 Dei

339 4059 506 4136 adjutorio
532 4057 730 4130 chananeis,
747 4057 917 4120 cumJuda
938 4055 1133 4128 Machabeo,

339 4158 484 4220 montem
512 4156 591 4218 Sion
617 4154 815 4228 ascendatis,
828 4154 988 4215 mundare
1014 4153 1129 4215 sancta

339 4272 400 4317 nec
418 4271 484 4317 non
500 4254 600 4316 etiam
615 4253 848 4326 renovarent,
867 4251 1039 4313 eliminata
1054 4250 1131 4312 inde

342 4353 514 4430 spurcitia,
522 4367 643 4416 ornare
655 4351 789 4428 possitis
801 4350 919 4412 faciem
932 4349 1047 4427 templi
1061 4351 1132 4411 Do-

338 4451 421 4513 mini
443 4449 576 4512 coronis
591 4450 714 4523 aureis,
729 4450 763 4510 et
783 4449 818 4510 in
842 4448 975 4526 hymnis
991 4462 1030 4508 ac
1047 4447 1134 4508 'oon-

338 4547 540 4609 sessionibns
552 4547 728 4607 Dominum
740 4546 915 4620 magnifice
931 4545 1133 4607 collaudare.

340 4647 445 4706 Porro
470 4645 537 4705 tam
564 4643 714 4704 sanctum
740 4642 944 4718 propositum
972 4641 1007 4702 in
1036 4641 1135 4704 corde

340 4740 453 4803 vestro
466 4739 570 4800 inisse
589 4738 728 4800 tirmiter
751 4737 932 4801 stabilitum
948 4753 1048 4815 opera
1064 4753 1135 4799 ma-

340 4838 510 4900 nifestant.
546 4839 673 4912 Nempe
705 4852 725 4897 a
756 4835 876 4898 vestrae
907 4835 1135 4898 conversionis

340 4935 479 5000 exordio
494 4934 678 5007 studuistis,
690 4935 727 4996 ut
736 4933 934 5006 audivimus,
947 4949 1021 4995 cum
1032 4933 1135 5016 multo

342 5033 509 5097 desiderio
536 5033 570 5096 et
583 5033 714 5094 fervore
742 5033 832 5093 acies
852 5031 1035 5094 dominicas
1057 5031 1134 5093 ins-

338 5134 486 5205 taurare,
523 5131 558 5192 in
592 5130 745 5203 navibus,
772 5128 983 5203 victualibus,
1019 5128 1133 5200 armis,

338 5228 569 5293 instrumentis
601 5226 741 5300 bellicis,
763 5227 797 5288 et
830 5226 906 5288 aliis
937 5223 1135 5287 necessariis

340 5327 545 5404 opportunis,
554 5327 587 5388 et
599 5341 690 5386 more
705 5323 894 5386 abrahaead
903 5322 1135 5384 liberationem

336 5425 419 5500 justi
449 5424 533 5485 Loth
561 5422 737 5494 festinatis,
765 5420 943 5498 assumptis
978 5418 1134 5481 trecentis

339 5520 529 5583 vernaculis
545 5519 719 5597 expeditis,
736 5519 799 5581 hoo
821 5520 872 5581 est
894 5516 1053 5580 trecentis
1073 5532 1137 5577 na-

340 5616 448 5692 vibus,
471 5634 554 5696 quas
569 5617 611 5680 ad
627 5615 757 5680 Sanctae
779 5615 951 5680 Trinitatis
963 5613 1135 5689 honorem,

1183 659 1308 721 laetanti
1337 659 1448 720 animo
1475 657 1690 736 praeparastis
1714 659 1892 737 proticisci,
1919 679 1982 726 vo-

1183 757 1288 818 lentes
1303 757 1338 817 in
1353 756 1452 817 eisin
1467 771 1580 817 mense
1595 757 1712 833 aprilis
1728 758 1880 834 proximo
1891 775 1981 823 nunc

1183 854 1305 926 futuro,
1324 853 1463 931 reliquis
1484 869 1543 931 per
1556 855 1681 916 terram
1703 855 1745 915 ad
1766 857 1880 937 portus
1897 873 1981 935 pro-

1183 938 1375 1029 perantibus
1395 953 1608 1029 opportunos,
1632 968 1674 1014 ne
1695 969 1754 1014 vos
1773 953 1889 1032 tangat
1902 973 1979 1017 ma-

1183 1048 1328 1122 ledictio,
1356 1065 1429 1126 qnae
1461 1050 1666 1126 imprecatur
1696 1050 1870 1127 agentibus
1897 1069 1980 1131 opus

1183 1147 1315 1208 Domini
1331 1143 1548 1223 negligenter,
1570 1147 1627 1208 sed
1642 1147 1752 1225 potius
1773 1145 1905 1210 Domini
1919 1149 1980 1212 be-

1184 1243 1327 1306 nedictio
1344 1259 1388 1306 ex
1409 1245 1477 1306 alto
1492 1244 1707 1318 descendens,
1719 1245 1879 1324 tahquam
1900 1245 1980 1311 obe-

1184 1341 1318 1404 dientiae
1339 1341 1427 1403 tilios
1447 1341 1595 1405 totaliter
1614 1357 1673 1404 vos
1699 1341 1881 1406 obumbret.
1902 1345 1978 1408 Non

1185 1438 1273 1500 enim
1306 1455 1381 1500 cum
1415 1453 1521 1500 uxore
1549 1438 1633 1501 Loth
1656 1439 1872 1515 respicientes
1906 1442 1981 1518 post

1183 1536 1323 1612 tergum,
1338 1536 1556 1614 apostataevel
1582 1536 1769 1612 retrogradi
1787 1553 1861 1599 esse
1876 1527 1979 1600 vultis

1185 1633 1382 1711 suspirando
1402 1635 1443 1695 ad
1458 1633 1525 1696 alia
1538 1633 1570 1695 et
1584 1647 1728 1711 pepones
1740 1625 1879 1712 AEgypti'
1887 1635 1979 1698 velut

1185 1731 1330 1809 quidam,
1360 1745 1442 1808 quos
1465 1729 1593 1793 invidia
1617 1730 1742 1793 diaboli
1766 1731 1884 1794 nititur
1910 1731 1985 1794 ias-·

1185 1829 1311 1901 cinare,
1332 1827 1512 1891 immittens
1533 1828 1569 1889 in
1590 1841 1647 1889 eos
1674 1828 1849 1916 vertiginis
1873 1829 1978 1907 spiri·-

1184 1927 1265 1999 tum,
1289 1926 1325 1988 ut
1346 1925 1394 1988 sic
1422 1926 1513 2003 ipsos
1539 1941 1560 1986 a
1583 1925 1698 1988 sancto
1723 1925 1892 2012 proposito
1916 1942 1977 1990 re·

1184 2022 1307 2096 trahat,
1314 2022 1410 2084 bonis
1425 2023 1543 2085 studiis
1558 2038 1669 2084 moras
1683 2037 1906 2100 supervacuas
1916 2023 1978 2086 sub

1186 2119 1327 2198 quadam
1342 2119 1557 2198 providentiae
1570 2119 1681 2198 specie
1695 2119 1904 2195 innectendo,
1921 2121 1979 2182 sed

1086 2302 1087 2305 Ἴ
1185 2219 1294 2296 potius
1314 2217 1355 2280 ad
1379 2217 1583 2295 propositum
1605 2218 1700 2280 vobis
1728 2217 1881 2280 brasium
1895 2219 1980 2280 'cum

1186 2331 1312 2377 summo
1323 2315 1487 2377 desiderio
1498 2315 1632 2388 curritis
1646 2314 1854 2393 festinanter,
1861 2330 1903 2377 ne
1912 2331 1981 2377 am·

1185 2413 1272 2490 plius
1284 2411 1406 2474 taedere
1418 2413 1593 2474 Dominum
1605 2411 1748 2485 faciatis,
1762 2413 1818 2490 qui
1833 2415 1981 2474 vestrum

1185 2510 1362 2572 adventum
1384 2509 1510 2588 jugiter
1536 2497 1693 2586 expansis
1720 2508 1868 2571 brachiis
1902 2526 1981 2574 oum

1185 2608 1307 2685 gaudio
1325 2608 1545 2684 praestolatun
1568 2606 1676 2668 utvos
1691 2607 1850 2684 tanquam
1869 2607 1982 2668 caris-

1186 2704 1287 2766 simos
1302 2704 1335 2766 et
1358 2703 1414 2764 diu
1430 2703 1633 2764 desideratos
1657 2702 1744 2764 illios
1759 2703 1978 2780 amplexetur,

1186 2800 1270 2863 stola
1285 2801 1393 2878 prima
1408 2799 1542 2861 indutos
1559 2799 1592 2860 et
1602 2798 1725 2860 annulo
1740 2798 1931 2874 insignitos3
1947 2799 1983 2860 et

1185 2915 1228 2960 ne
1249 2898 1333 2960 sorte
1352 2896 1446 2960 vobis
1471 2894 1691 2969 tardantibus
1721 2896 1774 2958 vel
1794 2897 1867 2958 sine
1885 2895 1981 2957 vobis

1185 2996 1326 3058 victoria
1339 2985 1431 3072 prius
1446 2992 1504 3055 ilat
1527 3009 1586 3070 per
1606 2992 1711 3074 illum,
1735 2992 1790 3054 cni
1817 2992 1867 3055 est
1881 2991 1981 3054 iacile

1186 3095 1221 3155 in
1232 3092 1346 3171 pau'cis
1360 3092 1494 3154 vincere
1508 3090 1545 3152 ut
1558 3090 1594 3151 in
1607 3090 1734 3167 multis3
1746 3089 1811 3160 vel,
1828 3105 1902 3152 oum
1916 3089 1983 3151 sibi

1187 3190 1299 3252 nullus
1314 3189 1505 3269 promittere
1519 3187 1630 3250 valeat
1643 3187 1720 3250 vitae
1744 3188 1887 3265 spatium
1905 3203 1983 3250 am-

1187 3287 1315 3366 plioris,
1337 3301 1404 3348 non
1417 3285 1630 3363 perveniatis,
1647 3285 1739 3363 quod¹
1757 3284 1853 3358 absit,
1868 3284 1909 3346 ad
1924 3283 1982 3345 lo-

1188 3402 1263 3450 cum
1282 3386 1316 3448 et
1329 3385 1469 3460 tempus,
1486 3383 1543 3443 ubi
1558 3398 1598 3444 ac
1622 3383 1752 3461 quando
1773 3397 1913 3458 sponsus
1928 3382 1986 3442 in-

1187 3497 1364 3560 gressurus
1403 3481 1445 3542 ad
1484 3481 1619 3558 nuptias
1658 3495 1734 3541 cum
1765 3477 1986 3556 prudentibus

1188 3579 1384 3656 virginibus,
1408 3577 1564 3660 accensis¹
1593 3575 1810 3654 lampadibus,
1826 3575 1985 3638 invenire

1188 3676 1356 3740 desiderat
1368 3691 1427 3738 vos
1447 3673 1592 3752 paratos,
1608 3675 1683 3752 post
1700 3676 1797 3751 cnjus
1810 3671 1986 3734 introitum

1188 3774 1312 3836 trustra
1331 3773 1538 3849 negligentes
1553 3771 1585 3833 et
1606 3771 1693 3850 pigri
1708 3786 1782 3834 oum
1796 3768 1985 3846 virginibus

1189 3871 1290 3934 fatuis
1303 3869 1480 3948 pulsabunt
1492 3869 1532 3930 ad
1542 3870 1757 3946 januamjam
1772 3866 1983 3944 praeclusam.

1188 3971 1284 4046 Agite
1311 3969 1428 4044 igitur,
1453 3966 1515 4027 tilii
1540 3964 1824 4036 reverendissimi,
1841 3963 1987 4024 viriliter

1189 4069 1222 4128 et
1245 4066 1435 4142 prudenter,
1452 4079 1514 4126 neo
1537 4063 1579 4124 ab
1602 4062 1733 4124 astutiis
1746 4060 1902 4123 Sathanae
1923 4075 1987 4123 vos

1190 4163 1388 4241 permittatis
1412 4160 1535 4235 seduci,
1570 4160 1628 4239 qni
1662 4158 1861 4237 quandoque
1882 4173 1989 4220 vene-

1189 4261 1278 4322 natis
1293 4260 1442 4323 consiliis
1456 4259 1557 4321 etiam
1566 4254 1919 4320 interdnmterroribus
1929 4254 1989 4315 in·
2109 4249 2110 4258 ’

1188 4359 1319 4422 vertere
1332 4357 1459 4419 mentes
1474 4355 1621 4417 fidelium
1636 4353 1855 4425 machinatur,
1867 4352 1902 4413 in
1913 4365 1989 4414 snae

1188 4455 1393 4534 tempestatis
1408 4469 1488 4516 area
1501 4450 1664 4516 ventilare
1679 4451 1825 4529 gestiens
1841 4447 1990 4510 unirer-

1190 4571 1261 4630 sos3
1275 4553 1332 4615 sed
1344 4551 1546 4614 confidentes
1556 4549 1737 4612 inDomino
1746 4549 1779 4610 et
1791 4548 1827 4608 in
1838 4545 1992 4624 potentia

1189 4651 1325 4714 virtutis
1339 4648 1511 4727 ipsiusne
1530 4647 1626 4709 nobis
1640 4646 1740 4709 etiam
1755 4646 1884 4706 firmam
1896 4642 1993 4703 ddu-

1190 4748 1277 4808 ciam
1300 4746 1464 4834 habeatis.
1487 4745 1570 4816 Quia
1598 4744 1677 4805 licet
1698 4743 1740 4804 ad
1764 4741 1908 4820 palmam
1924 4755 1992 4802 vos

1190 4844 1400 4923 praecesserit
1436 4842 1543 4904 beatae
1572 4840 1746 4914 memoriae
1771 4837 1992 4899 innocentius

1192 4931 1499 5026 PP.'praedecessor
1509 4937 1631 5010 noster,
1643 4936 1743 5014 huujus
1757 4933 1864 4995 sancti
1874 4933 1991 5010 operis
2109 4923 2110 4932 ’

1190 5038 1455 5102 ferventissimus
1480 5035 1666 5106 inchoator,
1693 5047 1755 5094 nos
1776 5031 1887 5093 tamen
1908 5029 1992 5092 licet

1190 5136 1344 5210 indignos
1362 5135 1459 5195 unxit
1473 5133 1631 5194 Dominus
1655 5131 1689 5192 et
1702 5130 1867 5207 pastorem
1883 5141 1989 5188 cons-

1190 5232 1282 5295 tituit
1295 5247 1395 5309 super
1411 5246 1505 5292 suam
1529 5225 1689 5290 familiam
1708 5227 1912 5297 universam,
1929 5225 1990 5301 qui

1190 5330 1269 5393 totis
1284 5329 1424 5391 medulis
1440 5328 1583 5404 totisque
1604 5324 1778 5388 affectibus
1794 5315 1993 5399 aspiramus
2109 5301 2110 5380 J

1191 5424 1311 5485 adhoc
1332 5421 1648 5486 excellentissimum
1667 5417 1890 5480 ministerium
1905 5431 1994 5476 con-

1192 5521 1434 5584 summandum.
1451 5523 1556 5582 Porro
1570 5533 1645 5580 oum
1660 5515 1772 5578 nullus
1786 5513 1898 5577 valeat
1914 5512 1994 5574 sine

1191 5619 1287 5684 nobis
1300 5618 1519 5699 prolixiorem
1532 5615 1596 5680 sihi
1608 5614 1787 5680 terminum
1802 5611 1844 5675 ad
1857 5608 1997 5674 lihitum
2109 5629 2110 5632 ¹
