<?xml version="1.0" encoding="UTF-8"?>
<!DOCTYPE html PUBLIC "-//W3C//DTD XHTML 1.0 Transitional//EN"
    "http://www.w3.org/TR/xhtml1/DTD/xhtml1-transitional.dtd">
<html xmlns="http://www.w3.org/1999/xhtml" xml:lang="en" lang="en">
 <head>
  <title>
</title>
<meta http-equiv="Content-Type" content="text/html;charset=utf-8" />
  <meta name='ocr-system' content='tesseract 3.04.00' />
  <meta name='ocr-capabilities' content='ocr_page ocr_carea ocr_par ocr_line ocrx_word'/>
</head>
<body>
  <div class='ocr_page' id='page_1' title='image "./mediiaevibiblio02unkngoog_0613.png"; bbox 0 0 4104 6392; ppageno 0'>
   <div class='ocr_carea' id='block_1_1' title="bbox 303 224 1964 288">
    <p class='ocr_par' dir='ltr' id='par_1_1' title="bbox 303 224 1964 288">
     <span class='ocr_line' id='line_1_1' title="bbox 303 224 1964 288; baseline 0.002 -5"><span class='ocrx_word' id='word_1_1' title='bbox 303 226 362 284; x_wconf 35' lang='lat'>7¹13</span> <span class='ocrx_word' id='word_1_2' title='bbox 911 224 1085 287; x_wconf 88' lang='lat' dir='ltr'>HONORII</span> <span class='ocrx_word' id='word_1_3' title='bbox 1108 226 1153 286; x_wconf 86' lang='lat'>111</span> <span class='ocrx_word' id='word_1_4' title='bbox 1175 226 1324 288; x_wconf 81' lang='lat' dir='ltr'><strong>OPERA.</strong></span> <span class='ocrx_word' id='word_1_5' title='bbox 1902 231 1964 288; x_wconf 71' lang='lat' dir='ltr'>tal</span> 
     </span>
    </p>
   </div>
   <div class='ocr_carea' id='block_1_2' title="bbox 302 382 1097 557">
    <p class='ocr_par' dir='ltr' id='par_1_2' title="bbox 302 382 1097 557">
     <span class='ocr_line' id='line_1_2' title="bbox 343 382 1096 458; baseline 0.001 -14"><span class='ocrx_word' id='word_1_6' title='bbox 343 383 461 446; x_wconf 88' lang='lat' dir='ltr'>Datum</span> <span class='ocrx_word' id='word_1_7' title='bbox 497 384 610 444; x_wconf 76' lang='lat' dir='ltr'>Roma</span> <span class='ocrx_word' id='word_1_8' title='bbox 637 382 723 458; x_wconf 93' lang='lat' dir='ltr'>apud</span> <span class='ocrx_word' id='word_1_9' title='bbox 756 383 912 444; x_wconf 86' lang='lat' dir='ltr'>Sanctum</span> <span class='ocrx_word' id='word_1_10' title='bbox 946 384 1096 456; x_wconf 88' lang='lat' dir='ltr'>Petrum,</span> 
     </span>
     <span class='ocr_line' id='line_1_3' title="bbox 302 478 1097 557; baseline 0 -15"><span class='ocrx_word' id='word_1_11' title='bbox 302 479 412 542; x_wconf 88' lang='lat' dir='ltr'>idibus</span> <span class='ocrx_word' id='word_1_12' title='bbox 439 480 531 548; x_wconf 88' lang='lat' dir='ltr'>maii,</span> <span class='ocrx_word' id='word_1_13' title='bbox 554 478 765 557; x_wconf 89' lang='lat' dir='ltr'>pontificatus</span> <span class='ocrx_word' id='word_1_14' title='bbox 791 479 897 542; x_wconf 82' lang='lat' dir='ltr'>nostri</span> <span class='ocrx_word' id='word_1_15' title='bbox 924 495 1012 542; x_wconf 91' lang='lat' dir='ltr'>anno</span> <span class='ocrx_word' id='word_1_16' title='bbox 1040 497 1097 542; x_wconf 88' lang='lat' dir='ltr'>se-</span> 
     </span>
    </p>
   </div>
   <div class='ocr_carea' id='block_1_3' title="bbox 303 579 817 770">
    <p class='ocr_par' dir='ltr' id='par_1_3' title="bbox 303 579 817 770">
     <span class='ocr_line' id='line_1_4' title="bbox 303 579 421 639; baseline 0 0"><span class='ocrx_word' id='word_1_17' title='bbox 303 579 421 639; x_wconf 78' lang='lat' dir='ltr'>emmo</span> 
     </span>
     <span class='ocr_line' id='line_1_5' title="bbox 594 682 817 770; baseline 0 -1"><span class='ocrx_word' id='word_1_18' title='bbox 594 682 817 770; x_wconf 82' lang='lat' dir='ltr'>GCXXXIX</span> 
     </span>
    </p>
   </div>
   <div class='ocr_carea' id='block_1_4' title="bbox 322 829 1078 1136">
    <p class='ocr_par' dir='ltr' id='par_1_4' title="bbox 322 829 1078 1136">
     <span class='ocr_line' id='line_1_6' title="bbox 467 829 925 901; baseline -0.002 -15"><span class='ocrx_word' id='word_1_19' title='bbox 467 829 519 887; x_wconf 81' lang='lat' dir='ltr'>Ad</span> <span class='ocrx_word' id='word_1_20' title='bbox 539 829 735 901; x_wconf 81' lang='lat' dir='ltr'>episcopum</span> <span class='ocrx_word' id='word_1_21' title='bbox 758 829 925 888; x_wconf 80' lang='lat' dir='ltr'>Prasstcc.</span> 
     </span>
     <span class='ocr_line' id='line_1_7' title="bbox 591 947 807 1004; baseline -0.009 -1"><span class='ocrx_word' id='word_1_22' title='bbox 591 948 625 1003; x_wconf 78' lang='lat'>{5</span> <span class='ocrx_word' id='word_1_23' title='bbox 640 947 707 1003; x_wconf 86' lang='lat' dir='ltr'>maii</span> <span class='ocrx_word' id='word_1_24' title='bbox 729 947 807 1004; x_wconf 72' lang='lat' dir='ltr'>lala.</span> 
     </span>
     <span class='ocr_line' id='line_1_8' title="bbox 322 1026 1078 1136; baseline -0.003 -23"><span class='ocrx_word' id='word_1_25' title='bbox 322 1060 416 1136; x_wconf 82' lang='lat' dir='ltr'>[Voigt.</span> <span class='ocrx_word' id='word_1_26' title='bbox 428 1060 512 1111; x_wconf 85' lang='lat' dir='ltr'>Codex</span> <span class='ocrx_word' id='word_1_27' title='bbox 520 1026 700 1125; x_wconf 80' lang='lat' dir='ltr'>diplomaticus</span> <span class='ocrx_word' id='word_1_28' title='bbox 710 1060 830 1118; x_wconf 78' lang='lat' dir='ltr'>Prusaiac,</span> <span class='ocrx_word' id='word_1_29' title='bbox 839 1061 884 1120; x_wconf 83' lang='lat' dir='ltr'>tl,</span> <span class='ocrx_word' id='word_1_30' title='bbox 898 1074 925 1124; x_wconf 92' lang='lat' dir='ltr'>p.</span> <span class='ocrx_word' id='word_1_31' title='bbox 939 1060 977 1118; x_wconf 89' lang='lat' dir='ltr'>ll,</span> <span class='ocrx_word' id='word_1_32' title='bbox 987 1073 1013 1108; x_wconf 90' lang='lat' dir='ltr'>n.</span> <span class='ocrx_word' id='word_1_33' title='bbox 1025 1059 1078 1124; x_wconf 80' lang='lat' dir='ltr'>le]</span> 
     </span>
    </p>
   </div>
   <div class='ocr_carea' id='block_1_5' title="bbox 301 1164 1096 1241">
    <p class='ocr_par' dir='ltr' id='par_1_5' title="bbox 301 1164 1096 1241">
     <span class='ocr_line' id='line_1_9' title="bbox 301 1164 1096 1241; baseline -0.005 -15"><span class='ocrx_word' id='word_1_34' title='bbox 301 1169 343 1226; x_wconf 87' lang='lat' dir='ltr'>No</span> <span class='ocrx_word' id='word_1_35' title='bbox 357 1168 508 1228; x_wconf 86' lang='lat' dir='ltr'>Christiani</span> <span class='ocrx_word' id='word_1_36' title='bbox 518 1168 640 1241; x_wconf 80' lang='lat' dir='ltr'><strong>paganis</strong></span> <span class='ocrx_word' id='word_1_37' title='bbox 655 1165 769 1236; x_wconf 88' lang='lat' dir='ltr'>ferrum,</span> <span class='ocrx_word' id='word_1_38' title='bbox 783 1181 861 1224; x_wconf 88' lang='lat' dir='ltr'>arma</span> <span class='ocrx_word' id='word_1_39' title='bbox 875 1175 903 1225; x_wconf 86' lang='lat' dir='ltr'>ct</span> <span class='ocrx_word' id='word_1_40' title='bbox 913 1164 1096 1224; x_wconf 85' lang='lat' dir='ltr'>salvendant.</span> 
     </span>
    </p>
   </div>
   <div class='ocr_carea' id='block_1_6' title="bbox 240 1281 1106 3398">
    <p class='ocr_par' dir='ltr' id='par_1_6' title="bbox 300 1281 1099 1460">
     <span class='ocr_line' id='line_1_10' title="bbox 342 1281 1099 1356; baseline -0.005 -11"><span class='ocrx_word' id='word_1_41' title='bbox 342 1285 508 1346; x_wconf 90' lang='lat' dir='ltr'>Honorius</span> <span class='ocrx_word' id='word_1_42' title='bbox 535 1285 582 1345; x_wconf 91' lang='lat'>111</span> <span class='ocrx_word' id='word_1_43' title='bbox 585 1327 657 1356; x_wconf 88' lang='grc'><strong>......</strong></span> <span class='ocrx_word' id='word_1_44' title='bbox 685 1283 760 1355; x_wconf 84' lang='lat' dir='ltr'>etc,</span> <span class='ocrx_word' id='word_1_45' title='bbox 789 1281 974 1345; x_wconf 77' lang='lat' dir='ltr'>venerabili</span> <span class='ocrx_word' id='word_1_46' title='bbox 1003 1281 1099 1344; x_wconf 88' lang='lat' dir='ltr'>fratri</span> 
     </span>
     <span class='ocr_line' id='line_1_11' title="bbox 300 1381 629 1460; baseline -0.012 -16"><span class='ocrx_word' id='word_1_47' title='bbox 300 1383 455 1460; x_wconf 89' lang='lat' dir='ltr'>episcopo</span> <span class='ocrx_word' id='word_1_48' title='bbox 470 1381 629 1443; x_wconf 87' lang='lat' dir='ltr'>Prussiae.</span> 
     </span>
    </p>

    <p class='ocr_par' dir='ltr' id='par_1_7' title="bbox 240 1463 1106 3208">
     <span class='ocr_line' id='line_1_12' title="bbox 341 1463 1100 1555; baseline -0.008 -14"><span class='ocrx_word' id='word_1_49' title='bbox 341 1480 385 1543; x_wconf 89' lang='lat' dir='ltr'>Ut</span> <span class='ocrx_word' id='word_1_50' title='bbox 409 1463 536 1555; x_wconf 85' lang='lat' dir='ltr'>Pagani</span> <span class='ocrx_word' id='word_1_51' title='bbox 562 1479 679 1540; x_wconf 89' lang='lat' dir='ltr'>saltem</span> <span class='ocrx_word' id='word_1_52' title='bbox 701 1478 736 1538; x_wconf 92' lang='lat' dir='ltr'>in</span> <span class='ocrx_word' id='word_1_53' title='bbox 756 1475 968 1539; x_wconf 76' lang='lat' dir='ltr'>tribulatione</span> <span class='ocrx_word' id='word_1_54' title='bbox 987 1475 1100 1537; x_wconf 90' lang='lat' dir='ltr'>Domi-</span> 
     </span>
     <span class='ocr_line' id='line_1_13' title="bbox 299 1574 1099 1651; baseline -0.005 -13"><span class='ocrx_word' id='word_1_55' title='bbox 299 1595 378 1638; x_wconf 90' lang='lat' dir='ltr'>num</span> <span class='ocrx_word' id='word_1_56' title='bbox 404 1577 656 1651; x_wconf 82' lang='lat' dir='ltr'>recognoscant,</span> <span class='ocrx_word' id='word_1_57' title='bbox 681 1577 714 1636; x_wconf 90' lang='lat' dir='ltr'>ot</span> <span class='ocrx_word' id='word_1_58' title='bbox 737 1574 964 1651; x_wconf 90' lang='lat' dir='ltr'>multiplicatis</span> <span class='ocrx_word' id='word_1_59' title='bbox 985 1589 1099 1634; x_wconf 88' lang='lat' dir='ltr'>eorum</span> 
     </span>
     <span class='ocr_line' id='line_1_14' title="bbox 300 1670 1102 1745; baseline -0.01 -8"><span class='ocrx_word' id='word_1_60' title='bbox 300 1673 550 1745; x_wconf 74' lang='lat' dir='ltr'>infirmitatibus</span> <span class='ocrx_word' id='word_1_61' title='bbox 574 1672 723 1734; x_wconf 89' lang='lat' dir='ltr'>converti</span> <span class='ocrx_word' id='word_1_62' title='bbox 744 1671 931 1733; x_wconf 80' lang='lat' dir='ltr'>accelerent</span> <span class='ocrx_word' id='word_1_63' title='bbox 949 1670 991 1731; x_wconf 91' lang='lat' dir='ltr'>ad</span> <span class='ocrx_word' id='word_1_64' title='bbox 1007 1685 1102 1730; x_wconf 92' lang='lat' dir='ltr'>eum-</span> 
     </span>
     <span class='ocr_line' id='line_1_15' title="bbox 302 1766 1100 1840; baseline -0.006 -7"><span class='ocrx_word' id='word_1_65' title='bbox 302 1773 387 1840; x_wconf 86' lang='lat' dir='ltr'>dem,</span> <span class='ocrx_word' id='word_1_66' title='bbox 397 1773 514 1833; x_wconf 87' lang='lat' dir='ltr'>merito</span> <span class='ocrx_word' id='word_1_67' title='bbox 528 1771 605 1832; x_wconf 90' lang='lat' dir='ltr'>suut</span> <span class='ocrx_word' id='word_1_68' title='bbox 617 1770 665 1830; x_wconf 89' lang='lat' dir='ltr'>eis</span> <span class='ocrx_word' id='word_1_69' title='bbox 676 1769 940 1831; x_wconf 87' lang='lat' dir='ltr'>Christianorum</span> <span class='ocrx_word' id='word_1_70' title='bbox 952 1766 1100 1830; x_wconf 88' lang='lat' dir='ltr'>subsidia</span> 
     </span>
     <span class='ocr_line' id='line_1_16' title="bbox 301 1863 1101 1940; baseline -0.006 -10"><span class='ocrx_word' id='word_1_71' title='bbox 301 1870 543 1940; x_wconf 90' lang='lat' dir='ltr'>subtrahenda,</span> <span class='ocrx_word' id='word_1_72' title='bbox 569 1883 611 1928; x_wconf 92' lang='lat' dir='ltr'>ne</span> <span class='ocrx_word' id='word_1_73' title='bbox 636 1868 816 1929; x_wconf 90' lang='lat' dir='ltr'>incrassati</span> <span class='ocrx_word' id='word_1_74' title='bbox 843 1869 875 1928; x_wconf 91' lang='lat' dir='ltr'>et</span> <span class='ocrx_word' id='word_1_75' title='bbox 900 1865 1030 1926; x_wconf 90' lang='lat' dir='ltr'>dilatati</span> <span class='ocrx_word' id='word_1_76' title='bbox 1061 1863 1101 1925; x_wconf 89' lang='lat' dir='ltr'>de</span> 
     </span>
     <span class='ocr_line' id='line_1_17' title="bbox 301 1961 1103 2042; baseline -0.007 -14"><span class='ocrx_word' id='word_1_77' title='bbox 301 1983 371 2028; x_wconf 89' lang='lat' dir='ltr'>suae</span> <span class='ocrx_word' id='word_1_78' title='bbox 393 1966 624 2028; x_wconf 85' lang='lat' dir='ltr'>obstinationis</span> <span class='ocrx_word' id='word_1_79' title='bbox 639 1965 822 2042; x_wconf 88' lang='lat' dir='ltr'>pertinacia</span> <span class='ocrx_word' id='word_1_80' title='bbox 851 1963 1045 2040; x_wconf 82' lang='lat' dir='ltr'>glorientur,</span> <span class='ocrx_word' id='word_1_81' title='bbox 1070 1961 1103 2022; x_wconf 91' lang='lat' dir='ltr'>et</span> 
     </span>
     <span class='ocr_line' id='line_1_18' title="bbox 303 2059 1102 2138; baseline -0.006 -13"><span class='ocrx_word' id='word_1_82' title='bbox 303 2064 466 2125; x_wconf 82' lang='lat' dir='ltr'>exhausto</span> <span class='ocrx_word' id='word_1_83' title='bbox 491 2063 526 2123; x_wconf 95' lang='lat' dir='ltr'>in</span> <span class='ocrx_word' id='word_1_84' title='bbox 549 2063 597 2123; x_wconf 91' lang='lat' dir='ltr'>eis</span> <span class='ocrx_word' id='word_1_85' title='bbox 611 2062 843 2138; x_wconf 88' lang='lat' dir='ltr'>temporalium</span> <span class='ocrx_word' id='word_1_86' title='bbox 859 2061 955 2136; x_wconf 89' lang='lat' dir='ltr'>adipe</span> <span class='ocrx_word' id='word_1_87' title='bbox 973 2059 1102 2120; x_wconf 90' lang='lat' dir='ltr'>desinat</span> 
     </span>
     <span class='ocr_line' id='line_1_19' title="bbox 303 2155 1104 2236; baseline -0.006 -15"><span class='ocrx_word' id='word_1_88' title='bbox 303 2161 338 2221; x_wconf 87' lang='lat' dir='ltr'>in</span> <span class='ocrx_word' id='word_1_89' title='bbox 356 2161 405 2220; x_wconf 89' lang='lat' dir='ltr'>eis</span> <span class='ocrx_word' id='word_1_90' title='bbox 421 2159 578 2236; x_wconf 89' lang='lat' dir='ltr'>iniquitas</span> <span class='ocrx_word' id='word_1_91' title='bbox 594 2157 774 2218; x_wconf 86' lang='lat' dir='ltr'>abundare.</span> <span class='ocrx_word' id='word_1_92' title='bbox 792 2159 872 2217; x_wconf 88' lang='lat' dir='ltr'>Cum</span> <span class='ocrx_word' id='word_1_93' title='bbox 886 2157 1000 2233; x_wconf 87' lang='lat' dir='ltr'>igitur,</span> <span class='ocrx_word' id='word_1_94' title='bbox 1017 2155 1104 2216; x_wconf 89' lang='lat' dir='ltr'>sicut</span> 
     </span>
     <span class='ocr_line' id='line_1_20' title="bbox 304 2253 1100 2332; baseline -0.009 -13"><span class='ocrx_word' id='word_1_95' title='bbox 304 2257 502 2327; x_wconf 88' lang='lat' dir='ltr'>audivimus,</span> <span class='ocrx_word' id='word_1_96' title='bbox 520 2255 641 2332; x_wconf 90' lang='lat' dir='ltr'>pagani</span> <span class='ocrx_word' id='word_1_97' title='bbox 663 2255 703 2316; x_wconf 92' lang='lat' dir='ltr'>de</span> <span class='ocrx_word' id='word_1_98' title='bbox 727 2255 864 2315; x_wconf 75' lang='lat' dir='ltr'>prussia</span> <span class='ocrx_word' id='word_1_99' title='bbox 882 2269 943 2314; x_wconf 90' lang='lat' dir='ltr'>nec</span> <span class='ocrx_word' id='word_1_100' title='bbox 965 2253 1100 2324; x_wconf 89' lang='lat' dir='ltr'>ferrum,</span> 
     </span>
     <span class='ocr_line' id='line_1_21' title="bbox 240 2349 1101 2428; baseline -0.008 -11"><span class='ocrx_word' id='word_1_101' title='bbox 240 2393 255 2404; x_wconf 82' lang='lat'><em>-</em></span> <span class='ocrx_word' id='word_1_102' title='bbox 289 2371 365 2422; x_wconf 85' lang='lat' dir='ltr'>¹nec</span> <span class='ocrx_word' id='word_1_103' title='bbox 378 2369 481 2424; x_wconf 90' lang='lat' dir='ltr'>arma,</span> <span class='ocrx_word' id='word_1_104' title='bbox 499 2368 559 2414; x_wconf 92' lang='lat' dir='ltr'>nec</span> <span class='ocrx_word' id='word_1_105' title='bbox 574 2352 623 2412; x_wconf 87' lang='lat' dir='ltr'>sal</span> <span class='ocrx_word' id='word_1_106' title='bbox 639 2350 794 2424; x_wconf 89' lang='lat' dir='ltr'>habeant,</span> <span class='ocrx_word' id='word_1_107' title='bbox 809 2351 877 2412; x_wconf 92' lang='lat' dir='ltr'>nisi</span> <span class='ocrx_word' id='word_1_108' title='bbox 892 2367 965 2428; x_wconf 89' lang='lat' dir='ltr'>quae</span> <span class='ocrx_word' id='word_1_109' title='bbox 980 2366 1000 2411; x_wconf 91' lang='lat' dir='ltr'>a</span> <span class='ocrx_word' id='word_1_110' title='bbox 1015 2349 1101 2412; x_wconf 91' lang='lat' dir='ltr'>vici·</span> 
     </span>
     <span class='ocr_line' id='line_1_22' title="bbox 305 2447 1103 2527; baseline -0.009 -14"><span class='ocrx_word' id='word_1_111' title='bbox 305 2453 358 2514; x_wconf 88' lang='lat' dir='ltr'>nis</span> <span class='ocrx_word' id='word_1_112' title='bbox 373 2451 567 2527; x_wconf 89' lang='lat' dir='ltr'>comparant</span> <span class='ocrx_word' id='word_1_113' title='bbox 588 2449 797 2520; x_wconf 86' lang='lat' dir='ltr'>Christianis,</span> <span class='ocrx_word' id='word_1_114' title='bbox 814 2447 965 2510; x_wconf 91' lang='lat' dir='ltr'>nolentes</span> <span class='ocrx_word' id='word_1_115' title='bbox 985 2449 1022 2508; x_wconf 90' lang='lat' dir='ltr'>ut</span> <span class='ocrx_word' id='word_1_116' title='bbox 1044 2461 1103 2508; x_wconf 77' lang='lat' dir='ltr'>ar-</span> 
     </span>
     <span class='ocr_line' id='line_1_23' title="bbox 305 2543 1103 2618; baseline -0.009 -8"><span class='ocrx_word' id='word_1_117' title='bbox 305 2550 369 2610; x_wconf 91' lang='lat' dir='ltr'>mis</span> <span class='ocrx_word' id='word_1_118' title='bbox 383 2549 506 2610; x_wconf 88' lang='lat' dir='ltr'>nostris</span> <span class='ocrx_word' id='word_1_119' title='bbox 520 2547 635 2609; x_wconf 88' lang='lat' dir='ltr'>contra</span> <span class='ocrx_word' id='word_1_120' title='bbox 656 2563 716 2608; x_wconf 89' lang='lat' dir='ltr'>nos</span> <span class='ocrx_word' id='word_1_121' title='bbox 731 2545 884 2618; x_wconf 89' lang='lat' dir='ltr'>militent,</span> <span class='ocrx_word' id='word_1_122' title='bbox 902 2543 1103 2606; x_wconf 80' lang='lat' dir='ltr'>fraternitati</span> 
     </span>
     <span class='ocr_line' id='line_1_24' title="bbox 305 2643 1105 2724; baseline -0.01 -15"><span class='ocrx_word' id='word_1_123' title='bbox 305 2650 371 2710; x_wconf 88' lang='lat' dir='ltr'>tuae</span> <span class='ocrx_word' id='word_1_124' title='bbox 385 2661 446 2724; x_wconf 89' lang='lat' dir='ltr'>per</span> <span class='ocrx_word' id='word_1_125' title='bbox 463 2645 653 2722; x_wconf 84' lang='lat' dir='ltr'>Apostolica</span> <span class='ocrx_word' id='word_1_126' title='bbox 666 2643 788 2720; x_wconf 87' lang='lat' dir='ltr'>scripta</span> <span class='ocrx_word' id='word_1_127' title='bbox 803 2643 1009 2714; x_wconf 90' lang='lat' dir='ltr'>mandamus,</span> <span class='ocrx_word' id='word_1_128' title='bbox 1022 2657 1105 2718; x_wconf 92' lang='lat' dir='ltr'>qua-</span> 
     </span>
     <span class='ocr_line' id='line_1_25' title="bbox 305 2739 1105 2816; baseline -0.01 -10"><span class='ocrx_word' id='word_1_129' title='bbox 305 2747 402 2807; x_wconf 89' lang='lat' dir='ltr'>tenus</span> <span class='ocrx_word' id='word_1_130' title='bbox 420 2741 620 2804; x_wconf 88' lang='lat' dir='ltr'>christianos</span> <span class='ocrx_word' id='word_1_131' title='bbox 642 2740 812 2816; x_wconf 87' lang='lat' dir='ltr'>regionem</span> <span class='ocrx_word' id='word_1_132' title='bbox 837 2739 1105 2816; x_wconf 88' lang='lat' dir='ltr'>circumpositam</span> 
     </span>
     <span class='ocr_line' id='line_1_26' title="bbox 306 2835 1106 2914; baseline -0.006 -12"><span class='ocrx_word' id='word_1_133' title='bbox 306 2841 510 2912; x_wconf 86' lang='lat' dir='ltr'>habitantes,</span> <span class='ocrx_word' id='word_1_134' title='bbox 538 2854 579 2899; x_wconf 92' lang='lat' dir='ltr'>ne</span> <span class='ocrx_word' id='word_1_135' title='bbox 605 2838 763 2914; x_wconf 87' lang='lat' dir='ltr'>praedicta</span> <span class='ocrx_word' id='word_1_136' title='bbox 793 2837 933 2913; x_wconf 79' lang='lat' dir='ltr'>paganis</span> <span class='ocrx_word' id='word_1_137' title='bbox 961 2835 1106 2898; x_wconf 86' lang='lat' dir='ltr'>vendant</span> 
     </span>
     <span class='ocr_line' id='line_1_27' title="bbox 308 2931 1105 3008; baseline -0.01 -8"><span class='ocrx_word' id='word_1_138' title='bbox 308 2938 445 3008; x_wconf 90' lang='lat' dir='ltr'>eisdem,</span> <span class='ocrx_word' id='word_1_139' title='bbox 474 2950 609 2996; x_wconf 90' lang='lat' dir='ltr'>moneas</span> <span class='ocrx_word' id='word_1_140' title='bbox 638 2935 671 2995; x_wconf 86' lang='lat' dir='ltr'>et</span> <span class='ocrx_word' id='word_1_141' title='bbox 697 2933 834 2994; x_wconf 90' lang='lat' dir='ltr'>inducas</span> <span class='ocrx_word' id='word_1_142' title='bbox 860 2949 918 2995; x_wconf 93' lang='lat' dir='ltr'>eos</span> <span class='ocrx_word' id='word_1_143' title='bbox 939 2932 981 2994; x_wconf 91' lang='lat' dir='ltr'>ad</span> <span class='ocrx_word' id='word_1_144' title='bbox 1005 2932 1051 3005; x_wconf 89' lang='lat' dir='ltr'>id,</span> <span class='ocrx_word' id='word_1_145' title='bbox 1076 2931 1105 2993; x_wconf 86' lang='lat' dir='ltr'>si</span> 
     </span>
     <span class='ocr_line' id='line_1_28' title="bbox 307 3029 1106 3106; baseline -0.011 -9"><span class='ocrx_word' id='word_1_146' title='bbox 307 3049 444 3096; x_wconf 87' lang='lat' dir='ltr'>necesse</span> <span class='ocrx_word' id='word_1_147' title='bbox 459 3031 569 3102; x_wconf 89' lang='lat' dir='ltr'>fuerit,</span> <span class='ocrx_word' id='word_1_148' title='bbox 583 3046 829 3106; x_wconf 90' lang='lat' dir='ltr'>percensuram</span> <span class='ocrx_word' id='word_1_149' title='bbox 846 3029 1106 3092; x_wconf 90' lang='lat' dir='ltr'>ecclesiasticam</span> 
     </span>
     <span class='ocr_line' id='line_1_29' title="bbox 308 3126 985 3208; baseline -0.009 -16"><span class='ocrx_word' id='word_1_150' title='bbox 308 3129 530 3208; x_wconf 87' lang='lat' dir='ltr'>appellatione</span> <span class='ocrx_word' id='word_1_151' title='bbox 541 3127 733 3205; x_wconf 87' lang='lat' dir='ltr'>postposita,</span> <span class='ocrx_word' id='word_1_152' title='bbox 748 3126 985 3204; x_wconf 90' lang='lat' dir='ltr'>compellendo.</span> 
     </span>
    </p>

    <p class='ocr_par' dir='ltr' id='par_1_8' title="bbox 307 3222 1105 3398">
     <span class='ocr_line' id='line_1_30' title="bbox 349 3222 1105 3302; baseline -0.009 -12"><span class='ocrx_word' id='word_1_153' title='bbox 349 3228 467 3290; x_wconf 90' lang='lat' dir='ltr'>Datum</span> <span class='ocrx_word' id='word_1_154' title='bbox 482 3227 596 3287; x_wconf 88' lang='lat' dir='ltr'>Romae</span> <span class='ocrx_word' id='word_1_155' title='bbox 614 3224 701 3302; x_wconf 90' lang='lat' dir='ltr'>apud</span> <span class='ocrx_word' id='word_1_156' title='bbox 717 3225 873 3286; x_wconf 90' lang='lat' dir='ltr'>Sanctum</span> <span class='ocrx_word' id='word_1_157' title='bbox 888 3224 1022 3285; x_wconf 88' lang='lat' dir='ltr'>Petrum</span> <span class='ocrx_word' id='word_1_158' title='bbox 1036 3222 1105 3285; x_wconf 92' lang='lat' dir='ltr'>idi-</span> 
     </span>
     <span class='ocr_line' id='line_1_31' title="bbox 307 3321 745 3398; baseline -0.016 -9"><span class='ocrx_word' id='word_1_159' title='bbox 307 3326 369 3389; x_wconf 88' lang='lat' dir='ltr'>bus</span> <span class='ocrx_word' id='word_1_160' title='bbox 384 3325 476 3398; x_wconf 89' lang='lat' dir='ltr'>maii,</span> <span class='ocrx_word' id='word_1_161' title='bbox 487 3337 575 3386; x_wconf 91' lang='lat' dir='ltr'>anno</span> <span class='ocrx_word' id='word_1_162' title='bbox 590 3321 745 3385; x_wconf 87' lang='lat' dir='ltr'>secundo.</span> 
     </span>
    </p>
   </div>
   <div class='ocr_carea' id='block_1_7' title="bbox 446 3623 973 3696">
    <p class='ocr_par' dir='ltr' id='par_1_9' title="bbox 446 3623 973 3696">
     <span class='ocr_line' id='line_1_32' title="bbox 446 3623 973 3696; baseline -0.011 -6"><span class='ocrx_word' id='word_1_163' title='bbox 446 3630 498 3691; x_wconf 80' lang='lat' dir='ltr'>Aa</span> <span class='ocrx_word' id='word_1_164' title='bbox 511 3629 694 3688; x_wconf 82' lang='lat' dir='ltr'>uotvcrsos</span> <span class='ocrx_word' id='word_1_165' title='bbox 707 3623 833 3686; x_wconf 74' lang='lat' dir='ltr'>Christi</span> <span class='ocrx_word' id='word_1_166' title='bbox 846 3625 973 3696; x_wconf 74' lang='lat' dir='ltr'>fideles.</span> 
     </span>
    </p>
   </div>
   <div class='ocr_carea' id='block_1_8' title="bbox 362 3755 1061 3930">
    <p class='ocr_par' dir='ltr' id='par_1_10' title="bbox 362 3755 1061 3930">
     <span class='ocr_line' id='line_1_33' title="bbox 605 3755 814 3815; baseline -0.01 -1"><span class='ocrx_word' id='word_1_167' title='bbox 605 3757 639 3815; x_wconf 82' lang='lat' dir='ltr'>lt</span> <span class='ocrx_word' id='word_1_168' title='bbox 653 3755 722 3813; x_wconf 81' lang='lat' dir='ltr'>mliii</span> <span class='ocrx_word' id='word_1_169' title='bbox 735 3755 814 3813; x_wconf 75' lang='lat' dir='ltr'>lile.</span> 
     </span>
     <span class='ocr_line' id='line_1_34' title="bbox 362 3859 1061 3930; baseline -0.009 -14"><span class='ocrx_word' id='word_1_170' title='bbox 362 3864 457 3930; x_wconf 64' lang='grc' dir='ltr'>[Ιοίςῐι</span> <span class='ocrx_word' id='word_1_171' title='bbox 468 3861 552 3914; x_wconf 81' lang='lat' dir='ltr'>Codex</span> <span class='ocrx_word' id='word_1_172' title='bbox 565 3860 746 3926; x_wconf 85' lang='lat' dir='ltr'>diplomaticus</span> <span class='ocrx_word' id='word_1_173' title='bbox 760 3861 877 3919; x_wconf 57' lang='lat' dir='ltr'>Roscia,</span> <span class='ocrx_word' id='word_1_174' title='bbox 890 3865 910 3910; x_wconf 89' lang='lat' dir='ltr'>t.</span> <span class='ocrx_word' id='word_1_175' title='bbox 922 3861 942 3919; x_wconf 91' lang='lat'>1,</span> <span class='ocrx_word' id='word_1_176' title='bbox 952 3861 977 3920; x_wconf 80' lang='lat' dir='ltr'>b,</span> <span class='ocrx_word' id='word_1_177' title='bbox 989 3874 1014 3910; x_wconf 90' lang='lat' dir='ltr'>n.</span> <span class='ocrx_word' id='word_1_178' title='bbox 1024 3859 1061 3926; x_wconf 78' lang='lat' dir='ltr'>a]</span> 
     </span>
    </p>
   </div>
   <div class='ocr_carea' id='block_1_9' title="bbox 314 3966 1108 4128">
    <p class='ocr_par' dir='ltr' id='par_1_11' title="bbox 314 3966 1108 4128">
     <span class='ocr_line' id='line_1_35' title="bbox 314 3966 1108 4040; baseline -0.009 -11"><span class='ocrx_word' id='word_1_179' title='bbox 314 3973 352 4030; x_wconf 84' lang='lat' dir='ltr'>Ut</span> <span class='ocrx_word' id='word_1_180' title='bbox 368 3969 405 4028; x_wconf 88' lang='lat' dir='ltr'>ad</span> <span class='ocrx_word' id='word_1_181' title='bbox 419 3968 533 4028; x_wconf 88' lang='lat' dir='ltr'>scholas</span> <span class='ocrx_word' id='word_1_182' title='bbox 546 3970 734 4026; x_wconf 74' lang='lat' dir='ltr'>prutenorum</span> <span class='ocrx_word' id='word_1_183' title='bbox 749 3966 937 4025; x_wconf 87' lang='lat' dir='ltr'>instituendas</span> <span class='ocrx_word' id='word_1_184' title='bbox 956 3980 1108 4040; x_wconf 90' lang='lat' dir='ltr'>puerorum</span> 
     </span>
     <span class='ocr_line' id='line_1_36' title="bbox 383 4055 1035 4128; baseline -0.008 -12"><span class='ocrx_word' id='word_1_185' title='bbox 383 4059 419 4116; x_wconf 89' lang='lat' dir='ltr'>de</span> <span class='ocrx_word' id='word_1_186' title='bbox 436 4055 620 4115; x_wconf 86' lang='lat' dir='ltr'>facultatibus</span> <span class='ocrx_word' id='word_1_187' title='bbox 639 4055 698 4114; x_wconf 87' lang='lat' dir='ltr'>suis</span> <span class='ocrx_word' id='word_1_188' title='bbox 713 4055 865 4112; x_wconf 86' lang='lat' dir='ltr'>liberaliter</span> <span class='ocrx_word' id='word_1_189' title='bbox 879 4055 1035 4128; x_wconf 86' lang='lat' dir='ltr'>porrigant.</span> 
     </span>
    </p>
   </div>
   <div class='ocr_carea' id='block_1_10' title="bbox 313 4170 1111 4734">
    <p class='ocr_par' dir='ltr' id='par_1_12' title="bbox 313 4170 1110 4447">
     <span class='ocr_line' id='line_1_37' title="bbox 351 4170 1110 4246; baseline -0.005 -8"><span class='ocrx_word' id='word_1_190' title='bbox 351 4176 518 4238; x_wconf 88' lang='lat' dir='ltr'>Honorius</span> <span class='ocrx_word' id='word_1_191' title='bbox 534 4175 592 4246; x_wconf 91' lang='grc' dir='ltr'><strong>ΙΙΙ,</strong></span> <span class='ocrx_word' id='word_1_192' title='bbox 608 4174 684 4245; x_wconf 84' lang='lat' dir='ltr'>etc,</span> <span class='ocrx_word' id='word_1_193' title='bbox 702 4173 867 4234; x_wconf 87' lang='lat' dir='ltr'>universis</span> <span class='ocrx_word' id='word_1_194' title='bbox 877 4172 999 4234; x_wconf 81' lang='lat' dir='ltr'>Christi</span> <span class='ocrx_word' id='word_1_195' title='bbox 1009 4170 1110 4234; x_wconf 88' lang='lat' dir='ltr'>fideli·</span> 
     </span>
     <span class='ocr_line' id='line_1_38' title="bbox 313 4269 1109 4350; baseline -0.009 -13"><span class='ocrx_word' id='word_1_196' title='bbox 313 4277 386 4346; x_wconf 90' lang='lat' dir='ltr'>bus,</span> <span class='ocrx_word' id='word_1_197' title='bbox 404 4274 443 4335; x_wconf 91' lang='lat' dir='ltr'>ad</span> <span class='ocrx_word' id='word_1_198' title='bbox 455 4287 538 4350; x_wconf 89' lang='lat' dir='ltr'>quos</span> <span class='ocrx_word' id='word_1_199' title='bbox 550 4271 669 4333; x_wconf 86' lang='lat' dir='ltr'>litterae</span> <span class='ocrx_word' id='word_1_200' title='bbox 682 4271 755 4332; x_wconf 88' lang='lat' dir='ltr'>istae</span> <span class='ocrx_word' id='word_1_201' title='bbox 771 4270 992 4348; x_wconf 86' lang='lat' dir='ltr'>pervenerint,</span> <span class='ocrx_word' id='word_1_202' title='bbox 1014 4269 1109 4330; x_wconf 90' lang='lat' dir='ltr'>salu-</span> 
     </span>
     <span class='ocr_line' id='line_1_39' title="bbox 313 4366 949 4447; baseline -0.011 -12"><span class='ocrx_word' id='word_1_203' title='bbox 313 4377 379 4436; x_wconf 90' lang='lat' dir='ltr'>tem</span> <span class='ocrx_word' id='word_1_204' title='bbox 398 4373 431 4432; x_wconf 90' lang='lat' dir='ltr'>et</span> <span class='ocrx_word' id='word_1_205' title='bbox 445 4369 660 4447; x_wconf 88' lang='lat' dir='ltr'>apostolicam</span> <span class='ocrx_word' id='word_1_206' title='bbox 675 4366 949 4428; x_wconf 89' lang='lat' dir='ltr'>benedictionem.</span> 
     </span>
    </p>

    <p class='ocr_par' dir='ltr' id='par_1_13' title="bbox 315 4463 1111 4734">
     <span class='ocr_line' id='line_1_40' title="bbox 354 4463 1111 4540; baseline -0.005 -12"><span class='ocrx_word' id='word_1_207' title='bbox 354 4471 459 4540; x_wconf 89' lang='lat' dir='ltr'>Quum</span> <span class='ocrx_word' id='word_1_208' title='bbox 479 4465 522 4528; x_wconf 88' lang='lat' dir='ltr'>sit</span> <span class='ocrx_word' id='word_1_209' title='bbox 540 4463 678 4526; x_wconf 90' lang='lat' dir='ltr'>humani</span> <span class='ocrx_word' id='word_1_210' title='bbox 698 4464 887 4526; x_wconf 84' lang='lat' dir='ltr'>colluctatio</span> <span class='ocrx_word' id='word_1_211' title='bbox 909 4481 975 4526; x_wconf 90' lang='lat' dir='ltr'>non</span> <span class='ocrx_word' id='word_1_212' title='bbox 1004 4464 1111 4525; x_wconf 88' lang='lat' dir='ltr'>solum</span> 
     </span>
     <span class='ocr_line' id='line_1_41' title="bbox 315 4560 1111 4634; baseline -0.01 -6"><span class='ocrx_word' id='word_1_213' title='bbox 315 4565 429 4628; x_wconf 90' lang='lat' dir='ltr'>contra</span> <span class='ocrx_word' id='word_1_214' title='bbox 443 4576 577 4623; x_wconf 91' lang='lat' dir='ltr'>carnem</span> <span class='ocrx_word' id='word_1_215' title='bbox 596 4561 630 4621; x_wconf 92' lang='lat' dir='ltr'>et</span> <span class='ocrx_word' id='word_1_216' title='bbox 643 4560 851 4634; x_wconf 88' lang='lat' dir='ltr'>sauguinem,</span> <span class='ocrx_word' id='word_1_217' title='bbox 876 4575 992 4621; x_wconf 89' lang='lat' dir='ltr'>verum</span> <span class='ocrx_word' id='word_1_218' title='bbox 1012 4560 1111 4622; x_wconf 87' lang='lat' dir='ltr'>etiam</span> 
     </span>
     <span class='ocr_line' id='line_1_42' title="bbox 315 4655 1109 4734; baseline -0.008 -10"><span class='ocrx_word' id='word_1_219' title='bbox 315 4663 476 4724; x_wconf 90' lang='lat' dir='ltr'>adversus</span> <span class='ocrx_word' id='word_1_220' title='bbox 487 4655 677 4734; x_wconf 87' lang='lat' dir='ltr'>spiritualia</span> <span class='ocrx_word' id='word_1_221' title='bbox 690 4656 846 4732; x_wconf 89' lang='lat' dir='ltr'>nequitiae</span> <span class='ocrx_word' id='word_1_222' title='bbox 863 4656 898 4717; x_wconf 91' lang='lat' dir='ltr'>in</span> <span class='ocrx_word' id='word_1_223' title='bbox 911 4657 1109 4730; x_wconf 88' lang='lat' dir='ltr'>coelestibus,</span> 
     </span>
    </p>
   </div>
   <div class='ocr_carea' id='block_1_11' title="bbox 288 4849 1113 5130">
    <p class='ocr_par' dir='ltr' id='par_1_14' title="bbox 288 4849 1113 5130">
     <span class='ocr_line' id='line_1_43' title="bbox 315 4849 1113 4936; baseline -0.006 -18"><span class='ocrx_word' id='word_1_224' title='bbox 315 4858 372 4936; x_wconf 92' lang='lat' dir='ltr'>qui</span> <span class='ocrx_word' id='word_1_225' title='bbox 385 4855 455 4917; x_wconf 93' lang='lat' dir='ltr'>vult</span> <span class='ocrx_word' id='word_1_226' title='bbox 466 4853 571 4929; x_wconf 85' lang='lat' dir='ltr'>ignita</span> <span class='ocrx_word' id='word_1_227' title='bbox 582 4851 728 4927; x_wconf 87' lang='lat' dir='ltr'>effugere</span> <span class='ocrx_word' id='word_1_228' title='bbox 739 4849 853 4927; x_wconf 85' lang='lat' dir='ltr'>jacula</span> <span class='ocrx_word' id='word_1_229' title='bbox 872 4851 1011 4925; x_wconf 90' lang='lat' dir='ltr'>inimici,</span> <span class='ocrx_word' id='word_1_230' title='bbox 1028 4852 1113 4913; x_wconf 89' lang='lat' dir='ltr'>elee-</span> 
     </span>
     <span class='ocr_line' id='line_1_44' title="bbox 288 4947 1112 5043; baseline -0.01 -24"><span class='ocrx_word' id='word_1_231' title='bbox 288 5017 291 5043; x_wconf 63' lang='grc'><strong>,</strong></span> <span class='ocrx_word' id='word_1_232' title='bbox 314 4968 486 5032; x_wconf 88' lang='lat' dir='ltr'>mosynam</span> <span class='ocrx_word' id='word_1_233' title='bbox 501 4949 655 5012; x_wconf 89' lang='lat' dir='ltr'>videlicet</span> <span class='ocrx_word' id='word_1_234' title='bbox 676 4947 915 5026; x_wconf 89' lang='lat' dir='ltr'>amplectendo,</span> <span class='ocrx_word' id='word_1_235' title='bbox 928 4964 1001 5025; x_wconf 90' lang='lat' dir='ltr'>quae</span> <span class='ocrx_word' id='word_1_236' title='bbox 1014 4950 1112 5026; x_wconf 79' lang='lat' dir='ltr'>Juxta</span> 
     </span>
     <span class='ocr_line' id='line_1_45' title="bbox 315 5047 1109 5130; baseline -0.011 -14"><span class='ocrx_word' id='word_1_237' title='bbox 315 5050 474 5130; x_wconf 89' lang='lat' dir='ltr'>sapientis</span> <span class='ocrx_word' id='word_1_238' title='bbox 503 5047 646 5109; x_wconf 91' lang='lat' dir='ltr'>edictum</span> <span class='ocrx_word' id='word_1_239' title='bbox 675 5061 775 5122; x_wconf 88' lang='lat' dir='ltr'>super</span> <span class='ocrx_word' id='word_1_240' title='bbox 800 5048 930 5108; x_wconf 91' lang='lat' dir='ltr'>scutum</span> <span class='ocrx_word' id='word_1_241' title='bbox 957 5047 1109 5124; x_wconf 88' lang='lat' dir='ltr'>potentis,</span> 
     </span>
    </p>
   </div>
   <div class='ocr_carea' id='block_1_12' title="bbox 316 5144 1114 5226">
    <p class='ocr_par' dir='ltr' id='par_1_15' title="bbox 316 5144 1114 5226">
     <span class='ocr_line' id='line_1_46' title="bbox 316 5144 1114 5226; baseline -0.013 -11"><span class='ocrx_word' id='word_1_242' title='bbox 316 5155 350 5214; x_wconf 92' lang='lat' dir='ltr'>et</span> <span class='ocrx_word' id='word_1_243' title='bbox 372 5164 472 5226; x_wconf 89' lang='lat' dir='ltr'>super</span> <span class='ocrx_word' id='word_1_244' title='bbox 491 5146 641 5208; x_wconf 87' lang='lat' dir='ltr'>lanceam</span> <span class='ocrx_word' id='word_1_245' title='bbox 665 5145 826 5206; x_wconf 85' lang='lat' dir='ltr'>adversus</span> <span class='ocrx_word' id='word_1_246' title='bbox 857 5144 1029 5206; x_wconf 90' lang='lat' dir='ltr'>inimicum</span> <span class='ocrx_word' id='word_1_247' title='bbox 1050 5161 1114 5221; x_wconf 92' lang='lat' dir='ltr'>pu-</span> 
     </span>
    </p>
   </div>
   <div class='ocr_carea' id='block_1_13' title="bbox 315 5241 1114 5515">
    <p class='ocr_par' dir='ltr' id='par_1_16' title="bbox 315 5241 1114 5515">
     <span class='ocr_line' id='line_1_47' title="bbox 317 5241 1111 5326; baseline -0.01 -16"><span class='ocrx_word' id='word_1_248' title='bbox 317 5247 444 5326; x_wconf 86' lang='lat' dir='ltr'>gnabit,</span> <span class='ocrx_word' id='word_1_249' title='bbox 467 5243 665 5318; x_wconf 79' lang='lat' dir='ltr'>extinguens</span> <span class='ocrx_word' id='word_1_250' title='bbox 691 5243 879 5317; x_wconf 88' lang='lat' dir='ltr'>peccatum,</span> <span class='ocrx_word' id='word_1_251' title='bbox 904 5241 1007 5304; x_wconf 86' lang='lat' dir='ltr'>veluti</span> <span class='ocrx_word' id='word_1_252' title='bbox 1026 5257 1111 5320; x_wconf 90' lang='lat' dir='ltr'>aqua</span> 
     </span>
     <span class='ocr_line' id='line_1_48' title="bbox 315 5338 1114 5422; baseline -0.011 -14"><span class='ocrx_word' id='word_1_253' title='bbox 315 5348 439 5422; x_wconf 90' lang='lat' dir='ltr'>ignem,</span> <span class='ocrx_word' id='word_1_254' title='bbox 456 5341 513 5403; x_wconf 91' lang='lat' dir='ltr'>sed</span> <span class='ocrx_word' id='word_1_255' title='bbox 527 5340 615 5402; x_wconf 91' lang='lat' dir='ltr'>inter</span> <span class='ocrx_word' id='word_1_256' title='bbox 628 5338 712 5400; x_wconf 89' lang='lat' dir='ltr'>alias</span> <span class='ocrx_word' id='word_1_257' title='bbox 723 5340 965 5416; x_wconf 85' lang='lat' dir='ltr'>eleemosynas,</span> <span class='ocrx_word' id='word_1_258' title='bbox 976 5338 1035 5400; x_wconf 89' lang='lat' dir='ltr'>illa</span> <span class='ocrx_word' id='word_1_259' title='bbox 1045 5354 1114 5400; x_wconf 91' lang='lat' dir='ltr'>cre-</span> 
     </span>
     <span class='ocr_line' id='line_1_49' title="bbox 317 5435 1112 5515; baseline -0.008 -11"><span class='ocrx_word' id='word_1_260' title='bbox 317 5443 407 5504; x_wconf 88' lang='lat' dir='ltr'>ditur</span> <span class='ocrx_word' id='word_1_261' title='bbox 421 5437 588 5515; x_wconf 88' lang='lat' dir='ltr'>acceptior</span> <span class='ocrx_word' id='word_1_262' title='bbox 597 5437 737 5497; x_wconf 88' lang='lat' dir='ltr'>Domino</span> <span class='ocrx_word' id='word_1_263' title='bbox 752 5451 850 5512; x_wconf 91' lang='lat' dir='ltr'>quam</span> <span class='ocrx_word' id='word_1_264' title='bbox 864 5437 938 5513; x_wconf 88' lang='lat' dir='ltr'>quis</span> <span class='ocrx_word' id='word_1_265' title='bbox 952 5435 993 5497; x_wconf 91' lang='lat' dir='ltr'>ad</span> <span class='ocrx_word' id='word_1_266' title='bbox 1007 5437 1112 5498; x_wconf 90' lang='lat' dir='ltr'>lucri-</span> 
     </span>
    </p>
   </div>
   <div class='ocr_carea' id='block_1_14' title="bbox 317 5532 1982 5616">
    <p class='ocr_par' dir='ltr' id='par_1_17' title="bbox 317 5532 1982 5616">
     <span class='ocr_line' id='line_1_50' title="bbox 317 5532 1982 5616; baseline 0.001 -16"><span class='ocrx_word' id='word_1_267' title='bbox 317 5537 504 5600; x_wconf 88' lang='lat' dir='ltr'>faciendum</span> <span class='ocrx_word' id='word_1_268' title='bbox 515 5536 547 5596; x_wconf 92' lang='lat' dir='ltr'>et</span> <span class='ocrx_word' id='word_1_269' title='bbox 557 5535 686 5598; x_wconf 90' lang='lat' dir='ltr'>animas</span> <span class='ocrx_word' id='word_1_270' title='bbox 701 5534 872 5609; x_wconf 87' lang='lat' dir='ltr'>elargitur.</span> <span class='ocrx_word' id='word_1_271' title='bbox 891 5535 997 5604; x_wconf 89' lang='lat' dir='ltr'>Quum</span> <span class='ocrx_word' id='word_1_272' title='bbox 1011 5533 1114 5610; x_wconf 83' lang='lat' dir='ltr'>igitur</span> <span class='ocrx_word' id='word_1_273' title='bbox 1166 5535 1264 5599; x_wconf 86' lang='lat' dir='ltr'>tilera</span> <span class='ocrx_word' id='word_1_274' title='bbox 1280 5533 1364 5616; x_wconf 86' lang='lat' dir='ltr'>vitia</span> <span class='ocrx_word' id='word_1_275' title='bbox 1384 5532 1528 5594; x_wconf 88' lang='lat' dir='ltr'>vivificis</span> <span class='ocrx_word' id='word_1_276' title='bbox 1541 5532 1718 5594; x_wconf 89' lang='lat' dir='ltr'>virtutibus</span> <span class='ocrx_word' id='word_1_277' title='bbox 1741 5551 1803 5596; x_wconf 91' lang='lat' dir='ltr'>nos</span> <span class='ocrx_word' id='word_1_278' title='bbox 1826 5539 1982 5602; x_wconf 86' lang='lat' dir='ltr'>munivit</span> 
     </span>
    </p>
   </div>
   <div class='ocr_carea' id='block_1_15' title="bbox 1153 385 1970 1710">
    <p class='ocr_par' dir='ltr' id='par_1_18' title="bbox 1153 385 1970 1710">
     <span class='ocr_line' id='line_1_51' title="bbox 1153 385 1968 462; baseline 0.002 -18"><span class='ocrx_word' id='word_1_279' title='bbox 1153 399 1247 448; x_wconf 90' lang='lat' dir='ltr'>soror</span> <span class='ocrx_word' id='word_1_280' title='bbox 1275 386 1390 446; x_wconf 87' lang='lat' dir='ltr'>nostra</span> <span class='ocrx_word' id='word_1_281' title='bbox 1418 385 1572 458; x_wconf 89' lang='lat' dir='ltr'>ecclesia,</span> <span class='ocrx_word' id='word_1_282' title='bbox 1595 401 1695 462; x_wconf 89' lang='lat' dir='ltr'>quam</span> <span class='ocrx_word' id='word_1_283' title='bbox 1729 385 1766 446; x_wconf 91' lang='lat' dir='ltr'>in</span> <span class='ocrx_word' id='word_1_284' title='bbox 1806 386 1968 462; x_wconf 85' lang='lat' dir='ltr'>partibus</span> 
     </span>
     <span class='ocr_line' id='line_1_52' title="bbox 1153 481 1970 559; baseline 0.001 -17"><span class='ocrx_word' id='word_1_285' title='bbox 1153 483 1297 543; x_wconf 89' lang='lat' dir='ltr'>Prusslae</span> <span class='ocrx_word' id='word_1_286' title='bbox 1313 482 1376 549; x_wconf 87' lang='lat' dir='ltr'>sibi</span> <span class='ocrx_word' id='word_1_287' title='bbox 1389 482 1548 544; x_wconf 90' lang='lat' dir='ltr'>Dominus</span> <span class='ocrx_word' id='word_1_288' title='bbox 1570 481 1739 559; x_wconf 87' lang='lat' dir='ltr'>adoptavit</span> <span class='ocrx_word' id='word_1_289' title='bbox 1752 482 1869 544; x_wconf 91' lang='lat' dir='ltr'>adhuc</span> <span class='ocrx_word' id='word_1_290' title='bbox 1891 499 1970 559; x_wconf 90' lang='lat' dir='ltr'>par-</span> 
     </span>
     <span class='ocr_line' id='line_1_53' title="bbox 1153 578 1970 652; baseline 0.001 -13"><span class='ocrx_word' id='word_1_291' title='bbox 1153 579 1231 641; x_wconf 82' lang='lat' dir='ltr'>vula</span> <span class='ocrx_word' id='word_1_292' title='bbox 1248 580 1302 650; x_wconf 89' lang='lat' dir='ltr'>sit,</span> <span class='ocrx_word' id='word_1_293' title='bbox 1317 581 1349 640; x_wconf 88' lang='lat' dir='ltr'>et</span> <span class='ocrx_word' id='word_1_294' title='bbox 1362 578 1465 640; x_wconf 89' lang='lat' dir='ltr'>ubera</span> <span class='ocrx_word' id='word_1_295' title='bbox 1481 595 1547 640; x_wconf 93' lang='lat' dir='ltr'>non</span> <span class='ocrx_word' id='word_1_296' title='bbox 1560 578 1692 652; x_wconf 89' lang='lat' dir='ltr'>habeat,</span> <span class='ocrx_word' id='word_1_297' title='bbox 1709 595 1752 640; x_wconf 92' lang='lat' dir='ltr'>ne</span> <span class='ocrx_word' id='word_1_298' title='bbox 1768 579 1821 641; x_wconf 94' lang='lat' dir='ltr'>lac</span> <span class='ocrx_word' id='word_1_299' title='bbox 1839 579 1970 641; x_wconf 85' lang='lat' dir='ltr'>doctri-</span> 
     </span>
     <span class='ocr_line' id='line_1_54' title="bbox 1153 675 1968 754; baseline 0.002 -18"><span class='ocrx_word' id='word_1_300' title='bbox 1153 691 1205 737; x_wconf 87' lang='lat' dir='ltr'>nae</span> <span class='ocrx_word' id='word_1_301' title='bbox 1236 675 1321 737; x_wconf 87' lang='lat' dir='ltr'>desit</span> <span class='ocrx_word' id='word_1_302' title='bbox 1346 676 1505 754; x_wconf 89' lang='lat' dir='ltr'>parvulis,</span> <span class='ocrx_word' id='word_1_303' title='bbox 1537 693 1610 753; x_wconf 78' lang='lat' dir='ltr'>quaa</span> <span class='ocrx_word' id='word_1_304' title='bbox 1636 677 1783 738; x_wconf 91' lang='lat' dir='ltr'>nondum</span> <span class='ocrx_word' id='word_1_305' title='bbox 1817 679 1968 754; x_wconf 87' lang='lat' dir='ltr'>possunt</span> 
     </span>
     <span class='ocr_line' id='line_1_55' title="bbox 1153 771 1965 846; baseline 0.004 -14"><span class='ocrx_word' id='word_1_306' title='bbox 1153 771 1258 834; x_wconf 89' lang='lat' dir='ltr'>solido</span> <span class='ocrx_word' id='word_1_307' title='bbox 1282 772 1357 834; x_wconf 93' lang='lat' dir='ltr'>cibo</span> <span class='ocrx_word' id='word_1_308' title='bbox 1381 773 1441 844; x_wconf 86' lang='lat' dir='ltr'>uti,</span> <span class='ocrx_word' id='word_1_309' title='bbox 1466 773 1667 834; x_wconf 87' lang='lat' dir='ltr'>venerabilis</span> <span class='ocrx_word' id='word_1_310' title='bbox 1692 774 1798 835; x_wconf 72' lang='lat' dir='ltr'>frater</span> <span class='ocrx_word' id='word_1_311' title='bbox 1829 777 1965 846; x_wconf 90' lang='lat' dir='ltr'>noster,</span> 
     </span>
     <span class='ocr_line' id='line_1_56' title="bbox 1153 869 1967 948; baseline 0.004 -18"><span class='ocrx_word' id='word_1_312' title='bbox 1153 869 1328 946; x_wconf 89' lang='lat' dir='ltr'>episcopus</span> <span class='ocrx_word' id='word_1_313' title='bbox 1344 871 1501 943; x_wconf 87' lang='lat' dir='ltr'>Prussiae,</span> <span class='ocrx_word' id='word_1_314' title='bbox 1523 886 1563 931; x_wconf 90' lang='lat' dir='ltr'>ao</span> <span class='ocrx_word' id='word_1_315' title='bbox 1583 871 1704 933; x_wconf 76' lang='lat' dir='ltr'>fratres</span> <span class='ocrx_word' id='word_1_316' title='bbox 1728 874 1801 948; x_wconf 87' lang='lat' dir='ltr'>ejus</span> <span class='ocrx_word' id='word_1_317' title='bbox 1823 873 1967 933; x_wconf 85' lang='lat' dir='ltr'>statue-</span> 
     </span>
     <span class='ocr_line' id='line_1_57' title="bbox 1153 966 1968 1045; baseline 0.002 -17"><span class='ocrx_word' id='word_1_318' title='bbox 1153 966 1241 1039; x_wconf 91' lang='lat' dir='ltr'>runt,</span> <span class='ocrx_word' id='word_1_319' title='bbox 1258 967 1344 1028; x_wconf 89' lang='lat' dir='ltr'>sicut</span> <span class='ocrx_word' id='word_1_320' title='bbox 1366 968 1531 1039; x_wconf 89' lang='lat' dir='ltr'>asserunt,</span> <span class='ocrx_word' id='word_1_321' title='bbox 1548 968 1646 1045; x_wconf 87' lang='lat' dir='ltr'>prout</span> <span class='ocrx_word' id='word_1_322' title='bbox 1670 969 1768 1030; x_wconf 90' lang='lat' dir='ltr'>valde</span> <span class='ocrx_word' id='word_1_323' title='bbox 1795 985 1968 1030; x_wconf 88' lang='lat' dir='ltr'>necessa-</span> 
     </span>
     <span class='ocr_line' id='line_1_58' title="bbox 1153 1062 1966 1137; baseline 0 -13"><span class='ocrx_word' id='word_1_324' title='bbox 1153 1062 1240 1124; x_wconf 89' lang='lat' dir='ltr'>rium</span> <span class='ocrx_word' id='word_1_325' title='bbox 1253 1079 1325 1125; x_wconf 90' lang='lat' dir='ltr'>esse</span> <span class='ocrx_word' id='word_1_326' title='bbox 1341 1065 1480 1137; x_wconf 90' lang='lat' dir='ltr'>constat,</span> <span class='ocrx_word' id='word_1_327' title='bbox 1497 1065 1628 1126; x_wconf 88' lang='lat' dir='ltr'>scholas</span> <span class='ocrx_word' id='word_1_328' title='bbox 1645 1067 1871 1127; x_wconf 90' lang='lat' dir='ltr'>Prutenorum</span> <span class='ocrx_word' id='word_1_329' title='bbox 1888 1066 1966 1126; x_wconf 83' lang='lat' dir='ltr'>ins-</span> 
     </span>
     <span class='ocr_line' id='line_1_59' title="bbox 1153 1161 1965 1239; baseline 0.001 -18"><span class='ocrx_word' id='word_1_330' title='bbox 1153 1161 1275 1222; x_wconf 89' lang='lat' dir='ltr'>tituere</span> <span class='ocrx_word' id='word_1_331' title='bbox 1304 1176 1495 1239; x_wconf 89' lang='lat' dir='ltr'>puerorum,</span> <span class='ocrx_word' id='word_1_332' title='bbox 1526 1162 1581 1239; x_wconf 91' lang='lat' dir='ltr'>qui</span> <span class='ocrx_word' id='word_1_333' title='bbox 1616 1162 1656 1222; x_wconf 91' lang='lat' dir='ltr'>ad</span> <span class='ocrx_word' id='word_1_334' title='bbox 1692 1164 1827 1238; x_wconf 89' lang='lat' dir='ltr'>gentem</span> <span class='ocrx_word' id='word_1_335' title='bbox 1865 1179 1965 1223; x_wconf 88' lang='lat' dir='ltr'>suam</span> 
     </span>
     <span class='ocr_line' id='line_1_60' title="bbox 1153 1258 1960 1328; baseline 0.001 -9"><span class='ocrx_word' id='word_1_336' title='bbox 1153 1259 1293 1319; x_wconf 88' lang='lat' dir='ltr'>Domino</span> <span class='ocrx_word' id='word_1_337' title='bbox 1307 1258 1562 1320; x_wconf 82' lang='lat' dir='ltr'>convertendam</span> <span class='ocrx_word' id='word_1_338' title='bbox 1575 1258 1749 1328; x_wconf 81' lang='lat' dir='ltr'>addiscant</span> <span class='ocrx_word' id='word_1_339' title='bbox 1766 1259 1960 1328; x_wconf 85' lang='lat' dir='ltr'>efficacius,</span> 
     </span>
     <span class='ocr_line' id='line_1_61' title="bbox 1154 1353 1962 1432; baseline 0.004 -18"><span class='ocrx_word' id='word_1_340' title='bbox 1154 1370 1253 1431; x_wconf 92' lang='lat' dir='ltr'>quam</span> <span class='ocrx_word' id='word_1_341' title='bbox 1281 1353 1418 1416; x_wconf 86' lang='lat' dir='ltr'>advenae</span> <span class='ocrx_word' id='word_1_342' title='bbox 1447 1355 1630 1432; x_wconf 89' lang='lat' dir='ltr'>praedicare</span> <span class='ocrx_word' id='word_1_343' title='bbox 1656 1371 1695 1416; x_wconf 87' lang='lat' dir='ltr'>ac</span> <span class='ocrx_word' id='word_1_344' title='bbox 1720 1357 1962 1432; x_wconf 87' lang='lat' dir='ltr'>evangelizare</span> 
     </span>
     <span class='ocr_line' id='line_1_62' title="bbox 1154 1452 1959 1530; baseline 0.002 -18"><span class='ocrx_word' id='word_1_345' title='bbox 1154 1453 1328 1513; x_wconf 88' lang='lat' dir='ltr'>Dominum</span> <span class='ocrx_word' id='word_1_346' title='bbox 1344 1455 1455 1514; x_wconf 90' lang='lat' dir='ltr'>Jesum</span> <span class='ocrx_word' id='word_1_347' title='bbox 1472 1452 1649 1513; x_wconf 87' lang='lat' dir='ltr'>Christum.</span> <span class='ocrx_word' id='word_1_348' title='bbox 1664 1453 1826 1514; x_wconf 86' lang='lat' dir='ltr'>Caeterum</span> <span class='ocrx_word' id='word_1_349' title='bbox 1853 1470 1959 1530; x_wconf 90' lang='lat' dir='ltr'>quum</span> 
     </span>
     <span class='ocr_line' id='line_1_63' title="bbox 1154 1547 1962 1626; baseline 0.004 -17"><span class='ocrx_word' id='word_1_350' title='bbox 1154 1548 1194 1609; x_wconf 89' lang='lat' dir='ltr'>ad</span> <span class='ocrx_word' id='word_1_351' title='bbox 1207 1547 1269 1610; x_wconf 92' lang='lat' dir='ltr'>hoc</span> <span class='ocrx_word' id='word_1_352' title='bbox 1278 1548 1341 1609; x_wconf 92' lang='lat' dir='ltr'>sibi</span> <span class='ocrx_word' id='word_1_353' title='bbox 1352 1549 1486 1625; x_wconf 89' lang='lat' dir='ltr'>proprie</span> <span class='ocrx_word' id='word_1_354' title='bbox 1497 1565 1562 1610; x_wconf 91' lang='lat' dir='ltr'>non</span> <span class='ocrx_word' id='word_1_355' title='bbox 1573 1552 1749 1626; x_wconf 88' lang='lat' dir='ltr'>suppetant</span> <span class='ocrx_word' id='word_1_356' title='bbox 1765 1550 1962 1624; x_wconf 85' lang='lat' dir='ltr'>facultates,</span> 
     </span>
     <span class='ocr_line' id='line_1_64' title="bbox 1155 1645 1960 1710; baseline -0.001 -4"><span class='ocrx_word' id='word_1_357' title='bbox 1155 1645 1405 1708; x_wconf 86' lang='lat' dir='ltr'>universitatem</span> <span class='ocrx_word' id='word_1_358' title='bbox 1421 1647 1565 1708; x_wconf 89' lang='lat' dir='ltr'>vestram</span> <span class='ocrx_word' id='word_1_359' title='bbox 1581 1647 1779 1710; x_wconf 89' lang='lat' dir='ltr'>monendam</span> <span class='ocrx_word' id='word_1_360' title='bbox 1794 1647 1960 1708; x_wconf 85' lang='lat' dir='ltr'>duximus</span> 
     </span>
    </p>
   </div>
   <div class='ocr_carea' id='block_1_16' title="bbox 1156 1735 2046 1822">
    <p class='ocr_par' dir='ltr' id='par_1_19' title="bbox 1156 1735 2046 1822">
     <span class='ocr_line' id='line_1_65' title="bbox 1156 1735 2046 1822; baseline -0.002 -17"><span class='ocrx_word' id='word_1_361' title='bbox 1156 1745 1189 1805; x_wconf 85' lang='lat' dir='ltr'>et</span> <span class='ocrx_word' id='word_1_362' title='bbox 1203 1743 1398 1806; x_wconf 88' lang='lat' dir='ltr'>hortandam</span> <span class='ocrx_word' id='word_1_363' title='bbox 1414 1759 1473 1821; x_wconf 90' lang='lat' dir='ltr'>per</span> <span class='ocrx_word' id='word_1_364' title='bbox 1494 1745 1684 1821; x_wconf 72' lang='lat' dir='ltr'>apostolica</span> <span class='ocrx_word' id='word_1_365' title='bbox 1706 1746 1832 1822; x_wconf 88' lang='lat' dir='ltr'>scripta</span> <span class='ocrx_word' id='word_1_366' title='bbox 1859 1761 1964 1806; x_wconf 91' lang='lat' dir='ltr'>man·</span> <span class='ocrx_word' id='word_1_367' title='bbox 2045 1735 2046 1782; x_wconf 59' lang='grc' dir='ltr'>ἕ</span> 
     </span>
    </p>
   </div>
   <div class='ocr_carea' id='block_1_17' title="bbox 1155 1840 1966 2595">
    <p class='ocr_par' dir='ltr' id='par_1_20' title="bbox 1155 1840 1965 2404">
     <span class='ocr_line' id='line_1_66' title="bbox 1155 1840 1965 1918; baseline 0.001 -17"><span class='ocrx_word' id='word_1_368' title='bbox 1155 1840 1283 1912; x_wconf 89' lang='lat' dir='ltr'>dantes,</span> <span class='ocrx_word' id='word_1_369' title='bbox 1301 1857 1340 1903; x_wconf 90' lang='lat' dir='ltr'>ac</span> <span class='ocrx_word' id='word_1_370' title='bbox 1354 1842 1390 1902; x_wconf 90' lang='lat' dir='ltr'>in</span> <span class='ocrx_word' id='word_1_371' title='bbox 1413 1841 1643 1903; x_wconf 88' lang='lat' dir='ltr'>remissionem</span> <span class='ocrx_word' id='word_1_372' title='bbox 1666 1841 1761 1904; x_wconf 89' lang='lat' dir='ltr'>vobis</span> <span class='ocrx_word' id='word_1_373' title='bbox 1788 1844 1965 1918; x_wconf 89' lang='lat' dir='ltr'>peccami-</span> 
     </span>
     <span class='ocr_line' id='line_1_67' title="bbox 1156 1939 1965 2017; baseline 0 -17"><span class='ocrx_word' id='word_1_374' title='bbox 1156 1955 1233 2000; x_wconf 90' lang='lat' dir='ltr'>num</span> <span class='ocrx_word' id='word_1_375' title='bbox 1256 1939 1477 2016; x_wconf 86' lang='lat' dir='ltr'>injungentes,</span> <span class='ocrx_word' id='word_1_376' title='bbox 1494 1939 1658 2017; x_wconf 87' lang='lat' dir='ltr'>quatenus</span> <span class='ocrx_word' id='word_1_377' title='bbox 1677 1939 1718 2000; x_wconf 90' lang='lat' dir='ltr'>de</span> <span class='ocrx_word' id='word_1_378' title='bbox 1742 1939 1965 2002; x_wconf 88' lang='lat' dir='ltr'>facultatibus</span> 
     </span>
     <span class='ocr_line' id='line_1_68' title="bbox 1155 2035 1965 2099; baseline -0.001 0"><span class='ocrx_word' id='word_1_379' title='bbox 1155 2036 1250 2099; x_wconf 86' lang='lat' dir='ltr'>vobis</span> <span class='ocrx_word' id='word_1_380' title='bbox 1265 2035 1385 2098; x_wconf 88' lang='lat' dir='ltr'>datisa</span> <span class='ocrx_word' id='word_1_381' title='bbox 1407 2037 1546 2098; x_wconf 89' lang='lat' dir='ltr'>Domino</span> <span class='ocrx_word' id='word_1_382' title='bbox 1570 2036 1798 2099; x_wconf 86' lang='lat' dir='ltr'>subventionis</span> <span class='ocrx_word' id='word_1_383' title='bbox 1822 2053 1965 2098; x_wconf 89' lang='lat' dir='ltr'>manum</span> 
     </span>
     <span class='ocr_line' id='line_1_69' title="bbox 1157 2133 1965 2211; baseline 0 -17"><span class='ocrx_word' id='word_1_384' title='bbox 1157 2133 1206 2193; x_wconf 90' lang='lat' dir='ltr'>eis</span> <span class='ocrx_word' id='word_1_385' title='bbox 1234 2134 1275 2195; x_wconf 90' lang='lat' dir='ltr'>ad</span> <span class='ocrx_word' id='word_1_386' title='bbox 1304 2133 1367 2195; x_wconf 93' lang='lat' dir='ltr'>hoc</span> <span class='ocrx_word' id='word_1_387' title='bbox 1393 2134 1448 2211; x_wconf 88' lang='lat' dir='ltr'>pie</span> <span class='ocrx_word' id='word_1_388' title='bbox 1476 2149 1515 2194; x_wconf 91' lang='lat' dir='ltr'>ac</span> <span class='ocrx_word' id='word_1_389' title='bbox 1549 2133 1734 2196; x_wconf 90' lang='lat' dir='ltr'>liberaliter</span> <span class='ocrx_word' id='word_1_390' title='bbox 1758 2136 1965 2211; x_wconf 86' lang='lat' dir='ltr'>porrigatis,</span> 
     </span>
     <span class='ocr_line' id='line_1_70' title="bbox 1157 2230 1964 2308; baseline 0 -16"><span class='ocrx_word' id='word_1_391' title='bbox 1157 2231 1347 2308; x_wconf 88' lang='lat' dir='ltr'>centuplum</span> <span class='ocrx_word' id='word_1_392' title='bbox 1374 2231 1408 2291; x_wconf 90' lang='lat' dir='ltr'>in</span> <span class='ocrx_word' id='word_1_393' title='bbox 1436 2230 1501 2303; x_wconf 85' lang='lat' dir='ltr'>via,</span> <span class='ocrx_word' id='word_1_394' title='bbox 1528 2232 1562 2292; x_wconf 86' lang='lat' dir='ltr'>et</span> <span class='ocrx_word' id='word_1_395' title='bbox 1589 2231 1690 2293; x_wconf 88' lang='lat' dir='ltr'>vitam</span> <span class='ocrx_word' id='word_1_396' title='bbox 1725 2233 1892 2292; x_wconf 78' lang='lat' dir='ltr'>aeternam</span> <span class='ocrx_word' id='word_1_397' title='bbox 1931 2234 1964 2293; x_wconf 91' lang='lat' dir='ltr'>in</span> 
     </span>
     <span class='ocr_line' id='line_1_71' title="bbox 1158 2328 1463 2404; baseline 0 -16"><span class='ocrx_word' id='word_1_398' title='bbox 1158 2329 1265 2404; x_wconf 85' lang='lat' dir='ltr'>patria</span> <span class='ocrx_word' id='word_1_399' title='bbox 1287 2328 1463 2404; x_wconf 87' lang='lat' dir='ltr'>recepturi.</span> 
     </span>
    </p>

    <p class='ocr_par' dir='ltr' id='par_1_21' title="bbox 1157 2424 1966 2595">
     <span class='ocr_line' id='line_1_72' title="bbox 1198 2424 1966 2502; baseline 0.001 -17"><span class='ocrx_word' id='word_1_400' title='bbox 1198 2425 1316 2485; x_wconf 86' lang='lat' dir='ltr'>Datum</span> <span class='ocrx_word' id='word_1_401' title='bbox 1341 2427 1465 2497; x_wconf 82' lang='lat' dir='ltr'>Romae,</span> <span class='ocrx_word' id='word_1_402' title='bbox 1495 2424 1582 2502; x_wconf 91' lang='lat' dir='ltr'>apud</span> <span class='ocrx_word' id='word_1_403' title='bbox 1621 2425 1779 2487; x_wconf 85' lang='lat' dir='ltr'>Sanctum</span> <span class='ocrx_word' id='word_1_404' title='bbox 1810 2427 1966 2494; x_wconf 88' lang='lat' dir='ltr'>Petrum,</span> 
     </span>
     <span class='ocr_line' id='line_1_73' title="bbox 1157 2521 1647 2595; baseline 0 -13"><span class='ocrx_word' id='word_1_405' title='bbox 1157 2521 1268 2582; x_wconf 91' lang='lat' dir='ltr'>idibus</span> <span class='ocrx_word' id='word_1_406' title='bbox 1279 2521 1371 2595; x_wconf 88' lang='lat' dir='ltr'>maii,</span> <span class='ocrx_word' id='word_1_407' title='bbox 1388 2537 1476 2583; x_wconf 90' lang='lat' dir='ltr'>anno</span> <span class='ocrx_word' id='word_1_408' title='bbox 1492 2522 1647 2584; x_wconf 91' lang='lat' dir='ltr'>secundo.</span> 
     </span>
    </p>
   </div>
   <div class='ocr_carea' id='block_1_18' title="bbox 1484 2698 1631 2788">
    <p class='ocr_par' dir='ltr' id='par_1_22' title="bbox 1484 2698 1631 2788">
     <span class='ocr_line' id='line_1_74' title="bbox 1484 2698 1631 2788; baseline 0 -1"><span class='ocrx_word' id='word_1_409' title='bbox 1484 2698 1631 2788; x_wconf 80' lang='lat' dir='ltr'>ccxii</span> 
     </span>
    </p>
   </div>
   <div class='ocr_carea' id='block_1_19' title="bbox 1292 2844 1824 2915">
    <p class='ocr_par' dir='ltr' id='par_1_23' title="bbox 1292 2844 1824 2915">
     <span class='ocr_line' id='line_1_75' title="bbox 1292 2844 1824 2915; baseline -0.002 -11"><span class='ocrx_word' id='word_1_410' title='bbox 1292 2845 1344 2904; x_wconf 79' lang='lat' dir='ltr'>Aa</span> <span class='ocrx_word' id='word_1_411' title='bbox 1358 2845 1539 2904; x_wconf 76' lang='lat' dir='ltr'>reniocrsos</span> <span class='ocrx_word' id='word_1_412' title='bbox 1554 2844 1682 2906; x_wconf 80' lang='lat' dir='ltr'>Christi</span> <span class='ocrx_word' id='word_1_413' title='bbox 1695 2845 1824 2915; x_wconf 76' lang='lat' dir='ltr'>fideles.</span> 
     </span>
    </p>
   </div>
   <div class='ocr_carea' id='block_1_20' title="bbox 1223 2965 1909 3144">
    <p class='ocr_par' dir='ltr' id='par_1_24' title="bbox 1223 2965 1909 3144">
     <span class='ocr_line' id='line_1_76' title="bbox 1455 2965 1661 3023; baseline 0.01 -3"><span class='ocrx_word' id='word_1_414' title='bbox 1455 2965 1489 3022; x_wconf 77' lang='lat' dir='ltr'>la</span> <span class='ocrx_word' id='word_1_415' title='bbox 1503 2965 1570 3020; x_wconf 89' lang='lat' dir='ltr'>mall</span> <span class='ocrx_word' id='word_1_416' title='bbox 1582 2965 1661 3023; x_wconf 77' lang='lat' dir='ltr'>lalss.</span> 
     </span>
     <span class='ocr_line' id='line_1_77' title="bbox 1223 3077 1909 3144; baseline 0.006 -18"><span class='ocrx_word' id='word_1_417' title='bbox 1223 3077 1318 3141; x_wconf 73' lang='lat' dir='ltr'>[Voigt</span> <span class='ocrx_word' id='word_1_418' title='bbox 1330 3077 1414 3128; x_wconf 85' lang='lat' dir='ltr'>Codex</span> <span class='ocrx_word' id='word_1_419' title='bbox 1426 3077 1608 3142; x_wconf 87' lang='lat' dir='ltr'>diplomaticus</span> <span class='ocrx_word' id='word_1_420' title='bbox 1620 3079 1737 3136; x_wconf 76' lang='lat' dir='ltr'>Prusciar,</span> <span class='ocrx_word' id='word_1_421' title='bbox 1747 3085 1768 3128; x_wconf 89' lang='lat' dir='ltr'>t.</span> <span class='ocrx_word' id='word_1_422' title='bbox 1775 3078 1794 3138; x_wconf 91' lang='lat' dir='ltr'>l,</span> <span class='ocrx_word' id='word_1_423' title='bbox 1807 3091 1837 3130; x_wconf 87' lang='lat' dir='ltr'>n.</span> <span class='ocrx_word' id='word_1_424' title='bbox 1852 3079 1909 3144; x_wconf 81' lang='lat' dir='ltr'>lu]</span> 
     </span>
    </p>
   </div>
   <div class='ocr_carea' id='block_1_21' title="bbox 1160 3183 1966 3346">
    <p class='ocr_par' dir='ltr' id='par_1_25' title="bbox 1160 3183 1966 3346">
     <span class='ocr_line' id='line_1_78' title="bbox 1160 3183 1966 3258; baseline -0.001 -15"><span class='ocrx_word' id='word_1_425' title='bbox 1160 3183 1276 3243; x_wconf 87' lang='lat' dir='ltr'>llandat</span> <span class='ocrx_word' id='word_1_426' title='bbox 1296 3184 1494 3257; x_wconf 82' lang='lat' dir='ltr'>eleemosynas</span> <span class='ocrx_word' id='word_1_427' title='bbox 1517 3185 1613 3258; x_wconf 86' lang='lat' dir='ltr'>colligi</span> <span class='ocrx_word' id='word_1_428' title='bbox 1636 3184 1672 3242; x_wconf 90' lang='lat' dir='ltr'>ad</span> <span class='ocrx_word' id='word_1_429' title='bbox 1699 3184 1908 3244; x_wconf 88' lang='lat' dir='ltr'>redimendum</span> <span class='ocrx_word' id='word_1_430' title='bbox 1939 3189 1966 3242; x_wconf 91' lang='lat' dir='ltr'>iu</span> 
     </span>
     <span class='ocr_line' id='line_1_79' title="bbox 1267 3273 1854 3346; baseline -0.002 -16"><span class='ocrx_word' id='word_1_431' title='bbox 1267 3273 1379 3330; x_wconf 86' lang='lat' dir='ltr'>Prussla</span> <span class='ocrx_word' id='word_1_432' title='bbox 1396 3273 1503 3346; x_wconf 85' lang='lat' dir='ltr'>puellas</span> <span class='ocrx_word' id='word_1_433' title='bbox 1524 3288 1596 3346; x_wconf 89' lang='lat' dir='ltr'>ques</span> <span class='ocrx_word' id='word_1_434' title='bbox 1615 3273 1721 3346; x_wconf 82' lang='lat' dir='ltr'>pagani</span> <span class='ocrx_word' id='word_1_435' title='bbox 1736 3281 1854 3332; x_wconf 87' lang='lat' dir='ltr'>uacant.</span> 
     </span>
    </p>
   </div>
   <div class='ocr_carea' id='block_1_22' title="bbox 1201 3367 2046 3471">
    <p class='ocr_par' dir='ltr' id='par_1_26' title="bbox 1201 3367 2046 3471">
     <span class='ocr_line' id='line_1_80' title="bbox 1201 3367 2046 3471; baseline -0.001 -10"><span class='ocrx_word' id='word_1_436' title='bbox 1201 3399 1368 3461; x_wconf 88' lang='lat' dir='ltr'>Honorius</span> <span class='ocrx_word' id='word_1_437' title='bbox 1384 3401 1441 3471; x_wconf 87' lang='grc' dir='ltr'><strong>ΙΙΙ,</strong></span> <span class='ocrx_word' id='word_1_438' title='bbox 1465 3401 1538 3471; x_wconf 72' lang='lat' dir='ltr'>etc,</span> <span class='ocrx_word' id='word_1_439' title='bbox 1554 3399 1718 3462; x_wconf 90' lang='lat' dir='ltr'>universis</span> <span class='ocrx_word' id='word_1_440' title='bbox 1734 3400 1860 3462; x_wconf 86' lang='lat' dir='ltr'>Christi</span> <span class='ocrx_word' id='word_1_441' title='bbox 1878 3401 1967 3462; x_wconf 89' lang='lat' dir='ltr'>fide-</span> <span class='ocrx_word' id='word_1_442' title='bbox 2045 3367 2046 3404; x_wconf 27' lang='grc' dir='ltr'><strong>ἶ</strong></span> 
     </span>
    </p>
   </div>
   <div class='ocr_carea' id='block_1_23' title="bbox 1162 3496 1970 3865">
    <p class='ocr_par' dir='ltr' id='par_1_27' title="bbox 1162 3496 1861 3574">
     <span class='ocr_line' id='line_1_81' title="bbox 1162 3496 1861 3574; baseline -0.001 -16"><span class='ocrx_word' id='word_1_443' title='bbox 1162 3497 1249 3558; x_wconf 90' lang='lat' dir='ltr'>libus</span> <span class='ocrx_word' id='word_1_444' title='bbox 1265 3496 1306 3558; x_wconf 89' lang='lat' dir='ltr'>ad</span> <span class='ocrx_word' id='word_1_445' title='bbox 1319 3512 1400 3573; x_wconf 91' lang='lat' dir='ltr'>quos</span> <span class='ocrx_word' id='word_1_446' title='bbox 1416 3497 1535 3559; x_wconf 87' lang='lat' dir='ltr'>litterae</span> <span class='ocrx_word' id='word_1_447' title='bbox 1550 3497 1622 3559; x_wconf 90' lang='lat' dir='ltr'>istae</span> <span class='ocrx_word' id='word_1_448' title='bbox 1634 3497 1861 3574; x_wconf 89' lang='lat' dir='ltr'>pervenerint.</span> 
     </span>
    </p>

    <p class='ocr_par' dir='ltr' id='par_1_28' title="bbox 1162 3593 1970 3865">
     <span class='ocr_line' id='line_1_82' title="bbox 1205 3593 1967 3670; baseline 0.004 -16"><span class='ocrx_word' id='word_1_449' title='bbox 1205 3594 1274 3656; x_wconf 85' lang='lat' dir='ltr'>Etsi</span> <span class='ocrx_word' id='word_1_450' title='bbox 1290 3593 1408 3654; x_wconf 91' lang='lat' dir='ltr'>militia</span> <span class='ocrx_word' id='word_1_451' title='bbox 1425 3595 1468 3655; x_wconf 89' lang='lat' dir='ltr'>sit</span> <span class='ocrx_word' id='word_1_452' title='bbox 1477 3594 1545 3655; x_wconf 90' lang='lat' dir='ltr'>vita</span> <span class='ocrx_word' id='word_1_453' title='bbox 1558 3593 1702 3654; x_wconf 89' lang='lat' dir='ltr'>hominis</span> <span class='ocrx_word' id='word_1_454' title='bbox 1710 3610 1812 3670; x_wconf 89' lang='lat' dir='ltr'>super</span> <span class='ocrx_word' id='word_1_455' title='bbox 1825 3597 1967 3667; x_wconf 86' lang='lat' dir='ltr'>terram,</span> 
     </span>
     <span class='ocr_line' id='line_1_83' title="bbox 1162 3690 1970 3769; baseline 0.002 -18"><span class='ocrx_word' id='word_1_456' title='bbox 1162 3691 1240 3751; x_wconf 92' lang='lat' dir='ltr'>dum</span> <span class='ocrx_word' id='word_1_457' title='bbox 1255 3690 1286 3750; x_wconf 92' lang='lat' dir='ltr'>ei</span> <span class='ocrx_word' id='word_1_458' title='bbox 1301 3707 1367 3752; x_wconf 90' lang='lat' dir='ltr'>nou</span> <span class='ocrx_word' id='word_1_459' title='bbox 1382 3691 1489 3753; x_wconf 90' lang='lat' dir='ltr'>solum</span> <span class='ocrx_word' id='word_1_460' title='bbox 1505 3691 1646 3751; x_wconf 90' lang='lat' dir='ltr'>mundus</span> <span class='ocrx_word' id='word_1_461' title='bbox 1658 3691 1827 3752; x_wconf 91' lang='lat' dir='ltr'>immunda</span> <span class='ocrx_word' id='word_1_462' title='bbox 1841 3709 1970 3769; x_wconf 86' lang='lat' dir='ltr'>sugge-</span> 
     </span>
     <span class='ocr_line' id='line_1_84' title="bbox 1163 3788 1967 3865; baseline 0.001 -16"><span class='ocrx_word' id='word_1_463' title='bbox 1163 3804 1252 3860; x_wconf 84' lang='lat' dir='ltr'>rens,</span> <span class='ocrx_word' id='word_1_464' title='bbox 1267 3789 1424 3865; x_wconf 84' lang='lat' dir='ltr'>tanquam</span> <span class='ocrx_word' id='word_1_465' title='bbox 1440 3804 1560 3849; x_wconf 87' lang='lat' dir='ltr'>serena</span> <span class='ocrx_word' id='word_1_466' title='bbox 1573 3788 1742 3850; x_wconf 87' lang='lat' dir='ltr'>blanditur</span> <span class='ocrx_word' id='word_1_467' title='bbox 1755 3789 1790 3848; x_wconf 92' lang='lat' dir='ltr'>in</span> <span class='ocrx_word' id='word_1_468' title='bbox 1808 3795 1967 3860; x_wconf 90' lang='lat' dir='ltr'>mortem,</span> 
     </span>
    </p>
   </div>
   <div class='ocr_carea' id='block_1_24' title="bbox 1163 3884 2046 3963">
    <p class='ocr_par' dir='ltr' id='par_1_29' title="bbox 1163 3884 2046 3963">
     <span class='ocr_line' id='line_1_85' title="bbox 1163 3884 2046 3963; baseline 0.003 -18"><span class='ocrx_word' id='word_1_469' title='bbox 1163 3886 1196 3946; x_wconf 91' lang='lat' dir='ltr'>et</span> <span class='ocrx_word' id='word_1_470' title='bbox 1224 3900 1302 3946; x_wconf 89' lang='lat' dir='ltr'>caro</span> <span class='ocrx_word' id='word_1_471' title='bbox 1332 3884 1493 3946; x_wconf 89' lang='lat' dir='ltr'>adversus</span> <span class='ocrx_word' id='word_1_472' title='bbox 1532 3885 1685 3962; x_wconf 88' lang='lat' dir='ltr'>spiritum</span> <span class='ocrx_word' id='word_1_473' title='bbox 1721 3888 1969 3963; x_wconf 87' lang='lat' dir='ltr'>concupiscens</span> <span class='ocrx_word' id='word_1_474' title='bbox 2045 3911 2046 3916; x_wconf 41' lang='lat'>¹</span> 
     </span>
    </p>
   </div>
   <div class='ocr_carea' id='block_1_25' title="bbox 1165 3981 1972 4644">
    <p class='ocr_par' dir='ltr' id='par_1_30' title="bbox 1165 3981 1972 4644">
     <span class='ocr_line' id='line_1_86' title="bbox 1166 3981 1969 4058; baseline 0.001 -15"><span class='ocrx_word' id='word_1_475' title='bbox 1166 3982 1328 4058; x_wconf 79' lang='lat' dir='ltr'>exsurgit,</span> <span class='ocrx_word' id='word_1_476' title='bbox 1342 3981 1433 4044; x_wconf 93' lang='lat' dir='ltr'>velut</span> <span class='ocrx_word' id='word_1_477' title='bbox 1445 3981 1552 4043; x_wconf 90' lang='lat' dir='ltr'>Dalila</span> <span class='ocrx_word' id='word_1_478' title='bbox 1567 3981 1601 4042; x_wconf 90' lang='lat' dir='ltr'>iu</span> <span class='ocrx_word' id='word_1_479' title='bbox 1622 3983 1830 4055; x_wconf 80' lang='lat' dir='ltr'>samsonem,</span> <span class='ocrx_word' id='word_1_480' title='bbox 1848 3999 1969 4044; x_wconf 85' lang='lat' dir='ltr'>varum</span> 
     </span>
     <span class='ocr_line' id='line_1_87' title="bbox 1167 4076 1970 4156; baseline 0 -14"><span class='ocrx_word' id='word_1_481' title='bbox 1167 4081 1267 4142; x_wconf 89' lang='lat' dir='ltr'>etlam</span> <span class='ocrx_word' id='word_1_482' title='bbox 1280 4076 1432 4140; x_wconf 91' lang='lat' dir='ltr'>diabolus</span> <span class='ocrx_word' id='word_1_483' title='bbox 1447 4080 1604 4156; x_wconf 92' lang='lat' dir='ltr'>tanquam</span> <span class='ocrx_word' id='word_1_484' title='bbox 1618 4079 1671 4140; x_wconf 91' lang='lat' dir='ltr'>leo</span> <span class='ocrx_word' id='word_1_485' title='bbox 1686 4079 1823 4156; x_wconf 89' lang='lat' dir='ltr'>rugiens</span> <span class='ocrx_word' id='word_1_486' title='bbox 1846 4081 1970 4142; x_wconf 86' lang='lat' dir='ltr'>circuit</span> 
     </span>
     <span class='ocr_line' id='line_1_88' title="bbox 1165 4175 1969 4256; baseline 0.002 -19"><span class='ocrx_word' id='word_1_487' title='bbox 1165 4193 1316 4255; x_wconf 84' lang='lat' dir='ltr'>quaerens</span> <span class='ocrx_word' id='word_1_488' title='bbox 1340 4193 1437 4253; x_wconf 90' lang='lat' dir='ltr'>quem</span> <span class='ocrx_word' id='word_1_489' title='bbox 1465 4176 1573 4238; x_wconf 86' lang='lat' dir='ltr'>valeat</span> <span class='ocrx_word' id='word_1_490' title='bbox 1601 4175 1772 4248; x_wconf 91' lang='lat' dir='ltr'>devorare,</span> <span class='ocrx_word' id='word_1_491' title='bbox 1799 4177 1850 4238; x_wconf 87' lang='lat' dir='ltr'>ita</span> <span class='ocrx_word' id='word_1_492' title='bbox 1880 4178 1969 4256; x_wconf 91' lang='lat' dir='ltr'>quod</span> 
     </span>
     <span class='ocr_line' id='line_1_89' title="bbox 1165 4263 1968 4352; baseline 0 -16"><span class='ocrx_word' id='word_1_493' title='bbox 1165 4263 1264 4352; x_wconf 88' lang='lat' dir='ltr'>quum</span> <span class='ocrx_word' id='word_1_494' title='bbox 1279 4289 1340 4336; x_wconf 89' lang='lat' dir='ltr'>nec</span> <span class='ocrx_word' id='word_1_495' title='bbox 1352 4274 1510 4336; x_wconf 89' lang='lat' dir='ltr'>fortitudo</span> <span class='ocrx_word' id='word_1_496' title='bbox 1525 4276 1596 4351; x_wconf 83' lang='lat' dir='ltr'>ejus</span> <span class='ocrx_word' id='word_1_497' title='bbox 1617 4272 1774 4336; x_wconf 86' lang='lat' dir='ltr'>fortitudo</span> <span class='ocrx_word' id='word_1_498' title='bbox 1798 4273 1891 4351; x_wconf 87' lang='lat' dir='ltr'>lapis</span> <span class='ocrx_word' id='word_1_499' title='bbox 1915 4276 1968 4346; x_wconf 88' lang='lat' dir='ltr'>sit,</span> 
     </span>
     <span class='ocr_line' id='line_1_90' title="bbox 1165 4371 1970 4448; baseline -0.002 -14"><span class='ocrx_word' id='word_1_500' title='bbox 1165 4387 1318 4434; x_wconf 91' lang='lat' dir='ltr'>neccaro</span> <span class='ocrx_word' id='word_1_501' title='bbox 1333 4371 1438 4448; x_wconf 91' lang='lat' dir='ltr'>ipsius</span> <span class='ocrx_word' id='word_1_502' title='bbox 1449 4387 1542 4432; x_wconf 87' lang='lat' dir='ltr'>aenea</span> <span class='ocrx_word' id='word_1_503' title='bbox 1557 4371 1700 4448; x_wconf 89' lang='lat' dir='ltr'>nequeat</span> <span class='ocrx_word' id='word_1_504' title='bbox 1715 4387 1758 4432; x_wconf 78' lang='lat' dir='ltr'>en</span> <span class='ocrx_word' id='word_1_505' title='bbox 1770 4373 1970 4435; x_wconf 86' lang='lat' dir='ltr'>suavirtute</span> 
     </span>
     <span class='ocr_line' id='line_1_91' title="bbox 1165 4468 1972 4546; baseline 0 -15"><span class='ocrx_word' id='word_1_506' title='bbox 1165 4471 1213 4531; x_wconf 88' lang='lat' dir='ltr'>tot</span> <span class='ocrx_word' id='word_1_507' title='bbox 1225 4469 1380 4530; x_wconf 88' lang='lat' dir='ltr'>resistere</span> <span class='ocrx_word' id='word_1_508' title='bbox 1396 4468 1554 4540; x_wconf 85' lang='lat' dir='ltr'>inimicis,</span> <span class='ocrx_word' id='word_1_509' title='bbox 1566 4468 1645 4546; x_wconf 93' lang='lat' dir='ltr'>quin</span> <span class='ocrx_word' id='word_1_510' title='bbox 1657 4468 1851 4530; x_wconf 88' lang='lat' dir='ltr'>interduma</span> <span class='ocrx_word' id='word_1_511' title='bbox 1864 4469 1972 4531; x_wconf 86' lang='lat' dir='ltr'>tribu-</span> 
     </span>
     <span class='ocr_line' id='line_1_92' title="bbox 1166 4564 1972 4644; baseline -0.002 -16"><span class='ocrx_word' id='word_1_512' title='bbox 1166 4567 1290 4628; x_wconf 88' lang='lat' dir='ltr'>latione</span> <span class='ocrx_word' id='word_1_513' title='bbox 1315 4564 1478 4626; x_wconf 91' lang='lat' dir='ltr'>malorum</span> <span class='ocrx_word' id='word_1_514' title='bbox 1502 4568 1535 4627; x_wconf 90' lang='lat' dir='ltr'>et</span> <span class='ocrx_word' id='word_1_515' title='bbox 1562 4565 1712 4627; x_wconf 90' lang='lat' dir='ltr'>dolorum</span> <span class='ocrx_word' id='word_1_516' title='bbox 1745 4565 1869 4628; x_wconf 88' lang='lat' dir='ltr'>taedeat</span> <span class='ocrx_word' id='word_1_517' title='bbox 1896 4570 1972 4644; x_wconf 83' lang='lat' dir='ltr'>ejus</span> 
     </span>
    </p>
   </div>
   <div class='ocr_carea' id='block_1_26' title="bbox 314 4663 2046 4933">
    <p class='ocr_par' dir='ltr' id='par_1_31' title="bbox 314 4663 2046 4933">
     <span class='ocr_line' id='line_1_93' title="bbox 1166 4663 2046 4741; baseline -0.001 -15"><span class='ocrx_word' id='word_1_518' title='bbox 1166 4665 1223 4726; x_wconf 91' lang='lat' dir='ltr'>ani</span> <span class='ocrx_word' id='word_1_519' title='bbox 1237 4679 1313 4726; x_wconf 73' lang='lat' dir='ltr'>sam</span> <span class='ocrx_word' id='word_1_520' title='bbox 1328 4679 1397 4724; x_wconf 87' lang='lat' dir='ltr'>suae</span> <span class='ocrx_word' id='word_1_521' title='bbox 1413 4663 1489 4725; x_wconf 89' lang='lat' dir='ltr'>vitae</span> <span class='ocrx_word' id='word_1_522' title='bbox 1502 4664 1637 4741; x_wconf 88' lang='lat' dir='ltr'>propter</span> <span class='ocrx_word' id='word_1_523' title='bbox 1647 4663 1843 4739; x_wconf 88' lang='lat' dir='ltr'>quodetiam</span> <span class='ocrx_word' id='word_1_524' title='bbox 1858 4667 1975 4741; x_wconf 80' lang='lat' dir='ltr'>Apos-</span> <span class='ocrx_word' id='word_1_525' title='bbox 2045 4709 2046 4740; x_wconf 56' lang='lat'>2</span> 
     </span>
     <span class='ocr_line' id='line_1_94' title="bbox 314 4747 2046 4838; baseline -0.001 -15"><span class='ocrx_word' id='word_1_526' title='bbox 314 4755 567 4835; x_wconf 82' lang='lat' dir='ltr'>inexpugnabili</span> <span class='ocrx_word' id='word_1_527' title='bbox 594 4769 630 4816; x_wconf 77' lang='lat' dir='ltr'>se</span> <span class='ocrx_word' id='word_1_528' title='bbox 665 4752 761 4814; x_wconf 79' lang='lat' dir='ltr'>debet</span> <span class='ocrx_word' id='word_1_529' title='bbox 787 4754 958 4815; x_wconf 72' lang='lat' dir='ltr'>armatura</span> <span class='ocrx_word' id='word_1_530' title='bbox 981 4755 1112 4816; x_wconf 78' lang='lat' dir='ltr'>munira</span> <span class='ocrx_word' id='word_1_531' title='bbox 1165 4761 1252 4824; x_wconf 89' lang='lat' dir='ltr'>tolus</span> <span class='ocrx_word' id='word_1_532' title='bbox 1267 4759 1496 4822; x_wconf 74' lang='lat' dir='ltr'>exclamabat:</span> <span class='ocrx_word' id='word_1_533' title='bbox 1514 4761 1976 4838; x_wconf 69' lang='lat' dir='ltr'>ouaarretrecqaoetceeor-</span> <span class='ocrx_word' id='word_1_534' title='bbox 2045 4747 2046 4814; x_wconf 72' lang='lat' dir='ltr'>l</span> 
     </span>
     <span class='ocr_line' id='line_1_95' title="bbox 1164 4856 2046 4933; baseline 0.001 -14"><span class='ocrx_word' id='word_1_535' title='bbox 1164 4872 1249 4933; x_wconf 83' lang='lat' dir='ltr'>porc</span> <span class='ocrx_word' id='word_1_536' title='bbox 1273 4857 1397 4919; x_wconf 83' lang='lat' dir='ltr'>mortis</span> <span class='ocrx_word' id='word_1_537' title='bbox 1419 4860 1533 4928; x_wconf 68' lang='lat' dir='ltr'>araus,</span> <span class='ocrx_word' id='word_1_538' title='bbox 1547 4856 1707 4918; x_wconf 90' lang='lat' dir='ltr'>habemus</span> <span class='ocrx_word' id='word_1_539' title='bbox 1731 4860 1841 4918; x_wconf 64' lang='lat' dir='ltr'>amen</span> <span class='ocrx_word' id='word_1_540' title='bbox 1860 4859 1977 4919; x_wconf 88' lang='lat' dir='ltr'>medi·</span> <span class='ocrx_word' id='word_1_541' title='bbox 2045 4875 2046 4920; x_wconf 82' lang='lat' dir='ltr'>l</span> 
     </span>
    </p>
   </div>
   <div class='ocr_carea' id='block_1_27' title="bbox 1166 4953 1981 5512">
    <p class='ocr_par' dir='ltr' id='par_1_32' title="bbox 1166 4953 1981 5512">
     <span class='ocr_line' id='line_1_96' title="bbox 1168 4953 1977 5018; baseline 0 -2"><span class='ocrx_word' id='word_1_542' title='bbox 1168 4971 1242 5016; x_wconf 91' lang='lat' dir='ltr'>cum</span> <span class='ocrx_word' id='word_1_543' title='bbox 1271 4955 1429 5016; x_wconf 87' lang='lat' dir='ltr'>scientem</span> <span class='ocrx_word' id='word_1_544' title='bbox 1453 4953 1705 5015; x_wconf 84' lang='lat' dir='ltr'>infirmitatibus</span> <span class='ocrx_word' id='word_1_545' title='bbox 1728 4954 1852 5016; x_wconf 86' lang='lat' dir='ltr'>nostris</span> <span class='ocrx_word' id='word_1_546' title='bbox 1877 4971 1977 5018; x_wconf 91' lang='lat' dir='ltr'>com-</span> 
     </span>
     <span class='ocr_line' id='line_1_97' title="bbox 1167 5049 1978 5128; baseline 0.004 -18"><span class='ocrx_word' id='word_1_547' title='bbox 1167 5049 1245 5126; x_wconf 89' lang='lat' dir='ltr'>pati,</span> <span class='ocrx_word' id='word_1_548' title='bbox 1255 5049 1310 5126; x_wconf 92' lang='lat' dir='ltr'>qui</span> <span class='ocrx_word' id='word_1_549' title='bbox 1317 5065 1417 5128; x_wconf 92' lang='lat' dir='ltr'>quum</span> <span class='ocrx_word' id='word_1_550' title='bbox 1429 5051 1564 5124; x_wconf 88' lang='lat' dir='ltr'>peccata</span> <span class='ocrx_word' id='word_1_551' title='bbox 1575 5051 1689 5110; x_wconf 90' lang='lat' dir='ltr'>nostra</span> <span class='ocrx_word' id='word_1_552' title='bbox 1697 5049 1820 5120; x_wconf 90' lang='lat' dir='ltr'>tulerit,</span> <span class='ocrx_word' id='word_1_553' title='bbox 1829 5050 1864 5110; x_wconf 85' lang='lat' dir='ltr'>at</span> <span class='ocrx_word' id='word_1_554' title='bbox 1879 5050 1978 5114; x_wconf 90' lang='lat' dir='ltr'>dolo-</span> 
     </span>
     <span class='ocr_line' id='line_1_98' title="bbox 1166 5143 1977 5222; baseline 0.002 -15"><span class='ocrx_word' id='word_1_555' title='bbox 1166 5143 1977 5222; x_wconf 86' lang='lat' dir='ltr'>resnostrosipseportarit,contratribulationes</span> 
     </span>
     <span class='ocr_line' id='line_1_99' title="bbox 1167 5241 1977 5322; baseline 0.004 -19"><span class='ocrx_word' id='word_1_556' title='bbox 1167 5241 1330 5322; x_wconf 89' lang='lat' dir='ltr'>quaslibet</span> <span class='ocrx_word' id='word_1_557' title='bbox 1344 5241 1493 5304; x_wconf 86' lang='lat' dir='ltr'>efficacia</span> <span class='ocrx_word' id='word_1_558' title='bbox 1507 5241 1603 5304; x_wconf 91' lang='lat' dir='ltr'>nobis</span> <span class='ocrx_word' id='word_1_559' title='bbox 1627 5243 1775 5303; x_wconf 86' lang='lat' dir='ltr'>remedia</span> <span class='ocrx_word' id='word_1_560' title='bbox 1800 5257 1977 5320; x_wconf 90' lang='lat' dir='ltr'>procura-</span> 
     </span>
     <span class='ocr_line' id='line_1_100' title="bbox 1166 5338 1980 5416; baseline 0.004 -13"><span class='ocrx_word' id='word_1_561' title='bbox 1166 5341 1225 5412; x_wconf 87' lang='lat' dir='ltr'>vit,</span> <span class='ocrx_word' id='word_1_562' title='bbox 1236 5343 1268 5402; x_wconf 90' lang='lat' dir='ltr'>et</span> <span class='ocrx_word' id='word_1_563' title='bbox 1276 5339 1400 5401; x_wconf 89' lang='lat' dir='ltr'>morbis</span> <span class='ocrx_word' id='word_1_564' title='bbox 1412 5338 1555 5414; x_wconf 90' lang='lat' dir='ltr'>singulis</span> <span class='ocrx_word' id='word_1_565' title='bbox 1566 5339 1716 5416; x_wconf 88' lang='lat' dir='ltr'>singulas</span> <span class='ocrx_word' id='word_1_566' title='bbox 1727 5341 1898 5404; x_wconf 85' lang='lat' dir='ltr'>salutares</span> <span class='ocrx_word' id='word_1_567' title='bbox 1911 5361 1980 5406; x_wconf 91' lang='lat' dir='ltr'>nos</span> 
     </span>
     <span class='ocr_line' id='line_1_101' title="bbox 1167 5435 1981 5512; baseline 0.005 -14"><span class='ocrx_word' id='word_1_568' title='bbox 1167 5437 1279 5499; x_wconf 91' lang='lat' dir='ltr'>docuit</span> <span class='ocrx_word' id='word_1_569' title='bbox 1293 5435 1487 5507; x_wconf 89' lang='lat' dir='ltr'>medicinas,</span> <span class='ocrx_word' id='word_1_570' title='bbox 1505 5435 1583 5496; x_wconf 90' lang='lat' dir='ltr'>dum</span> <span class='ocrx_word' id='word_1_571' title='bbox 1598 5435 1639 5497; x_wconf 91' lang='lat' dir='ltr'>ad</span> <span class='ocrx_word' id='word_1_572' title='bbox 1655 5437 1865 5512; x_wconf 89' lang='lat' dir='ltr'>profliganda</span> <span class='ocrx_word' id='word_1_573' title='bbox 1887 5457 1981 5502; x_wconf 90' lang='lat' dir='ltr'>mor-</span> 
     </span>
    </p>
   </div>
   <div class='ocr_carea' id='block_1_28' title="bbox 0 0 2070 6388">
    <p class='ocr_par' dir='ltr' id='par_1_33' title="bbox 0 0 2070 6388">
     <span class='ocr_line' id='line_1_102' title="bbox 0 0 2070 6388; baseline 0 0"><span class='ocrx_word' id='word_1_574' title='bbox 0 0 2070 6388; x_wconf 95' lang='lat' dir='ltr'> </span> 
     </span>
    </p>
   </div>
  </div>
 </body>
</html>
