4234 6408
135 263 198 322 125

135 421 229 482 iissre
250 417 283 480 et
296 413 485 480 Theobaldo
508 414 586 477 nato
605 416 688 492 ejus,
707 416 935 478 1313110313-

136 517 264 596 311113,
295 514 437 576 salutem
467 512 500 574 et
525 511 741 589 apostolicam
772 513 934 576 benedic-

137 615 276 676 tionem.

179 728 228 792 Ad
241 727 451 790 devotionem
467 743 566 804 quam
587 725 817 804 progenitores
832 726 936 788 vestri

141 827 184 890 ad
199 829 382 889 Romanam
406 824 588 886 Ecclesiam
612 822 809 896 habuerunt,
827 823 859 885 31
876 839 936 885 vos

141 923 208 1002 ipsi
231 923 354 986 habere
369 921 547 984 noscimini
565 921 607 982 ad
622 921 781 992 eamdem,
803 920 938 998 plenum

143 1022 303 1085 habentes
315 1020 513 1097 respectum,
529 1019 663 1080 nuntios
676 1019 708 1081 et
719 1019 848 1080 litteras
862 1033 939 1080 res·

138 1121 212 1182 tras
237 1117 379 1193 benigne
404 1116 617 1193 recepimus:
640 1117 674 1177 et
690 1131 787 1193 quem
814 1115 855 1177 ad
878 1131 938 1176 vos

139 1217 289 1294 gerimus
308 1214 463 1277 affectum
483 1213 669 1276 dilectionis
692 1214 724 1275 et
742 1213 858 1290 gratiae
880 1228 940 1290 per

140 1315 296 1376 effectum
310 1311 420 1390 operis
435 1311 625 1373 curavimus
640 1311 868 1372 demonstrare
879 1327 941 1388 pe-

137 1411 314 1475 titionibus
339 1410 461 1472 1331113
488 1408 665 1486 benignius
692 1408 880 1470 annuendo.
901 1411 938 1469 ln

139 1510 238 1570 firmo
262 1507 350 1569 enim
374 1507 545 1585 proposito
569 1507 715 1582 gerimus
741 1505 776 1568 in
802 1505 939 1582 agendis

137 1606 273 1677 vestris,
290 1606 448 1682 tanquam
463 1602 663 1680 specialibus
678 1603 756 1664 filiis
768 1603 938 1681 Apostoli-

138 1719 192 1764 cae
208 1702 302 1764 Sedis
314 1700 409 1763 nobis
422 1701 550 1770 adesse,
564 1701 769 1779 inquantum
783 1717 858 1762 cum
872 1702 939 1763 Deo

141 1801 177 1862 et
189 1800 302 1862 nostra
313 1799 494 1877 poterimus
510 1798 686 1860 honestate
698 1799 731 1860 et
746 1798 815 1859 illis
829 1797 942 1859 inten-

140 1899 223 1959 dere
249 1912 322 1974 quae
341 1897 490 1958 vestrum
513 1896 673 1958 bonorem
701 1895 884 1972 respiciant
908 1895 942 1957 et

141 1995 340 2073 profectum.
361 1995 407 2054 De
420 1993 551 2054 exeniis
566 1993 678 2054 autem
699 1993 734 2054 in
748 1992 867 2070 quibus
879 2007 940 2054 nos

140 2107 204 2171 per
235 2091 368 2153 eosdem
391 2091 526 2151 nuntios
544 2089 706 2151 visitastis
730 2089 940 2153 devotionem

141 2188 289 2252 vestram
303 2185 550 2266 prosequentes,
562 2187 749 2248 actionibus
757 2186 941 2264 gratiarum

141 2302 317 2349 monemus
343 2285 376 2346 et
397 2283 570 2350 hortamur
589 2284 757 2357 attentius,
779 2285 941 2363 quatenus

142 2385 186 2445 de
200 2383 318 2460 gratiae
332 2383 456 2444 nostrae
471 2381 585 2443 favore
598 2381 708 2443 securi
721 2381 942 2445 indevotione

141 2480 343 2559 apostoliea
368 2479 462 2541 Sedis
488 2478 628 2540 tirmiter
650 2479 869 2556 persistatis:
896 2478 942 2540 ita

144 2577 232 2656 quod
248 2577 379 2654 plenius
399 2576 432 2638 et
451 2578 598 2638 nostram
623 2576 764 2652 gratiam
780 2576 820 2636 de
833 2575 887 2636 die
908 2575 942 2636 in

145 2675 236 2737 diem
247 2674 430 2752 promereri
441 2673 587 2752 possitis.
599 2673 717 2736 Datum
728 2676 841 2736 Romae
856 2673 943 2750 apud

145 2775 180 2835 S.
202 2773 381 2844 Petrum‚V
407 2771 484 2832 idus
510 2770 703 2844 decembris,
731 2769 943 2849 pontificatus

144 2869 253 2932 nostri
268 2883 357 2930 anuo
371 2869 489 2946 primo.

484 3001 608 3089 xciv

146 3147 200 3206 Aa
216 3143 427 3222 magistram
450 3147 490 3206 R.
508 3143 715 3220 scriptorem
734 3145 946 3218 familiarem

216 3242 378 3303 nosimim
395 3245 598 3304 canonicam
615 3244 878 3304 Massiliensem.

451 3351 542 3413 91133.
560 3355 639 3412 1116.

179 3453 295 3516 [Regest.
307 3452 352 3502 lib.
363 3451 384 3511 l,
391 3451 466 3517 epist.
478 3451 629 3502 lib-lisa.
640 3452 677 3502 La
686 3451 760 3502 Porta
772 3449 807 3502 du
819 3447 915 3513 11311]

167 3567 214 3628 Ad
228 3568 376 3642 exemplar
389 3567 547 3626 innocentii
566 3567 606 3625 lll
619 3565 672 3624 sub
687 3565 862 3640 protectione
876 3577 928 3622 311

443 3669 509 3713 enm
524 3655 651 3728 suscipit.

191 3773 372 3845 Honorius,
396 3773 471 3845 eta,
492 3771 612 3833 dilecto
631 3770 699 3832 filio
722 3769 882 3845 magistro
906 3771 946 3831 R.

150 3869 307 3948 scriptori
320 3870 352 3932 31
365 3869 526 3930 familiari
541 3868 667 3939 nostre,
684 3867 846 3929 canonico
857 3867 950 3928 Mas-

153 3969 264 4030 silien.

196 4065 416 4127 sacrosancta
431 4068 582 4127 Romana
599 4061 747 4125 Ecclesia
766 4061 901 4124 devotos
917 4061 950 4124 et

152 4163 299 4224 humiles
313 4177 357 4224 en
373 4163 505 4224 assueto
520 4161 653 4238 pietatis
673 4159 783 4222 3111313
803 4175 947 4236 propen-

155 4261 228 4321 sius
257 4259 396 4336 diligere
426 4259 609 4331 consuevit,
635 4259 667 4320 et
700 4273 743 4318 ne
770 4271 949 4334 pravorum

154 4357 329 4420 hominum
348 4356 508 4418 molestiis
523 4355 701 4432 agitentur,
722 4370 779 4417 eas
793 4354 950 4432 tanquam

155 4455 213 4533 pia
226 4456 333 4516 mater
353 4469 423 4514 suae
442 4453 657 4531 protectionis
671 4451 856 4512 munimine
871 4467 953 4512 con-

155 4553 281 4614 fovere.
299 4555 345 4612 Ea
359 4554 504 4629 propter,
523 4551 598 4624 etc.,
616 4564 723 4624 nsque
742 4564 893 4621 assensu,
910 4547 951 4609 ad

156 4650 331 4728 exemplar
361 4648 468 4710 felicis
502 4647 744 4710 recordationis
767 4645 953 4708 innocentii

156 4750 260 4824 Papae
274 4744 531 4822 praedecessoris
543 4745 650 4806 nostri
661 4759 838 4820 personam
849 4745 951 4816 tuam,

158 4861 236 4906 cum
258 4841 411 4905 omnibus
428 4840 524 4903 bonis
545 4857 618 4918 quae
640 4841 675 4901 in
699 4841 954 4917 praesentiarum

157 4939 404 5004 rationabiliter
437 4938 607 5015 possides,
642 4938 695 4999 vel
726 4938 762 4998 in
793 4937 954 5008 11111111,

157 5037 341 5117 praestante
375 5036 526 5108 Domino,
560 5035 660 5112 Justis
695 5035 802 5096 modis
830 5037 955 5113 poteris

771 257 1001 320 brisacam.
1024 260 1103 322 LIB.
1127 263 1152 322 l.

1730 265 1787 326 126

990 437 1144 500 111113313
1171 439 1204 502 31
1231 437 1511 514 confirmationis,
1544 440 1606 501 etc.
1638 440 1674 501 Si
1711 442 1786 518 quis

991 534 1114 608 autem,
1137 535 1198 598 etc.
1223 538 1343 598 Datum
1368 539 1481 600 Romae
1509 537 1596 615 apud
1630 539 1787 599 Sanctum

991 633 1786 714 Petrum‚Vidusdecambnis,pontificatusnostri

992 743 1079 792 anno
1091 729 1209 808 primo.

1337 873 1439 960 XCV

1111 1025 1163 1083 Ad
1183 1001 1446 1086 ambianensem
1465 1027 1670 1100 episcopam.
1799 1063 1804 1072 ·

1288 1163 1320 1222 11
1334 1161 1396 1220 dec.
1414 1161 1494 1222 1116.

1061 1257 1108 1320 [lin
1118 1257 1254 1310 cartulario
1264 1259 1308 1310 lis.
1322 1259 1428 1322 capituli
1445 1259 1554 1311 ecelesia
1568 1261 1724 1312 cathedralis

1292 1320 1492 1388 Ambianensis.]

993 1450 1158 1512 llendatum
1181 1454 1298 1511 Honorii
1324 1469 1406 1528 papae
1433 1469 1569 1529 episeopo
1592 1455 1789 1529 ambianensi,

1033 1557 1132 1608 contra
1168 1551 1350 1624 injuriatores
1381 1559 1409 1609 31
1437 1551 1577 1610 bonorum
1614 1554 1791 1614 detractores

1030 1639 1147 1712 capituli
1161 1638 1374 1697 ambianensis.

1034 1764 1257 1826 Honorius...
1285 1764 1471 1827 venerabili
1506 1765 1601 1828 fratri
1637 1768 1792 1846 episcopo

997 1859 1220 1934 ambianensi,
1245 1862 1386 1924 salutem
1405 1864 1439 1924 et
1458 1864 1673 1940 apostolicam
1685 1864 1791 1926 bene-

996 1958 1184 2020 dictionem.

1035 2057 1116 2116 Cum
1147 2055 1260 2118 dilecti
1289 2055 1351 2117 filii
1382 2055 1616 2118 ambianensis
1656 2057 1794 2136 capituli

996 2151 1219 2229 frequentare
1239 2153 1362 2226 multis,
1380 2153 1466 2215 sicut
1484 2154 1684 2232 accepimus,
1698 2155 1797 2234 rapi-‘

996 2250 1048 2311 nis
1069 2250 1213 2328 aliisque
1233 2250 1368 2328 injuriis
1393 2251 1540 2313 indebite
1565 2253 1792 2327 molestentur,

996 2348 1201 2421 nascentia
1222 2349 1453 2411 molestatores
1475 2349 1665 2427 hujusmodi
1678 2351 1796 2413 volen-

997 2445 1046 2507 tes
1063 2445 1188 2506 eisdem
1209 2446 1347 2523 paterna
1367 2445 1591 2508 sollicitudine
1606 2447 1792 2524 providere,

997 2541 1199 2604 fraternitati
1213 2543 1279 2604 tuae
1294 2557 1354 2619 per
1367 2542 1556 2619 apostolica
1572 2545 1695 2621 scripta
1708 2561 1797 2622 prae-

998 2639 1797 2719 11113111131111111313111131133131331311-

998 2736 1066 2798 fato
1083 2737 1228 2814 capitulo
1246 2736 1351 2798 fueris
1365 2737 1556 2814 requisitus,
1574 2739 1798 2818 3311131111-

997 2834 1155 2907 riatores,
1185 2850 1246 2911 per
1277 2833 1534 2896 ambianensem
1562 2835 1730 2898 civitatem
1764 2837 1798 2899 et

999 2931 1168 2992 dioecesim
1187 2931 1394 3005 constitutos,
1411 2932 1448 2994 ut
1465 2932 1514 2993 eis
1533 2932 1741 2996 satisfaciant
1756 2933 1797 2995 de

999 3028 1132 3106 injuriis
1146 3029 1315 3106 irrogatis,
1332 3029 1365 3092 31
1379 3027 1420 3090 ab
1435 3029 1617 3092 inferendis
1631 3032 1667 3092 in
1681 3032 1797 3108 poste-

998 3141 1073 3188 rum
1092 3126 1329 3204 conquiescant
1356 3148 1364 3188 t
1393 3128 1531 3189 Moneas
1558 3127 1800 3191 311311113131

1000 3224 1139 3286 inducas
1159 3224 1236 3285 illos
1259 3225 1317 3301 qui
1342 3225 1476 3287 monitis
1498 3226 1709 3303 acquiescere
1730 3241 1799 3288 nan

1001 3321 1202 3396 curaverint,
1220 3321 1260 3382 ad
1274 3321 1318 3394 id,
1330 3337 1390 3398 per
1404 3337 1579 3384 censuram
1592 3324 1800 3387 ecclesiasti-

1001 3435 1085 3490 cam,
1106 3416 1330 3495 appellatione
1353 3419 1547 3495 postposita,
1567 3419 1653 3481 sicut
1671 3421 1799 3497 Justum

1000 3515 1112 3587 fuerit,
1124 3514 1362 3591 compellenda,
1377 3515 1568 3576 mandatum
1581 3516 1799 3593 apostolicum

1000 3613 1113 3676 taliter
1124 3612 1321 3688 impleturus
1334 3612 1419 3689 quod
1432 3611 1519 3673 idem
1533 3613 1725 3689 capitulum,
1738 3631 1798 3692 pro

1002 3709 1132 3772 defectu
1156 3709 1229 3782 tuo,
1259 3724 1326 3770 non
1358 3708 1505 3786 patiatur
1526 3711 1666 3787 justitiae
1695 3711 1801 3773 detri-

1002 3807 1159 3878 mentum,
1172 3805 1274 3868 etuas
1286 3805 1327 3866 de
1339 3805 1542 3883 negligentia
1555 3807 1799 3886 reprehendere

1002 3920 1069 3966 non
1084 3902 1260 3981 possimus.
1276 3903 1390 3967 Testes
1403 3905 1513 3968 autem
1527 3905 1583 3984 qui
1595 3905 1720 3968 fuerint
1732 3923 1799 3970 no-

1003 4001 1131 4074 minati,
1157 4001 1187 4062 si
1210 4017 1246 4062 se
1269 4002 1394 4078 gratia,
1416 4003 1470 4064 vel
1496 4003 1584 4076 odio,
1607 4003 1661 4065 vel
1681 4005 1801 4066 timore

1004 4097 1240 4170 subtraxerint,
1253 4114 1496 4176 percensuram
1511 4101 1671 4170 eamdem,
1685 4100 1802 4179 appel-

1004 4198 1129 4260 latione
1152 4198 1315 4270 cessante,
1339 4196 1517 4275 compellas
1542 4197 1676 4259 ueritati
1703 4199 1802 4262 testi-

1004 4296 1151 4357 monium
1174 4295 1360 4368 perbibere.
1384 4295 1502 4354 Datum
1519 4293 1688 4366 Laterani,
1702 4295 1802 4356 tertio

1005 4409 1111 4454 nonas
1135 4391 1334 4463 (1331111113,
1355 4391 1565 4468 pontificatus
1586 4390 1692 4454 nostri
1714 4407 1802 4454 anno

1006 4505 1124 4568 primo.

1345 4631 1468 4720 XCVI

1106 4786 1159 4846 Ad
1171 4784 1359 4858 capitatam
1374 4783 1702 4846 claromontensem.

1303 4894 1414 4953 11131.
1432 4894 1511 4953 1216.

1035 5001 1201 5067 [1133131111.
1211 5001 1234 5060 l,
1246 5000 1320 5064 epist.
1334 4999 1388 5050 131.
1402 5000 1501 5052 -1133,
1511 4999 1548 5050 La
1558 5001 1631 5051 Porta
1645 4999 1679 5050 du
1690 4999 1785 5066 11311]

159 5135 313 5212 adipisci,
330 5132 391 5194 sub
413 5131 504 5194 beati
528 5131 618 5192 Petri
639 5131 672 5193 31
692 5133 807 5195 133111
826 5133 958 5209 protec-
1010 5133 1616 5206 claromontensicapituloqoistatuerunt,
1629 5131 1808 5191 neabsentea

158 5234 253 5297 tione
272 5231 481 5308 suscipimus.
503 5227 719 5290 Praebendam
738 5229 848 5291 autem
864 5231 959 5292 Mas·
1046 5223 1177 5284 canonici
1192 5220 1329 5279 [11311113
1347 5219 1492 5294 gaudeant
1506 5235 1564 5276 non
1581 5219 1712 5277 obstante
1731 5221 1807 5293 quod

160 5331 273 5393 sitien.
297 5329 330 5391 at
349 5328 415 5390 alia
430 5327 518 5390 hona
534 5326 592 5389 tua
609 5326 694 5387 sicut
712 5341 752 5388 aa
769 5327 859 5404 justo
878 5343 960 5404 pos.
1048 5312 1188 5370 hactenus
1202 5311 1230 5366 in
1246 5309 1472 5369 claromontensi
1492 5308 1613 5364 ecelesia
1632 5310 1807 5368 eontrarium

161 5428 252 5490 sides
269 5427 302 5489 eq
318 5425 443 5504 quiete,
470 5423 666 5486 auctoritate
688 5422 748 5484 ghi
768 5423 959 5501 Apostoli&
1048 5398 1336 5466 fueritobservatum,
1352 5396 1408 5455 boo
1422 5403 1558 5454 statutum
1570 5395 1730 5456 1311111111.

161 5525 410 5596 confirmamus,
423 5523 456 5584 et
465 5521 640 5601 praesentis
648 5520 764 5597 scripti
774 5521 959 5597 patrocinio
1053 5516 1232 5590 Honorius,
1247 5515 1323 5586 eta,
1340 5513 1459 5577 dilecto
1482 5512 1551 5575 tilio
1572 5513 1716 5590 capitulo
1732 5515 1810 5578 Cla-

163 5622 418 5686 communimus.
435 5620 527 5681 Nulli
542 5635 633 5695 ergo,
649 5619 725 5692 etc,
740 5619 863 5680 nostrae
881 5635 961 5696 pro-
1014 5615 1198 5679 remonten.
