4214 6400
316 344 376 404 sar
418 405 421 410 Α
782 335 958 402 uouonu
981 339 1025 398 111
1047 307 1494 402 oanan-suanorum.
1911 341 1981 404 aas

317 503 565 566 Testimonium
588 503 749 566 mucules
774 503 897 564 tonum
916 501 958 561 ui
984 500 1038 561 iiis
1058 498 1116 572 qui
1169 511 1232 574 epo
1254 497 1288 560 te
1310 497 1550 571 condemnato,
1573 499 1884 574 addecimamus
1905 507 1983 566 mu

315 603 398 663 nini
411 604 499 676 soris
514 599 543 680 (l
558 600 641 661 Tim.
658 615 709 672 ιιι,
723 597 769 678 7),
790 597 823 660 et
837 596 878 659 ab
893 597 947 658 his
968 595 1116 674 quisunt
1167 609 1311 668 peccare
1327 592 1437 674 (ioan.
1453 598 1527 669 vr'n,
1550 594 1614 676 11).
1630 597 1670 659 ut
1686 596 1764 660 item
1786 615 1794 658 :
1815 602 1982 663 Dimissa

316 699 416 760 intra.
431 701 582 760 Lucerna
597 697 748 770 interior,
765 695 851 758 idest
863 693 1004 756 intentio
1019 708 1113 770 pura,
1168 694 1435 767 euuteipecccia
1446 693 1566 766 mulia,
1580 698 1875 777 quouiumdiiemii
1888 703 1983 760 mui-

316 796 510 858 accenditur
532 795 677 872 puritate
701 793 944 871 simplicitatis3
967 791 1054 852 unda
1079 790 1115 852 in
1169 790 1244 851 ium
1258 787 1352 868 (Luc.
1366 805 1426 862 vu,
1442 789 1508 870 47).

316 893 498 970 Evangelio
519 909 527 956 :
548 895 586 954 Si
604 897 720 955 oculus
740 890 1113 966 transmaritimum,
1208 889 1328 949 Annon
1365 887 1405 949 de
1438 888 1538 965 hujus
1571 888 1718 951 lucernae
1755 889 1830 952 oleo
1863 891 1983 970 inquit

317 991 427 1052 totum
449 1005 575 1065 empus
598 990 696 1052 tuum
723 991 872 1050 tucidctm
891 987 960 1048 erit
982 983 1112 1064 (Matth.
1170 983 1299 1046 lsaias:
1321 987 1407 1046 Vere
1425 991 1610 1062 munitores
1628 989 1767 1049 nostros
1784 991 1860 1063 ipse
1880 989 1978 1062 tuiti,

315 1087 626 1166 v1,22).dtvcritas
643 1107 650 1148 ι
666 1085 1115 1160 disimtiuoemmsuipmis
1169 1082 1203 1142 et
1215 1083 1347 1144 domes
1361 1084 1498 1144 uestros
1508 1086 1582 1158 ipse
1592 1085 1746 1158 portavit
1757 1083 1816 1163 (ls.
1832 1101 1909 1159 run,
1927 1085 1977 1164 i).

316 1185 523 1248 iuumumou
539 1186 574 1246 ie
587 1182 679 1262 (Luc.
696 1197 744 1252 ιι,
762 1181 827 1261 36).
848 1183 997 1242 Lucerna
1010 1195 1113 1258 supe·
1169 1180 1210 1241 ut
1223 1180 1347 1242 Paulus
1362 1197 1370 1242 :
1385 1185 1465 1244 Nou
1484 1197 1531 1243 em
1549 1185 1709 1256 operibus
1722 1185 1876 1256 iusiiiioe
1895 1201 1981 1260 quw

315 1283 388 1343 rior
406 1281 599 1344 accenditur
624 1282 702 1357 igne
735 1279 944 1352 divinitatis;
967 1278 1054 1339 undo
1078 1277 1114 1338 in
1168 1279 1313 1352 fecimus
1333 1294 1406 1352 uos,
1429 1282 1489 1341 sed
1501 1283 1689 1342 secuudum
1705 1295 1807 1342 mmm
1828 1285 1980 1344 misem-

316 1379 429 1441 Excdo
458 1379 653 1456 :Apparuit
679 1378 711 1439 ei
733 1377 892 1438 Dominus
918 1377 953 1437 in
981 1375 1114 1436 flamma
1168 1379 1323 1438 cmdium
1339 1382 1453 1438 saluos
1472 1391 1535 1438 uos
1557 1378 1639 1450 fecii
1653 1376 1731 1457 (uit.
1754 1393 1806 1451 ιιι,
1826 1378 1874 1458 5).
1902 1381 1980 1442 Hoc

314 1475 403 1552 ignis
417 1476 458 1538 dc
471 1475 580 1537 medio
592 1475 679 1536 rubi.
693 1475 815 1547 Quarta
825 1475 962 1536 lucerna
976 1472 1115 1534 inferior
1169 1473 1242 1535 oleo
1262 1475 1361 1536 uncta
1386 1474 1436 1536 cst
1456 1474 1666 1550 Magdalena,
1694 1477 1828 1554 quando
1851 1475 1982 1539 effudit

315 1574 509 1636 accenditur
523 1573 601 1649 igne
624 1573 818 1648 charitatis;
834 1571 923 1632 unde
939 1570 979 1631 in
1001 1572 1114 1631 Evan—
1170 1571 1374 1647 unguentum
1383 1587 1484 1648 super
1491 1573 1591 1650 caput
1599 1574 1824 1637 iesus.Unxit
1831 1574 1977 1636 eiuncta

315 1671 403 1748 gelio
420 1691 428 1731 ε
444 1676 567 1748 lumem
591 1674 673 1734 oeui
692 1671 833 1732 mittere
858 1672 896 1730 iu
918 1654 1115 1740 terraemot
1169 1669 1219 1730 est
1234 1668 1307 1730 oleo
1321 1667 1571 1742 misericordiae,
1586 1669 1665 1747 quia
1680 1670 1829 1748 ejeciide
1842 1687 1883 1732 aa
1898 1687 1976 1750 sep·

314 1772 396 1843 quid
409 1775 484 1832 noio
498 1771 567 1830 uisi
583 1769 622 1830 ut
635 1768 845 1830 accendetur
859 1763 955 1846 (Luc.
970 1781 1032 1837 ιιι,
1046 1763 1113 1843 49).
1169 1768 1235 1829 tem
1249 1766 1424 1828 damonia.
1441 1766 1605 1828 Licinium
1620 1783 1684 1846 quo
1697 1767 1865 1831 mediante
1879 1771 1974 1846 ignis

315 1868 355 1928 ut
369 1867 494 1928 Paulus
511 1883 519 1926 :
533 1868 572 1927 Si
581 1865 790 1928 distribuero
802 1879 921 1926 munes
935 1863 1115 1938 sumitates
1169 1865 1242 1926 erat
1267 1863 1302 1925 in
1324 1863 1387 1926 hac
1400 1864 1548 1937 lucerna,
1563 1863 1625 1927 luit
1642 1865 1753 1927 anima
1768 1869 1853 1943 ejus,
1879 1867 1975 1943 ignis

313 1979 411 2026 naeus
421 1967 457 2024 iu
467 1962 984 2038 uompaupemm,momtaimu
998 1960 1115 2022 cutem
1169 1961 1353 2024 divinitatis
1374 1960 1438 2024 fuit
1454 1962 1490 2023 in
1508 1961 1594 2026 tosta
1609 1963 1720 2024 carnis
1737 1979 1818 2036 suae,
1832 1963 1974 2042 symbo-

313 2075 383 2123 uon
406 2063 560 2132 taceam,
584 2060 697 2134 sacius
712 2073 790 2122 sum
814 2059 903 2121 suut
925 2073 973 2120 oes
986 2071 1116 2120 souaus
1169 2059 1238 2120 lum
1260 2075 1303 2121 ex
1328 2058 1440 2121 anima
1461 2060 1618 2121 rationali
1642 2061 1676 2122 et
1697 2060 1844 2122 humana
1865 2077 1972 2126 carne

313 2156 344 2236 (l
355 2159 429 2219 Gor.
445 2173 521 2226 xus,
535 2156 579 2237 1).
1170 2157 1364 2220 subsistens.
1390 2158 1510 2219 Nonne
1523 2157 1587 2220 hoc
1608 2158 1759 2220 licinium
1778 2161 1851 2222 erat
1871 2161 1908 2222 in
1931 2175 1974 2222 eo

354 2257 392 2316 ln
406 2256 544 2316 lucerna
567 2253 678 2316 autern
691 2253 835 2331 quatuor
848 2253 1114 2324 considerantur,
1170 2271 1245 2317 cum
1257 2254 1388 2318 dicebat
1404 2271 1411 2316 :
1427 2256 1550 2318 limita
1571 2255 1622 2318 eet
1636 2259 1756 2317 auium
1769 2271 1848 2319 mee
1862 2273 1975 2332 usque

314 2369 387 2432 quae
398 2353 547 2414 etinliac
557 2366 686 2412 summa
695 2351 843 2423 lucerna,
860 2350 957 2422 idest,
972 2349 1114 2421 Christo,
1169 2356 1214 2414 ad
1227 2353 1376 2414 moriem
1390 2351 1521 2431 (Matth.
1536 2352 1707 2433 nuces).
1722 2355 1841 2415 Annon
1851 2354 1893 2416 dc
1907 2354 1973 2416 hoc

314 2451 345 2512 si
357 2451 534 2526 diligenter
547 2449 748 2513 attendimus
764 2463 940 2526 possumus
951 2447 1114 2519 invenire,
1170 2450 1285 2512 licinio
1296 2450 1403 2528 inquit
1413 2450 1517 2511 David
1533 2465 1541 2512 :
1557 2452 1726 2517 Quoniam
1736 2465 1805 2513 uon
1816 2455 1972 2514 deretin-

314 2547 454 2619 scilicet,
481 2547 571 2622 ignis
599 2548 633 2608 et
657 2546 755 2618 testa,
783 2545 893 2606 oleum
913 2546 999 2622 quod
1020 2539 1138 2622 parat'
1169 2563 1277 2623 puteus
1290 2551 1446 2610 animum
1460 2561 1575 2612 umam
1588 2552 1626 2609 iu
1640 2551 1788 2623 tuseruo,
1800 2563 1864 2610 uec
1872 2552 1972 2614 dueta

312 2645 494 2708 tomentum
509 2642 640 2722 lumini,
658 2645 691 2705 et
704 2642 844 2704 materia
864 2642 922 2703 illa
938 2641 1058 2714 media,
1080 2641 1115 2702 in
1169 2646 1329 2708 saucium
1357 2647 1455 2706 tuum
1480 2649 1598 2708 uidere
1616 2646 1877 2718 corrupturum
1897 2645 1971 2726 (Ps.

314 2759 379 2821 qua
400 2742 595 2804 accenditur
606 2741 707 2817 ignis,
726 2739 823 2811 idest,
840 2739 990 2802 licinium
1005 2739 1117 2800 lucer-
1172 2741 1299 2821 15,10).
1323 2743 1363 2804 nt
1384 2743 1600 2818 Evangelium
1616 2763 1625 2802 ε
1642 2743 1750 2818 ommi
1763 2744 1971 2806 contristari

313 2855 378 2912 naa,
409 2856 473 2917 quo
498 2837 666 2900 mediante
688 2838 739 2899 est
766 2837 853 2913 ignis
873 2837 925 2898 rel
949 2837 1063 2897 lumen
1080 2837 1115 2897 in
1171 2841 1206 2902 et
1217 2840 1363 2902 moestus
1378 2853 1453 2902 esse
1468 2837 1600 2918 (Metili.
1615 2855 1708 2912 xxvi,
1724 2838 1790 2920 37).
1805 2842 1877 2903 Hoc
1891 2841 1971 2902 lici-

313 2939 410 3000 testa.
425 2940 511 3012 Ergo
524 2936 559 2996 in
572 2935 635 2996 hac
647 2935 784 2996 lucerna
794 2934 961 3007 iudicata,
975 2933 1114 3000 scilicet.
1171 2935 1263 3000 nium
1278 2937 1455 2997 senserunt
1468 2935 1521 2998 illi
1541 2936 1708 3014 quierant
1724 2936 1758 2997 in
1771 2936 1848 2997 sinu
1863 2935 1974 2998 Abra·
2098 2959 2099 2966 ¹

316 3050 395 3097 caro
408 3032 599 3110 magilindis
614 3033 752 3107 nostum
764 3032 852 3094 undo
864 3032 899 3092 in
912 3032 1114 3106 Evangelio:
1171 3033 1235 3102 hae,
1251 3033 1465 3110 expectantes
1476 3032 1608 3096 beatam
1623 3049 1726 3110 spem,
1742 3033 1776 3096 et
1791 3033 1971 3095 adventurn
2098 3075 2099 3080 η

320 3129 988 3205 Verbumccrofcciumesi.Garoautem
1001 3129 1115 3191 nostra
1170 3131 1287 3208 gloriae
1310 3130 1422 3207 magni
1448 3131 1519 3204 Dei,
1545 3147 1609 3209 quo
1632 3131 1801 3208 tamquam
1827 3131 1971 3209 quadam

314 3232 402 3293 testa
422 3228 562 3303 dicitur3
578 3225 666 3288 unde
685 3227 791 3289 lsaias
808 3243 815 3287 :
836 3227 936 3289 Peste
949 3229 991 3288 de
1005 3228 1117 3288 scutis
1171 3229 1250 3290 lune
1264 3227 1341 3290 inde
1354 3228 1465 3290 educti
1483 3231 1572 3302 suni,
1588 3228 1720 3306 quando
1735 3227 1874 3290 elevatae
1893 3230 1974 3289 sunt

316 3329 441 3400 imm·
452 3326 539 3387 unde
549 3323 623 3399 iob,
638 3324 695 3403 qui
708 3323 835 3386 saniem
846 3323 984 3386 radebat
998 3322 1117 3384 sedens
1172 3329 1276 3403 portae
1287 3325 1473 3398 aetarnalas,
1488 3325 1524 3388 ut
1538 3325 1693 3388 introiret
1708 3327 1780 3388 Rex
1793 3325 1923 3401 gloria,
1940 3325 1973 3387 et

314 3426 351 3487 in
372 3423 593 3503 sterquilinio.
615 3423 713 3483 Testa
732 3436 875 3499 namque
892 3420 1030 3484 radebat
1043 3421 1116 3482 tas·
1171 3423 1207 3484 in
1232 3423 1395 3500 sanguine
1421 3423 1610 3486 testamenti
1636 3423 1688 3484 sui
1710 3421 1826 3485 eduxit
1837 3423 1972 3486 vinctos

315 3527 394 3596 iam,
409 3539 472 3584 nec
486 3523 559 3584 erat
572 3521 607 3581 in
623 3535 662 3582 eo
677 3520 763 3582 testa
778 3535 851 3580 cum
867 3517 1018 3580 dicebat:
1035 3520 1118 3584 ilum
1172 3532 1249 3578 suos
1262 3517 1304 3578 da
1317 3517 1404 3591 lacu,
1418 3517 1454 3579 in
1467 3532 1532 3595 quo
1542 3533 1609 3579 non
1624 3518 1696 3578 erat
1709 3531 1807 3595 aqua.

314 3623 496 3684 uiiitiasiu
510 3634 617 3681 carue
630 3621 810 3690 mumdum
820 3619 1118 3679 descendoincou-
1211 3615 1289 3678 Fuit
1306 3615 1406 3676 etiam
1435 3615 1470 3677 in
1492 3629 1532 3677 ea
1552 3613 1641 3692 ignis
1665 3613 1892 3686 humanitatis,
1914 3613 1970 3690 qui

314 3719 514 3791 ruptionem
526 3716 597 3795 (Pa.
613 3713 741 3793 29,10).
757 3718 876 3776 Annon
891 3714 932 3775 de
945 3715 1033 3775 testa
1045 3715 1117 3790 ejus
1172 3712 1259 3774 hanc
1281 3712 1451 3774 lucernam
1467 3711 1683 3787 accendebat3
1699 3712 1786 3773 unde
1800 3711 1835 3772 in
1849 3711 1974 3774 Deute-

315 3815 425 3892 inquit
438 3813 543 3874 lsaias
562 3828 569 3872 :
584 3815 657 3874 Nos
669 3813 909 3886 reputavimus
921 3825 1003 3873 eum
1019 3813 1118 3884 quusi
1172 3810 1323 3872 ronomio
1337 3832 1344 3872 ε
1360 3815 1454 3873 Deus
1467 3811 1587 3873 moster
1598 3813 1690 3886 iouis
1699 3824 1905 3872 consumens
1918 3809 1969 3871 esi

316 3919 491 3988 leprosum
507 3907 565 3988 (ls.
581 3923 654 3980 urii,
670 3905 715 3986 4).
732 3909 771 3970 Et
790 3908 1006 3983 evangelium
1027 3923 1035 3968 :
1052 3910 1119 3969 Hic
1173 3905 1283 3986 (Dent.
1299 3923 1370 3980 xiv,
1386 3905 1452 3988 24).
1474 3909 1593 3970 Nonne
1607 3908 1680 3969 erat
1693 3907 1728 3968 in
1743 3923 1783 3968 oc
1798 3906 1854 3968 hic
1868 3906 1967 3982 ignis,

316 4008 460 4072 accessit
474 4011 520 4068 ud
531 4006 684 4068 Pitaium
697 4005 737 4066 ui
748 4005 882 4080 paimei
896 4017 1022 4079 corpus
1034 4006 1119 4066 iesu
1173 4021 1248 4066 cum
1263 4005 1394 4068 dicebat
1413 4027 1420 4066 ι
1440 4009 1514 4082 lino
1530 4005 1564 4067 et
1581 4006 1693 4068 Pater
1705 4021 1814 4066 uuum
1827 4019 1970 4076 mass,

318 4107 518 4186 (Lucaxur,
532 4101 597 4184 52).
607 4099 1118 4179 Hinctestamcupiabattangerc
1171 4103 1359 4178 antequem
1367 4106 1542 4165 Atratum
1554 4103 1736 4178 iteretepo
1749 4117 1839 4164 aum.
1853 4104 1970 4164 Annon

317 4206 472 4273 Thomas,
487 4219 561 4265 cum
578 4199 710 4263 dicebat
725 4222 733 4262 ε
747 4217 765 4260 c
780 4199 854 4262 Nisi
869 4199 984 4261 videro
996 4199 1032 4260 in
1046 4214 1120 4259 ma·
1173 4200 1214 4262 da
1228 4200 1292 4264 lioc
1303 4201 1449 4263 lucernae
1469 4199 1558 4276 igne,
1577 4199 1687 4277 inquit
1698 4199 1862 4262 ieremias
1878 4216 1887 4260 :
1907 4201 1974 4261 Hic

317 4304 415 4366 nibus
443 4304 516 4380 ejus
549 4301 693 4362 fixuram
720 4297 901 4371 clarorum,
931 4297 964 4358 et
991 4296 1118 4358 mittam
1172 4299 1265 4358 Deus
1282 4298 1411 4369 noster,
1431 4297 1466 4360 et
1488 4312 1558 4358 uon
1581 4296 1811 4358 aestimabitur
1825 4299 1915 4358 uitus
1931 4299 1972 4356 ui

317 4403 456 4479 digitum
471 4415 581 4461 meum
602 4397 637 4460 in
659 4397 747 4460 latus
767 4399 850 4475 ejus,
867 4411 934 4458 non
950 4394 1118 4457 credam»
1173 4395 1331 4457 iiimPost
1344 4399 1417 4458 iimo
1428 4398 1466 4456 tu
1478 4395 1586 4456 terris
1598 4397 1693 4456 vistis
1704 4393 1766 4464 esi,
1780 4394 1972 4454 etcumlto-

318 4498 428 4579 (ioan.
440 4515 498 4569 xx,
509 4495 574 4575 25).
593 4495 818 4566 Quamtamen
833 4493 905 4570 ipse
919 4491 1117 4568 palpandam
1172 4495 1322 4554 minibus
1330 4492 1556 4554 conversatus
1567 4491 1619 4553 esi
1629 4487 1775 4571 (Baruclr
1785 4487 1971 4568 ru,36,38).

318 4595 471 4674 praebuit,
486 4609 560 4655 curn
576 4591 662 4652 dixit
676 4608 684 4652 ε
696 4592 843 4664 Poipate
855 4590 890 4651 ei
900 4590 1118 4663 eliciamus
1173 4590 1213 4652 iii
1227 4588 1444 4665 Evangelium
1460 4589 1568 4652 :Erat
1582 4593 1644 4650 ium
1655 4601 1742 4650 uara
1753 4601 1831 4663 quae
1842 4590 1971 4649 taunu-

317 4693 616 4768 spimiuscoruem
629 4689 664 4750 ei
677 4686 1118 4758 ossaimnuauetmanme
1172 4687 1234 4748 itai
1251 4701 1390 4750 munem
1416 4689 1589 4750 nominem
1613 4684 1809 4748 uenientem
1828 4687 1866 4745 in
1884 4687 1972 4746 itum

317 4792 442 4852 uidetis
456 4791 581 4850 intere
597 4783 691 4866 (Luc.
703 4798 799 4852 xxiv,
813 4781 879 4861 39).
894 4783 970 4846 Fuit
983 4784 1019 4844 in
1031 4799 1071 4846 ea
1085 4785 1119 4844 ct
1172 4785 1339 4846 mrcudum
1352 4781 1460 4863 (ioan.
1478 4798 1502 4856 1,
1528 4781 1573 4862 9).
1590 4783 1686 4844 Hunc
1705 4781 1816 4858 ignem
1836 4781 1869 4842 et
1888 4780 1971 4842 hauc

317 4891 427 4952 oleum
445 4881 696 4956 misericordiae,
718 4881 803 4959 quod
819 4881 890 4958 ipse
908 4880 1029 4944 inludit
1043 4882 1119 4943 vul·
1173 4881 1280 4943 lucem
1304 4881 1481 4944 senserunt
1500 4880 1590 4956 Magi
1607 4880 1664 4956 qui
1676 4877 1828 4942 videntes
1843 4876 1971 4939 stellam

315 4986 453 5050 neribus
468 4983 623 5055 sauciati,
638 4980 724 5059 quod
746 4979 830 5043 adeo
844 4979 1027 5057 peripsum
1039 4995 1119 5042 nos-
1172 4977 1336 5042 vcncrunt
1350 4991 1454 5056 usque
1473 4977 1550 5040 dum
1575 4976 1678 5040 staret
1702 4990 1814 5052 supra,
1830 4973 1888 5036 ubi
1903 4975 1972 5036 erat

314 5087 403 5149 trum
428 5083 574 5146 tiliacum
591 5079 751 5152 excrevit,
777 5079 814 5140 ut
841 5078 874 5140 et
897 5077 1118 5141 creditoribus
1173 5092 1266 5154 puer.
1283 5077 1498 5140 procidentes
1508 5073 1733 5138 adorauerunt
1746 5088 1822 5134 eum
1838 5073 1871 5136 et
1884 5072 1972 5134 obtu-

314 5183 461 5246 dehitum
481 5179 646 5250 redderet,
664 5179 697 5241 et
710 5175 859 5240 Ecclesia
874 5175 974 5238 vidua
989 5175 1119 5238 viveret
1173 5174 1285 5237 lerunt
1299 5175 1331 5236 ei
1346 5189 1498 5247 munera,
1514 5188 1646 5245 aurum,
1658 5171 1737 5236 thus
1752 5169 1968 5248 etmyrrham.

315 5283 357 5343 de
370 5281 511 5358 reliquo.
529 5277 621 5350 Quod
637 5291 794 5353 magnum
814 5273 947 5352 quidem
963 5273 1120 5350 praestitit
1172 5273 1340 5336 Accedant
1353 5273 1388 5334 in
1398 5272 1544 5334 medium
1557 5272 1701 5349 quatuor
1712 5268 1762 5331 illi
1777 5267 1875 5339 fabri,
1891 5283 1969 5345 quos

315 5378 496 5442 lomentum
510 5375 724 5452 luminiejns,
739 5371 1119 5451 quiaineosuperexal·
1173 5370 1316 5433 ostendit
1349 5371 1509 5434 Dominus
1538 5367 1707 5431 zacharia
1741 5365 1908 5443 prophetae
1940 5366 1970 5426 ai

314 5477 398 5538 invit
425 5488 556 5551 semper
584 5471 815 5534 misericordia
835 5468 977 5548 judicio.
999 5469 1118 5531 Nonne
1173 5467 1562 5532 nobislucernamisiam
1577 5465 1787 5542 componant,
1800 5462 1971 5541 atqusdis·

315 5571 598 5650 superabundavit
622 5570 658 5631 in
685 5583 724 5630 eo
746 5568 809 5631 hoc
831 5567 953 5640 oleum,
975 5582 1050 5628 curn
1066 5566 1119 5628 di·
1173 5567 1308 5645 ponant,
1317 5567 1456 5640 scilicet,
1464 5567 1607 5644 quatuor
1618 5561 1849 5638 avangelista.
1860 5562 1969 5638 ltaque

314 5670 433 5733 rebat:
450 5671 560 5730 Nemo
568 5668 601 5728 te
609 5665 851 5730 condemnauit
863 5668 1000 5736 militer,
1008 5680 1118 5740 uenite
1173 5665 1317 5751 apponat
1341 5664 1516 5728 Matthaeus
1533 5663 1661 5734 testam,
1679 5661 1735 5738 qni
1752 5661 1825 5737 ejus
1840 5673 1968 5720 carnem
