<?xml version="1.0" encoding="UTF-8"?>
<!DOCTYPE html PUBLIC "-//W3C//DTD XHTML 1.0 Transitional//EN"
    "http://www.w3.org/TR/xhtml1/DTD/xhtml1-transitional.dtd">
<html xmlns="http://www.w3.org/1999/xhtml" xml:lang="en" lang="en">
 <head>
  <title>
</title>
<meta http-equiv="Content-Type" content="text/html;charset=utf-8" />
  <meta name='ocr-system' content='tesseract 3.04.00' />
  <meta name='ocr-capabilities' content='ocr_page ocr_carea ocr_par ocr_line ocrx_word'/>
</head>
<body>
  <div class='ocr_page' id='page_1' title='image "./mediiaevibiblio02unkngoog_0533.png"; bbox 0 0 4162 6424; ppageno 0'>
   <div class='ocr_carea' id='block_1_1' title="bbox 351 227 1958 302">
    <p class='ocr_par' dir='ltr' id='par_1_1' title="bbox 351 227 1958 302">
     <span class='ocr_line' id='line_1_1' title="bbox 351 227 1958 302; baseline -0.007 -4"><span class='ocrx_word' id='word_1_1' title='bbox 351 236 411 298; x_wconf 84' lang='lat'>583</span> <span class='ocrx_word' id='word_1_2' title='bbox 972 234 1148 297; x_wconf 86' lang='lat' dir='ltr'><strong>HONORII</strong></span> <span class='ocrx_word' id='word_1_3' title='bbox 1171 227 1215 294; x_wconf 88' lang='lat'>111</span> <span class='ocrx_word' id='word_1_4' title='bbox 1238 229 1385 295; x_wconf 70' lang='lat' dir='ltr'>opulis.</span> <span class='ocrx_word' id='word_1_5' title='bbox 1921 242 1958 302; x_wconf 65' lang='lat'>531</span> 
     </span>
    </p>
   </div>
   <div class='ocr_carea' id='block_1_2' title="bbox 353 373 1656 487">
    <p class='ocr_par' dir='ltr' id='par_1_2' title="bbox 353 373 1656 487">
     <span class='ocr_line' id='line_1_2' title="bbox 353 373 1656 487; baseline 0.005 -28"><span class='ocrx_word' id='word_1_6' title='bbox 353 395 455 459; x_wconf 91' lang='lat' dir='ltr'>tionis</span> <span class='ocrx_word' id='word_1_7' title='bbox 471 395 664 473; x_wconf 89' lang='lat' dir='ltr'>scrupulum</span> <span class='ocrx_word' id='word_1_8' title='bbox 688 393 892 464; x_wconf 73' lang='lat' dir='ltr'><strong>relabantur.</strong></span> <span class='ocrx_word' id='word_1_9' title='bbox 918 383 1024 466; x_wconf 83' lang='lat' dir='ltr'>Qu&#39;um</span> <span class='ocrx_word' id='word_1_10' title='bbox 1047 393 1150 470; x_wconf 88' lang='lat' dir='ltr'>igitur</span> <span class='ocrx_word' id='word_1_11' title='bbox 1181 415 1184 422; x_wconf 60' lang='grc'><em>’</em></span> <span class='ocrx_word' id='word_1_12' title='bbox 1315 373 1317 380; x_wconf 39' lang='lat'><strong>⁴</strong></span> <span class='ocrx_word' id='word_1_13' title='bbox 1566 393 1656 487; x_wconf 70' lang='lat'>(1111</span> 
     </span>
    </p>
   </div>
   <div class='ocr_carea' id='block_1_3' title="bbox 348 492 1961 1354">
    <p class='ocr_par' dir='ltr' id='par_1_3' title="bbox 350 492 1698 765">
     <span class='ocr_line' id='line_1_3' title="bbox 353 492 1151 572; baseline -0.003 -17"><span class='ocrx_word' id='word_1_14' title='bbox 353 494 504 572; x_wconf 86' lang='lat' dir='ltr'>quaestio,</span> <span class='ocrx_word' id='word_1_15' title='bbox 515 510 587 572; x_wconf 85' lang='lat' dir='ltr'>quae</span> <span class='ocrx_word' id='word_1_16' title='bbox 600 493 756 555; x_wconf 85' lang='lat' dir='ltr'>intervos</span> <span class='ocrx_word' id='word_1_17' title='bbox 768 507 811 553; x_wconf 85' lang='lat' dir='ltr'>ex</span> <span class='ocrx_word' id='word_1_18' title='bbox 821 492 917 570; x_wconf 85' lang='lat' dir='ltr'>parte</span> <span class='ocrx_word' id='word_1_19' title='bbox 928 507 995 554; x_wconf 85' lang='lat' dir='ltr'>uua</span> <span class='ocrx_word' id='word_1_20' title='bbox 1005 492 1151 554; x_wconf 78' lang='lat' dir='ltr'>atvere-</span> 
     </span>
     <span class='ocr_line' id='line_1_4' title="bbox 350 589 1554 672; baseline -0.005 -20"><span class='ocrx_word' id='word_1_21' title='bbox 350 591 637 654; x_wconf 89' lang='lat' dir='ltr'>rabilemlratrem</span> <span class='ocrx_word' id='word_1_22' title='bbox 650 590 840 653; x_wconf 87' lang='lat' dir='ltr'>nostrum...</span> <span class='ocrx_word' id='word_1_23' title='bbox 854 591 1046 668; x_wconf 89' lang='lat' dir='ltr'>episcopum</span> <span class='ocrx_word' id='word_1_24' title='bbox 1064 589 1148 650; x_wconf 86' lang='lat' dir='ltr'>Lin-</span> <span class='ocrx_word' id='word_1_25' title='bbox 1549 661 1554 672; x_wconf 38' lang='grc' dir='ltr'>Ι</span> 
     </span>
     <span class='ocr_line' id='line_1_5' title="bbox 350 663 1698 765; baseline -0.006 -14"><span class='ocrx_word' id='word_1_26' title='bbox 350 705 471 765; x_wconf 89' lang='lat' dir='ltr'>gonen.</span> <span class='ocrx_word' id='word_1_27' title='bbox 496 689 537 751; x_wconf 92' lang='lat' dir='ltr'>de</span> <span class='ocrx_word' id='word_1_28' title='bbox 558 704 697 750; x_wconf 89' lang='lat' dir='ltr'>assensu</span> <span class='ocrx_word' id='word_1_29' title='bbox 724 687 861 764; x_wconf 86' lang='lat' dir='ltr'>capituli</span> <span class='ocrx_word' id='word_1_30' title='bbox 888 688 940 750; x_wconf 86' lang='lat' dir='ltr'>sui</span> <span class='ocrx_word' id='word_1_31' title='bbox 964 703 1007 750; x_wconf 86' lang='lat' dir='ltr'>ex</span> <span class='ocrx_word' id='word_1_32' title='bbox 1029 687 1147 758; x_wconf 89' lang='lat' dir='ltr'>altera,</span> <span class='ocrx_word' id='word_1_33' title='bbox 1498 664 1529 719; x_wconf 71' lang='grc' dir='ltr'><strong>Η</strong></span> <span class='ocrx_word' id='word_1_34' title='bbox 1544 663 1698 736; x_wconf 72' lang='lat' dir='ltr'>1³¹¹·ffl8·</span> 
     </span>
    </p>

    <p class='ocr_par' dir='ltr' id='par_1_4' title="bbox 348 775 1961 1255">
     <span class='ocr_line' id='line_1_6' title="bbox 352 775 1960 864; baseline -0.001 -16"><span class='ocrx_word' id='word_1_35' title='bbox 352 802 452 864; x_wconf 89' lang='lat' dir='ltr'>super</span> <span class='ocrx_word' id='word_1_36' title='bbox 483 786 700 864; x_wconf 86' lang='lat' dir='ltr'>subjectione,</span> <span class='ocrx_word' id='word_1_37' title='bbox 728 801 826 862; x_wconf 86' lang='lat' dir='ltr'>quarn</span> <span class='ocrx_word' id='word_1_38' title='bbox 854 785 942 846; x_wconf 90' lang='lat' dir='ltr'>idern</span> <span class='ocrx_word' id='word_1_39' title='bbox 975 786 1150 862; x_wconf 87' lang='lat' dir='ltr'>episcopus</span> <span class='ocrx_word' id='word_1_40' title='bbox 1205 778 1356 842; x_wconf 66' lang='lat' dir='ltr'>mullorum</span> <span class='ocrx_word' id='word_1_41' title='bbox 1368 779 1522 834; x_wconf 72' lang='lat' dir='ltr'>numanum,</span> <span class='ocrx_word' id='word_1_42' title='bbox 1538 775 1578 826; x_wconf 67' lang='lat'>0⁴¹·</span> <span class='ocrx_word' id='word_1_43' title='bbox 1597 775 1714 834; x_wconf 73' lang='lat' dir='ltr'>nannai,</span> <span class='ocrx_word' id='word_1_44' title='bbox 1726 781 1746 826; x_wconf 80' lang='lat' dir='ltr'>t.</span> <span class='ocrx_word' id='word_1_45' title='bbox 1760 777 1800 837; x_wconf 89' lang='lat'>111,</span> <span class='ocrx_word' id='word_1_46' title='bbox 1809 793 1832 842; x_wconf 71' lang='grc' dir='ltr'>Ρ·</span> <span class='ocrx_word' id='word_1_47' title='bbox 1841 779 1888 838; x_wconf 77' lang='lat'>³³⁶·</span> <span class='ocrx_word' id='word_1_48' title='bbox 1899 784 1960 848; x_wconf 66' lang='lat' dir='ltr'>ani</span> 
     </span>
     <span class='ocr_line' id='line_1_7' title="bbox 350 881 1961 968; baseline 0.004 -22"><span class='ocrx_word' id='word_1_49' title='bbox 350 885 505 962; x_wconf 82' lang='lat' dir='ltr'>exigebat</span> <span class='ocrx_word' id='word_1_50' title='bbox 531 900 551 946; x_wconf 88' lang='lat' dir='ltr'>a</span> <span class='ocrx_word' id='word_1_51' title='bbox 571 883 683 945; x_wconf 86' lang='lat' dir='ltr'>vestro</span> <span class='ocrx_word' id='word_1_52' title='bbox 711 881 924 954; x_wconf 87' lang='lat' dir='ltr'>monasterie,</span> <span class='ocrx_word' id='word_1_53' title='bbox 945 882 1148 952; x_wconf 80' lang='lat' dir='ltr'>vertebatur,</span> <span class='ocrx_word' id='word_1_54' title='bbox 1204 892 1386 966; x_wconf 73' lang='lat' dir='ltr'>ponugalllae</span> <span class='ocrx_word' id='word_1_55' title='bbox 1399 906 1459 962; x_wconf 79' lang='lat' dir='ltr'>rex,</span> <span class='ocrx_word' id='word_1_56' title='bbox 1474 892 1594 966; x_wconf 83' lang='lat' dir='ltr'>ejusque</span> <span class='ocrx_word' id='word_1_57' title='bbox 1606 890 1746 963; x_wconf 84' lang='lat' dir='ltr'>haeredes,</span> <span class='ocrx_word' id='word_1_58' title='bbox 1761 901 1789 951; x_wconf 87' lang='lat' dir='ltr'>at</span> <span class='ocrx_word' id='word_1_59' title='bbox 1807 909 1909 968; x_wconf 83' lang='lat' dir='ltr'>regnum</span> <span class='ocrx_word' id='word_1_60' title='bbox 1925 900 1961 955; x_wconf 85' lang='lat' dir='ltr'>sub</span> 
     </span>
     <span class='ocr_line' id='line_1_8' title="bbox 349 979 1959 1055; baseline -0.002 -10"><span class='ocrx_word' id='word_1_61' title='bbox 349 982 517 1046; x_wconf 89' lang='lat' dir='ltr'>mediante</span> <span class='ocrx_word' id='word_1_62' title='bbox 531 980 716 1044; x_wconf 79' lang='lat' dir='ltr'>venerabili</span> <span class='ocrx_word' id='word_1_63' title='bbox 728 979 832 1043; x_wconf 82' lang='lat' dir='ltr'>fratre</span> <span class='ocrx_word' id='word_1_64' title='bbox 852 982 967 1044; x_wconf 91' lang='lat' dir='ltr'>nostro</span> <span class='ocrx_word' id='word_1_65' title='bbox 986 980 1147 1043; x_wconf 76' lang='lat' dir='ltr'>amanen.</span> <span class='ocrx_word' id='word_1_66' title='bbox 1239 982 1411 1054; x_wconf 74' lang='lat' dir='ltr'>apostolice</span> <span class='ocrx_word' id='word_1_67' title='bbox 1431 980 1513 1038; x_wconf 87' lang='lat' dir='ltr'>Sedis</span> <span class='ocrx_word' id='word_1_68' title='bbox 1532 981 1709 1054; x_wconf 84' lang='lat' dir='ltr'>protectione</span> <span class='ocrx_word' id='word_1_69' title='bbox 1723 983 1959 1055; x_wconf 67' lang='lat' dir='ltr'>msdpluunumn</span> 
     </span>
     <span class='ocr_line' id='line_1_9' title="bbox 348 1067 1961 1160; baseline -0.003 -25"><span class='ocrx_word' id='word_1_70' title='bbox 348 1083 505 1160; x_wconf 78' lang='lat' dir='ltr'>episcopo</span> <span class='ocrx_word' id='word_1_71' title='bbox 516 1079 579 1140; x_wconf 80' lang='lat' dir='ltr'>sibi</span> <span class='ocrx_word' id='word_1_72' title='bbox 592 1078 694 1142; x_wconf 81' lang='lat' dir='ltr'>abbas</span> <span class='ocrx_word' id='word_1_73' title='bbox 709 1093 749 1140; x_wconf 86' lang='lat' dir='ltr'>ac</span> <span class='ocrx_word' id='word_1_74' title='bbox 767 1081 797 1141; x_wconf 85' lang='lat' dir='ltr'>J,</span> <span class='ocrx_word' id='word_1_75' title='bbox 818 1078 980 1141; x_wconf 80' lang='lat' dir='ltr'>monacho</span> <span class='ocrx_word' id='word_1_76' title='bbox 1003 1093 1150 1140; x_wconf 76' lang='lat' dir='ltr'>conven-</span> <span class='ocrx_word' id='word_1_77' title='bbox 1239 1071 1381 1130; x_wconf 83' lang='lat' dir='ltr'>solutione</span> <span class='ocrx_word' id='word_1_78' title='bbox 1387 1084 1492 1128; x_wconf 67' lang='lat' dir='ltr'>censis</span> <span class='ocrx_word' id='word_1_79' title='bbox 1502 1067 1623 1127; x_wconf 83' lang='lat' dir='ltr'>duarum</span> <span class='ocrx_word' id='word_1_80' title='bbox 1637 1083 1797 1128; x_wconf 79' lang='lat' dir='ltr'>marcarum</span> <span class='ocrx_word' id='word_1_81' title='bbox 1809 1073 1961 1146; x_wconf 81' lang='lat' dir='ltr'>aurisiugulis</span> 
     </span>
     <span class='ocr_line' id='line_1_10' title="bbox 348 1160 1334 1255; baseline -0.004 -14"><span class='ocrx_word' id='word_1_82' title='bbox 348 1181 402 1241; x_wconf 89' lang='lat' dir='ltr'>tus</span> <span class='ocrx_word' id='word_1_83' title='bbox 417 1178 564 1255; x_wconf 85' lang='lat' dir='ltr'>ejusdem</span> <span class='ocrx_word' id='word_1_84' title='bbox 580 1175 786 1248; x_wconf 89' lang='lat' dir='ltr'>monasterii,</span> <span class='ocrx_word' id='word_1_85' title='bbox 803 1177 837 1238; x_wconf 90' lang='lat' dir='ltr'>et</span> <span class='ocrx_word' id='word_1_86' title='bbox 850 1176 1010 1252; x_wconf 83' lang='lat' dir='ltr'>magistro</span> <span class='ocrx_word' id='word_1_87' title='bbox 1032 1178 1087 1238; x_wconf 90' lang='lat' dir='ltr'>W.</span> <span class='ocrx_word' id='word_1_88' title='bbox 1108 1175 1150 1238; x_wconf 91' lang='lat' dir='ltr'>de</span> <span class='ocrx_word' id='word_1_89' title='bbox 1240 1160 1334 1216; x_wconf 59' lang='lat'>“⁰⁰1⁸-</span> 
     </span>
    </p>

    <p class='ocr_par' dir='ltr' id='par_1_5' title="bbox 350 1273 1957 1354">
     <span class='ocr_line' id='line_1_11' title="bbox 350 1273 1957 1354; baseline 0 -16"><span class='ocrx_word' id='word_1_90' title='bbox 350 1276 510 1339; x_wconf 79' lang='lat' dir='ltr'>Borrnont</span> <span class='ocrx_word' id='word_1_91' title='bbox 537 1275 616 1336; x_wconf 90' lang='lat' dir='ltr'>dicti</span> <span class='ocrx_word' id='word_1_92' title='bbox 649 1274 833 1350; x_wconf 77' lang='lat' dir='ltr'>lingonen.</span> <span class='ocrx_word' id='word_1_93' title='bbox 864 1273 1147 1350; x_wconf 82' lang='lat' dir='ltr'>procuratoribus,</span> <span class='ocrx_word' id='word_1_94' title='bbox 1243 1275 1410 1340; x_wconf 87' lang='lat' dir='ltr'>Honorius</span> <span class='ocrx_word' id='word_1_95' title='bbox 1426 1275 1600 1354; x_wconf 90' lang='lat' dir='ltr'>episcopus</span> <span class='ocrx_word' id='word_1_96' title='bbox 1617 1290 1734 1336; x_wconf 81' lang='lat' dir='ltr'>servus</span> <span class='ocrx_word' id='word_1_97' title='bbox 1749 1279 1957 1348; x_wconf 84' lang='lat' dir='ltr'>servorunllei,</span> 
     </span>
    </p>
   </div>
   <div class='ocr_carea' id='block_1_4' title="bbox 1230 541 1941 621">
    <p class='ocr_par' dir='ltr' id='par_1_6' title="bbox 1230 541 1941 621">
     <span class='ocr_line' id='line_1_12' title="bbox 1230 541 1941 621; baseline 0.004 -17"><span class='ocrx_word' id='word_1_98' title='bbox 1230 543 1283 604; x_wconf 82' lang='lat' dir='ltr'>Ad</span> <span class='ocrx_word' id='word_1_99' title='bbox 1298 543 1519 616; x_wconf 68' lang='lat' dir='ltr'>aldefonsum</span> <span class='ocrx_word' id='word_1_100' title='bbox 1533 541 1826 618; x_wconf 74' lang='lat' dir='ltr'>Portapaneasem</span> <span class='ocrx_word' id='word_1_101' title='bbox 1839 559 1941 621; x_wconf 72' lang='lat' dir='ltr'>regern.</span> 
     </span>
    </p>
   </div>
   <div class='ocr_carea' id='block_1_5' title="bbox 242 1369 1958 1448">
    <p class='ocr_par' dir='ltr' id='par_1_7' title="bbox 242 1369 1958 1448">
     <span class='ocr_line' id='line_1_13' title="bbox 242 1369 1958 1448; baseline -0.001 -12"><span class='ocrx_word' id='word_1_102' title='bbox 242 1375 247 1384; x_wconf 83' lang='lat'>‘</span> <span class='ocrx_word' id='word_1_103' title='bbox 347 1375 500 1437; x_wconf 90' lang='lat' dir='ltr'>auditore</span> <span class='ocrx_word' id='word_1_104' title='bbox 513 1386 682 1445; x_wconf 89' lang='lat' dir='ltr'>concesso,</span> <span class='ocrx_word' id='word_1_105' title='bbox 696 1371 771 1448; x_wconf 91' lang='lat' dir='ltr'>post</span> <span class='ocrx_word' id='word_1_106' title='bbox 782 1370 902 1432; x_wconf 88' lang='lat' dir='ltr'>multas</span> <span class='ocrx_word' id='word_1_107' title='bbox 915 1370 1148 1434; x_wconf 89' lang='lat' dir='ltr'>altercationes</span> <span class='ocrx_word' id='word_1_108' title='bbox 1204 1373 1377 1435; x_wconf 89' lang='lat' dir='ltr'>carissimo</span> <span class='ocrx_word' id='word_1_109' title='bbox 1398 1373 1434 1434; x_wconf 92' lang='lat' dir='ltr'>in</span> <span class='ocrx_word' id='word_1_110' title='bbox 1454 1371 1585 1434; x_wconf 84' lang='lat' dir='ltr'>Christo</span> <span class='ocrx_word' id='word_1_111' title='bbox 1598 1369 1668 1434; x_wconf 87' lang='lat' dir='ltr'>tilio</span> <span class='ocrx_word' id='word_1_112' title='bbox 1683 1371 1852 1434; x_wconf 83' lang='lat' dir='ltr'>Aldelonso</span> <span class='ocrx_word' id='word_1_113' title='bbox 1869 1370 1958 1435; x_wconf 82' lang='lat' dir='ltr'>illustri</span> 
     </span>
    </p>
   </div>
   <div class='ocr_carea' id='block_1_6' title="bbox 299 1467 1967 5628">
    <p class='ocr_par' dir='ltr' id='par_1_8' title="bbox 299 1467 1967 5628">
     <span class='ocr_line' id='line_1_14' title="bbox 347 1467 1957 1548; baseline 0 -17"><span class='ocrx_word' id='word_1_114' title='bbox 347 1471 390 1532; x_wconf 92' lang='lat' dir='ltr'>de</span> <span class='ocrx_word' id='word_1_115' title='bbox 421 1471 577 1532; x_wconf 88' lang='lat' dir='ltr'>mandato</span> <span class='ocrx_word' id='word_1_116' title='bbox 611 1469 708 1530; x_wconf 78' lang='lat' dir='ltr'>bonna</span> <span class='ocrx_word' id='word_1_117' title='bbox 754 1467 924 1530; x_wconf 79' lang='lat' dir='ltr'>memoriae</span> <span class='ocrx_word' id='word_1_118' title='bbox 962 1468 1149 1530; x_wconf 86' lang='lat' dir='ltr'>innocentii</span> <span class='ocrx_word' id='word_1_119' title='bbox 1204 1469 1451 1546; x_wconf 78' lang='lat' dir='ltr'>portugallensi</span> <span class='ocrx_word' id='word_1_120' title='bbox 1475 1471 1559 1546; x_wconf 89' lang='lat' dir='ltr'>regi,</span> <span class='ocrx_word' id='word_1_121' title='bbox 1587 1473 1725 1548; x_wconf 82' lang='lat' dir='ltr'>ejusque</span> <span class='ocrx_word' id='word_1_122' title='bbox 1752 1467 1957 1531; x_wconf 80' lang='lat' dir='ltr'>haeredibusin</span> 
     </span>
     <span class='ocr_line' id='line_1_15' title="bbox 347 1563 1960 1646; baseline -0.001 -16"><span class='ocrx_word' id='word_1_123' title='bbox 347 1585 442 1646; x_wconf 81' lang='lat' dir='ltr'>papae</span> <span class='ocrx_word' id='word_1_124' title='bbox 457 1565 715 1646; x_wconf 84' lang='lat' dir='ltr'>praedecessoris</span> <span class='ocrx_word' id='word_1_125' title='bbox 728 1564 834 1626; x_wconf 88' lang='lat' dir='ltr'>nostri</span> <span class='ocrx_word' id='word_1_126' title='bbox 856 1565 915 1627; x_wconf 90' lang='lat' dir='ltr'>tali</span> <span class='ocrx_word' id='word_1_127' title='bbox 938 1563 1038 1627; x_wconf 81' lang='lat' dir='ltr'>tuerit</span> <span class='ocrx_word' id='word_1_128' title='bbox 1058 1581 1150 1627; x_wconf 89' lang='lat' dir='ltr'>com-</span> <span class='ocrx_word' id='word_1_129' title='bbox 1204 1569 1414 1646; x_wconf 90' lang='lat' dir='ltr'>perpetuum,</span> <span class='ocrx_word' id='word_1_130' title='bbox 1444 1568 1587 1630; x_wconf 88' lang='lat' dir='ltr'>salutern</span> <span class='ocrx_word' id='word_1_131' title='bbox 1611 1568 1645 1630; x_wconf 92' lang='lat' dir='ltr'>et</span> <span class='ocrx_word' id='word_1_132' title='bbox 1666 1567 1870 1645; x_wconf 87' lang='lat' dir='ltr'>apostolicam</span> <span class='ocrx_word' id='word_1_133' title='bbox 1888 1568 1960 1630; x_wconf 86' lang='lat' dir='ltr'>bene·</span> 
     </span>
     <span class='ocr_line' id='line_1_16' title="bbox 346 1661 1396 1744; baseline -0.001 -17"><span class='ocrx_word' id='word_1_134' title='bbox 346 1665 514 1744; x_wconf 86' lang='lat' dir='ltr'>positione</span> <span class='ocrx_word' id='word_1_135' title='bbox 528 1664 648 1741; x_wconf 93' lang='lat' dir='ltr'>sopita,</span> <span class='ocrx_word' id='word_1_136' title='bbox 665 1665 701 1725; x_wconf 94' lang='lat' dir='ltr'>ut</span> <span class='ocrx_word' id='word_1_137' title='bbox 725 1663 882 1724; x_wconf 86' lang='lat' dir='ltr'>videlicet</span> <span class='ocrx_word' id='word_1_138' title='bbox 902 1678 969 1724; x_wconf 92' lang='lat' dir='ltr'>non</span> <span class='ocrx_word' id='word_1_139' title='bbox 997 1661 1149 1725; x_wconf 88' lang='lat' dir='ltr'>obstante</span> <span class='ocrx_word' id='word_1_140' title='bbox 1205 1667 1396 1728; x_wconf 90' lang='lat' dir='ltr'>dictionem.</span> 
     </span>
     <span class='ocr_line' id='line_1_17' title="bbox 347 1759 1957 1841; baseline -0.002 -16"><span class='ocrx_word' id='word_1_141' title='bbox 347 1763 523 1834; x_wconf 86' lang='lat' dir='ltr'>sententia,</span> <span class='ocrx_word' id='word_1_142' title='bbox 542 1777 677 1839; x_wconf 88' lang='lat' dir='ltr'>quam...</span> <span class='ocrx_word' id='word_1_143' title='bbox 695 1759 798 1820; x_wconf 90' lang='lat' dir='ltr'>abbas</span> <span class='ocrx_word' id='word_1_144' title='bbox 817 1761 926 1822; x_wconf 87' lang='lat' dir='ltr'>sancti</span> <span class='ocrx_word' id='word_1_145' title='bbox 953 1759 1101 1822; x_wconf 90' lang='lat' dir='ltr'>Memmii</span> <span class='ocrx_word' id='word_1_146' title='bbox 1116 1763 1150 1822; x_wconf 93' lang='lat' dir='ltr'>et</span> <span class='ocrx_word' id='word_1_147' title='bbox 1244 1761 1431 1826; x_wconf 77' lang='lat' dir='ltr'>Manifestis</span> <span class='ocrx_word' id='word_1_148' title='bbox 1445 1762 1620 1841; x_wconf 88' lang='lat' dir='ltr'>probatum</span> <span class='ocrx_word' id='word_1_149' title='bbox 1629 1762 1680 1824; x_wconf 92' lang='lat' dir='ltr'>est</span> <span class='ocrx_word' id='word_1_150' title='bbox 1690 1761 1888 1840; x_wconf 88' lang='lat' dir='ltr'>argumentis,</span> <span class='ocrx_word' id='word_1_151' title='bbox 1898 1762 1957 1839; x_wconf 86' lang='lat' dir='ltr'>quod</span> 
     </span>
     <span class='ocr_line' id='line_1_18' title="bbox 347 1855 1959 1938; baseline -0.002 -17"><span class='ocrx_word' id='word_1_152' title='bbox 347 1859 537 1938; x_wconf 79' lang='lat' dir='ltr'>conjudices</span> <span class='ocrx_word' id='word_1_153' title='bbox 566 1861 638 1936; x_wconf 88' lang='lat' dir='ltr'>ejus</span> <span class='ocrx_word' id='word_1_154' title='bbox 671 1857 910 1919; x_wconf 83' lang='lat' dir='ltr'>cathalaunen.</span> <span class='ocrx_word' id='word_1_155' title='bbox 940 1856 1083 1933; x_wconf 89' lang='lat' dir='ltr'>delegati</span> <span class='ocrx_word' id='word_1_156' title='bbox 1107 1855 1149 1918; x_wconf 90' lang='lat' dir='ltr'>ab</span> <span class='ocrx_word' id='word_1_157' title='bbox 1204 1875 1264 1938; x_wconf 90' lang='lat' dir='ltr'>per</span> <span class='ocrx_word' id='word_1_158' title='bbox 1277 1861 1416 1923; x_wconf 91' lang='lat' dir='ltr'>sudores</span> <span class='ocrx_word' id='word_1_159' title='bbox 1430 1859 1579 1932; x_wconf 90' lang='lat' dir='ltr'>bellicos,</span> <span class='ocrx_word' id='word_1_160' title='bbox 1597 1859 1630 1922; x_wconf 92' lang='lat' dir='ltr'>et</span> <span class='ocrx_word' id='word_1_161' title='bbox 1643 1859 1822 1921; x_wconf 85' lang='lat' dir='ltr'>certamina</span> <span class='ocrx_word' id='word_1_162' title='bbox 1842 1857 1959 1919; x_wconf 88' lang='lat' dir='ltr'>militaria</span> 
     </span>
     <span class='ocr_line' id='line_1_19' title="bbox 348 1953 1960 2032; baseline -0.004 -13"><span class='ocrx_word' id='word_1_163' title='bbox 348 1958 476 2024; x_wconf 36' lang='lat' dir='ltr'>eodem.</span> <span class='ocrx_word' id='word_1_164' title='bbox 499 1956 745 2032; x_wconf 78' lang='lat' dir='ltr'>predecessore</span> <span class='ocrx_word' id='word_1_165' title='bbox 778 1955 891 2016; x_wconf 92' lang='lat' dir='ltr'>nostro</span> <span class='ocrx_word' id='word_1_166' title='bbox 927 1955 1044 2016; x_wconf 89' lang='lat' dir='ltr'>contra</span> <span class='ocrx_word' id='word_1_167' title='bbox 1078 1953 1151 2014; x_wconf 92' lang='lat' dir='ltr'>dic-</span> <span class='ocrx_word' id='word_1_168' title='bbox 1204 1958 1416 2020; x_wconf 88' lang='lat' dir='ltr'>inimicorum</span> <span class='ocrx_word' id='word_1_169' title='bbox 1444 1956 1619 2018; x_wconf 76' lang='lat' dir='ltr'>christiani</span> <span class='ocrx_word' id='word_1_170' title='bbox 1646 1956 1792 2032; x_wconf 85' lang='lat' dir='ltr'>nominis</span> <span class='ocrx_word' id='word_1_171' title='bbox 1816 1953 1960 2031; x_wconf 89' lang='lat' dir='ltr'>intrepidus</span> 
     </span>
     <span class='ocr_line' id='line_1_20' title="bbox 349 2043 1960 2133; baseline -0.004 -16"><span class='ocrx_word' id='word_1_172' title='bbox 349 2056 420 2117; x_wconf 89' lang='lat' dir='ltr'>tum</span> <span class='ocrx_word' id='word_1_173' title='bbox 430 2053 669 2115; x_wconf 88' lang='lat' dir='ltr'>monasterium</span> <span class='ocrx_word' id='word_1_174' title='bbox 678 2043 1149 2129; x_wconf 84' lang='lat' dir='ltr'>protulerunt3monasterlum</span> <span class='ocrx_word' id='word_1_175' title='bbox 1204 2057 1404 2132; x_wconf 84' lang='lat' dir='ltr'>extirpator,</span> <span class='ocrx_word' id='word_1_176' title='bbox 1442 2057 1475 2118; x_wconf 86' lang='lat' dir='ltr'>et</span> <span class='ocrx_word' id='word_1_177' title='bbox 1514 2055 1718 2133; x_wconf 89' lang='lat' dir='ltr'>propagator</span> <span class='ocrx_word' id='word_1_178' title='bbox 1749 2052 1878 2129; x_wconf 91' lang='lat' dir='ltr'>diligens</span> <span class='ocrx_word' id='word_1_179' title='bbox 1906 2051 1960 2112; x_wconf 87' lang='lat' dir='ltr'>idei</span> 
     </span>
     <span class='ocr_line' id='line_1_21' title="bbox 349 2147 1959 2229; baseline -0.004 -15"><span class='ocrx_word' id='word_1_180' title='bbox 349 2153 460 2229; x_wconf 89' lang='lat' dir='ltr'>ipsum</span> <span class='ocrx_word' id='word_1_181' title='bbox 497 2165 599 2227; x_wconf 90' lang='lat' dir='ltr'>super</span> <span class='ocrx_word' id='word_1_182' title='bbox 642 2152 737 2226; x_wconf 88' lang='lat' dir='ltr'>cujus</span> <span class='ocrx_word' id='word_1_183' title='bbox 777 2148 931 2210; x_wconf 90' lang='lat' dir='ltr'>libertate</span> <span class='ocrx_word' id='word_1_184' title='bbox 974 2147 1150 2225; x_wconf 84' lang='lat' dir='ltr'>privilegia</span> <span class='ocrx_word' id='word_1_185' title='bbox 1205 2153 1409 2226; x_wconf 89' lang='lat' dir='ltr'>christianae,</span> <span class='ocrx_word' id='word_1_186' title='bbox 1432 2153 1519 2215; x_wconf 89' lang='lat' dir='ltr'>siout</span> <span class='ocrx_word' id='word_1_187' title='bbox 1545 2152 1653 2213; x_wconf 89' lang='lat' dir='ltr'>bonus</span> <span class='ocrx_word' id='word_1_188' title='bbox 1678 2151 1785 2225; x_wconf 88' lang='lat' dir='ltr'>lilius,</span> <span class='ocrx_word' id='word_1_189' title='bbox 1801 2152 1831 2213; x_wconf 91' lang='lat' dir='ltr'>et</span> <span class='ocrx_word' id='word_1_190' title='bbox 1843 2150 1959 2228; x_wconf 89' lang='lat' dir='ltr'>princeps</span> 
     </span>
     <span class='ocr_line' id='line_1_22' title="bbox 350 2245 1961 2327; baseline -0.004 -15"><span class='ocrx_word' id='word_1_191' title='bbox 350 2254 576 2312; x_wconf 84' lang='lat' dir='ltr'>Romanorum</span> <span class='ocrx_word' id='word_1_192' title='bbox 601 2247 800 2309; x_wconf 86' lang='lat' dir='ltr'>Pontificum</span> <span class='ocrx_word' id='word_1_193' title='bbox 826 2246 960 2309; x_wconf 81' lang='lat' dir='ltr'>luerunt</span> <span class='ocrx_word' id='word_1_194' title='bbox 987 2245 1148 2320; x_wconf 85' lang='lat' dir='ltr'>exhibita,</span> <span class='ocrx_word' id='word_1_195' title='bbox 1206 2249 1390 2313; x_wconf 86' lang='lat' dir='ltr'>catholicus</span> <span class='ocrx_word' id='word_1_196' title='bbox 1415 2250 1609 2312; x_wconf 88' lang='lat' dir='ltr'>multimoda</span> <span class='ocrx_word' id='word_1_197' title='bbox 1633 2249 1791 2327; x_wconf 86' lang='lat' dir='ltr'>obsequia</span> <span class='ocrx_word' id='word_1_198' title='bbox 1813 2248 1897 2310; x_wconf 88' lang='lat' dir='ltr'>matri</span> <span class='ocrx_word' id='word_1_199' title='bbox 1915 2247 1961 2306; x_wconf 84' lang='lat' dir='ltr'>tua</span> 
     </span>
     <span class='ocr_line' id='line_1_23' title="bbox 350 2344 1959 2424; baseline -0.006 -14"><span class='ocrx_word' id='word_1_200' title='bbox 350 2349 419 2410; x_wconf 89' lang='lat' dir='ltr'>tarn</span> <span class='ocrx_word' id='word_1_201' title='bbox 439 2361 552 2408; x_wconf 90' lang='lat' dir='ltr'>coram</span> <span class='ocrx_word' id='word_1_202' title='bbox 580 2344 738 2423; x_wconf 87' lang='lat' dir='ltr'>praedicto</span> <span class='ocrx_word' id='word_1_203' title='bbox 762 2344 1010 2421; x_wconf 85' lang='lat' dir='ltr'>praedecessore</span> <span class='ocrx_word' id='word_1_204' title='bbox 1037 2345 1151 2406; x_wconf 91' lang='lat' dir='ltr'>nostro</span> <span class='ocrx_word' id='word_1_205' title='bbox 1205 2349 1428 2412; x_wconf 72' lang='lat' dir='ltr'>sacrosancta</span> <span class='ocrx_word' id='word_1_206' title='bbox 1455 2347 1612 2409; x_wconf 83' lang='lat' dir='ltr'>Ecclesiae</span> <span class='ocrx_word' id='word_1_207' title='bbox 1640 2345 1837 2424; x_wconf 88' lang='lat' dir='ltr'>impendisti,</span> <span class='ocrx_word' id='word_1_208' title='bbox 1861 2344 1959 2419; x_wconf 86' lang='lat' dir='ltr'>dignun</span> 
     </span>
     <span class='ocr_line' id='line_1_24' title="bbox 352 2438 1960 2523; baseline -0.006 -17"><span class='ocrx_word' id='word_1_209' title='bbox 352 2459 451 2523; x_wconf 84' lang='lat' dir='ltr'>quarn</span> <span class='ocrx_word' id='word_1_210' title='bbox 484 2442 586 2506; x_wconf 88' lang='lat' dir='ltr'>etiam</span> <span class='ocrx_word' id='word_1_211' title='bbox 632 2457 745 2504; x_wconf 89' lang='lat' dir='ltr'>coram</span> <span class='ocrx_word' id='word_1_212' title='bbox 787 2441 938 2503; x_wconf 90' lang='lat' dir='ltr'>auditore</span> <span class='ocrx_word' id='word_1_213' title='bbox 975 2440 1150 2518; x_wconf 76' lang='lat' dir='ltr'>praedicto,</span> <span class='ocrx_word' id='word_1_214' title='bbox 1205 2445 1364 2507; x_wconf 89' lang='lat' dir='ltr'>memoria</span> <span class='ocrx_word' id='word_1_215' title='bbox 1397 2460 1536 2516; x_wconf 90' lang='lat' dir='ltr'>nomen,</span> <span class='ocrx_word' id='word_1_216' title='bbox 1566 2445 1600 2506; x_wconf 90' lang='lat' dir='ltr'>et</span> <span class='ocrx_word' id='word_1_217' title='bbox 1626 2442 1813 2520; x_wconf 81' lang='lat' dir='ltr'>exemplum</span> <span class='ocrx_word' id='word_1_218' title='bbox 1842 2438 1960 2500; x_wconf 86' lang='lat' dir='ltr'>imitabile</span> 
     </span>
     <span class='ocr_line' id='line_1_25' title="bbox 351 2537 1959 2619; baseline -0.008 -12"><span class='ocrx_word' id='word_1_219' title='bbox 351 2543 393 2607; x_wconf 83' lang='lat' dir='ltr'>ab</span> <span class='ocrx_word' id='word_1_220' title='bbox 414 2542 504 2604; x_wconf 91' lang='lat' dir='ltr'>omni</span> <span class='ocrx_word' id='word_1_221' title='bbox 529 2540 764 2619; x_wconf 90' lang='lat' dir='ltr'>jurisdictione</span> <span class='ocrx_word' id='word_1_222' title='bbox 793 2539 975 2614; x_wconf 89' lang='lat' dir='ltr'>Lingonen.</span> <span class='ocrx_word' id='word_1_223' title='bbox 1004 2537 1151 2615; x_wconf 88' lang='lat' dir='ltr'>episcopi</span> <span class='ocrx_word' id='word_1_224' title='bbox 1206 2543 1348 2618; x_wconf 88' lang='lat' dir='ltr'>posteris</span> <span class='ocrx_word' id='word_1_225' title='bbox 1372 2542 1619 2619; x_wconf 89' lang='lat' dir='ltr'>derelinquens.</span> <span class='ocrx_word' id='word_1_226' title='bbox 1640 2543 1786 2618; x_wconf 82' lang='lat' dir='ltr'>AEquurn</span> <span class='ocrx_word' id='word_1_227' title='bbox 1812 2539 1858 2600; x_wconf 90' lang='lat' dir='ltr'>est</span> <span class='ocrx_word' id='word_1_228' title='bbox 1872 2537 1959 2604; x_wconf 88' lang='lat' dir='ltr'>auten,</span> 
     </span>
     <span class='ocr_line' id='line_1_26' title="bbox 299 2628 1960 2718; baseline -0.007 -16"><span class='ocrx_word' id='word_1_229' title='bbox 299 2707 302 2716; x_wconf 65' lang='grc'><strong>,</strong></span> <span class='ocrx_word' id='word_1_230' title='bbox 352 2641 510 2718; x_wconf 85' lang='lat' dir='ltr'>quantum</span> <span class='ocrx_word' id='word_1_231' title='bbox 532 2639 574 2700; x_wconf 90' lang='lat' dir='ltr'>ad</span> <span class='ocrx_word' id='word_1_232' title='bbox 605 2639 715 2715; x_wconf 86' lang='lat' dir='ltr'>caput,</span> <span class='ocrx_word' id='word_1_233' title='bbox 734 2636 889 2699; x_wconf 86' lang='lat' dir='ltr'>videlicet</span> <span class='ocrx_word' id='word_1_234' title='bbox 912 2635 1150 2698; x_wconf 87' lang='lat' dir='ltr'>monasterium</span> <span class='ocrx_word' id='word_1_235' title='bbox 1206 2640 1243 2701; x_wconf 88' lang='lat' dir='ltr'>ut</span> <span class='ocrx_word' id='word_1_236' title='bbox 1263 2653 1346 2716; x_wconf 83' lang='lat' dir='ltr'>qnos</span> <span class='ocrx_word' id='word_1_237' title='bbox 1360 2637 1401 2700; x_wconf 89' lang='lat' dir='ltr'>ad</span> <span class='ocrx_word' id='word_1_238' title='bbox 1421 2637 1583 2714; x_wconf 86' lang='lat' dir='ltr'>regimen,</span> <span class='ocrx_word' id='word_1_239' title='bbox 1608 2638 1641 2700; x_wconf 89' lang='lat' dir='ltr'>et</span> <span class='ocrx_word' id='word_1_240' title='bbox 1667 2638 1807 2700; x_wconf 88' lang='lat' dir='ltr'>salutem</span> <span class='ocrx_word' id='word_1_241' title='bbox 1828 2628 1960 2712; x_wconf 86' lang='lat' dir='ltr'>populiab</span> 
     </span>
     <span class='ocr_line' id='line_1_27' title="bbox 354 2729 1959 2813; baseline -0.009 -13"><span class='ocrx_word' id='word_1_242' title='bbox 354 2738 490 2800; x_wconf 88' lang='lat' dir='ltr'>omniuo</span> <span class='ocrx_word' id='word_1_243' title='bbox 513 2735 655 2798; x_wconf 90' lang='lat' dir='ltr'>liberum</span> <span class='ocrx_word' id='word_1_244' title='bbox 668 2737 701 2798; x_wconf 91' lang='lat' dir='ltr'>et</span> <span class='ocrx_word' id='word_1_245' title='bbox 715 2735 904 2812; x_wconf 83' lang='lat' dir='ltr'>exemptum</span> <span class='ocrx_word' id='word_1_246' title='bbox 923 2734 986 2796; x_wconf 92' lang='lat' dir='ltr'>soli</span> <span class='ocrx_word' id='word_1_247' title='bbox 1001 2736 1152 2796; x_wconf 88' lang='lat' dir='ltr'>Romano</span> <span class='ocrx_word' id='word_1_248' title='bbox 1207 2737 1275 2800; x_wconf 86' lang='lat' dir='ltr'>alto</span> <span class='ocrx_word' id='word_1_249' title='bbox 1301 2737 1503 2813; x_wconf 83' lang='lat' dir='ltr'>dispensatio</span> <span class='ocrx_word' id='word_1_250' title='bbox 1526 2734 1672 2798; x_wconf 74' lang='lat' dir='ltr'>caelestis</span> <span class='ocrx_word' id='word_1_251' title='bbox 1691 2734 1801 2810; x_wconf 91' lang='lat' dir='ltr'>elegit,</span> <span class='ocrx_word' id='word_1_252' title='bbox 1815 2729 1959 2809; x_wconf 77' lang='lat' dir='ltr'>Apmnlin</span> 
     </span>
     <span class='ocr_line' id='line_1_28' title="bbox 353 2825 1960 2910; baseline -0.009 -12"><span class='ocrx_word' id='word_1_253' title='bbox 353 2835 510 2898; x_wconf 83' lang='lat' dir='ltr'>Pontifici</span> <span class='ocrx_word' id='word_1_254' title='bbox 538 2834 574 2894; x_wconf 93' lang='lat' dir='ltr'>in</span> <span class='ocrx_word' id='word_1_255' title='bbox 599 2831 837 2910; x_wconf 82' lang='lat' dir='ltr'>temporalibus</span> <span class='ocrx_word' id='word_1_256' title='bbox 862 2832 896 2893; x_wconf 89' lang='lat' dir='ltr'>et</span> <span class='ocrx_word' id='word_1_257' title='bbox 922 2829 1152 2907; x_wconf 86' lang='lat' dir='ltr'>spiritualibus</span> <span class='ocrx_word' id='word_1_258' title='bbox 1209 2831 1311 2896; x_wconf 83' lang='lat' dir='ltr'>Sedes</span> <span class='ocrx_word' id='word_1_259' title='bbox 1325 2833 1503 2896; x_wconf 85' lang='lat' dir='ltr'>affectione</span> <span class='ocrx_word' id='word_1_260' title='bbox 1516 2834 1647 2895; x_wconf 85' lang='lat' dir='ltr'>sincera</span> <span class='ocrx_word' id='word_1_261' title='bbox 1667 2831 1794 2908; x_wconf 87' lang='lat' dir='ltr'>diligat,</span> <span class='ocrx_word' id='word_1_262' title='bbox 1810 2825 1960 2904; x_wconf 84' lang='lat' dir='ltr'>etlnjustis</span> 
     </span>
     <span class='ocr_line' id='line_1_29' title="bbox 354 2923 1958 3008; baseline -0.008 -14"><span class='ocrx_word' id='word_1_263' title='bbox 354 2934 399 2996; x_wconf 92' lang='lat' dir='ltr'>sit</span> <span class='ocrx_word' id='word_1_264' title='bbox 423 2931 623 3008; x_wconf 81' lang='lat' dir='ltr'>subjectum3</span> <span class='ocrx_word' id='word_1_265' title='bbox 648 2929 695 2991; x_wconf 88' lang='lat' dir='ltr'>ita</span> <span class='ocrx_word' id='word_1_266' title='bbox 720 2930 831 2991; x_wconf 90' lang='lat' dir='ltr'>tamen</span> <span class='ocrx_word' id='word_1_267' title='bbox 856 2928 942 3006; x_wconf 87' lang='lat' dir='ltr'>quod</span> <span class='ocrx_word' id='word_1_268' title='bbox 966 2927 1062 2990; x_wconf 90' lang='lat' dir='ltr'>aunis</span> <span class='ocrx_word' id='word_1_269' title='bbox 1082 2927 1153 2987; x_wconf 91' lang='lat' dir='ltr'>sin-</span> <span class='ocrx_word' id='word_1_270' title='bbox 1207 2923 1958 3008; x_wconf 81' lang='lat' dir='ltr'>postulationibusstudeatefficaciterexaudin.</span> 
     </span>
     <span class='ocr_line' id='line_1_30' title="bbox 354 3025 1959 3105; baseline -0.006 -15"><span class='ocrx_word' id='word_1_271' title='bbox 354 3029 443 3105; x_wconf 88' lang='lat' dir='ltr'>gulis</span> <span class='ocrx_word' id='word_1_272' title='bbox 475 3029 511 3089; x_wconf 92' lang='lat' dir='ltr'>in</span> <span class='ocrx_word' id='word_1_273' title='bbox 543 3027 726 3089; x_wconf 88' lang='lat' dir='ltr'>crastinum</span> <span class='ocrx_word' id='word_1_274' title='bbox 759 3025 1007 3087; x_wconf 79' lang='lat' dir='ltr'>Punncationis</span> <span class='ocrx_word' id='word_1_275' title='bbox 1041 3025 1152 3086; x_wconf 84' lang='lat' dir='ltr'>Beatae</span> <span class='ocrx_word' id='word_1_276' title='bbox 1208 3029 1353 3092; x_wconf 89' lang='lat' dir='ltr'>Proinde</span> <span class='ocrx_word' id='word_1_277' title='bbox 1362 3043 1423 3090; x_wconf 91' lang='lat' dir='ltr'>uos</span> <span class='ocrx_word' id='word_1_278' title='bbox 1434 3026 1820 3104; x_wconf 88' lang='lat' dir='ltr'>attendentespersonam</span> <span class='ocrx_word' id='word_1_279' title='bbox 1829 3025 1959 3096; x_wconf 66' lang='lat' dir='ltr'>nampro-</span> 
     </span>
     <span class='ocr_line' id='line_1_31' title="bbox 353 3118 1961 3202; baseline -0.006 -14"><span class='ocrx_word' id='word_1_280' title='bbox 353 3127 471 3188; x_wconf 85' lang='lat' dir='ltr'>Mariae</span> <span class='ocrx_word' id='word_1_281' title='bbox 488 3125 553 3202; x_wconf 92' lang='lat' dir='ltr'>ipsi</span> <span class='ocrx_word' id='word_1_282' title='bbox 569 3125 751 3200; x_wconf 84' lang='lat' dir='ltr'>lingonen.</span> <span class='ocrx_word' id='word_1_283' title='bbox 775 3123 931 3200; x_wconf 89' lang='lat' dir='ltr'>episcopo</span> <span class='ocrx_word' id='word_1_284' title='bbox 957 3138 997 3185; x_wconf 91' lang='lat' dir='ltr'>ac</span> <span class='ocrx_word' id='word_1_285' title='bbox 1019 3139 1153 3184; x_wconf 89' lang='lat' dir='ltr'>succes-</span> <span class='ocrx_word' id='word_1_286' title='bbox 1208 3125 1320 3188; x_wconf 72' lang='lat' dir='ltr'>dantia</span> <span class='ocrx_word' id='word_1_287' title='bbox 1348 3125 1510 3198; x_wconf 87' lang='lat' dir='ltr'>ornatam,</span> <span class='ocrx_word' id='word_1_288' title='bbox 1533 3124 1666 3201; x_wconf 88' lang='lat' dir='ltr'>justitia</span> <span class='ocrx_word' id='word_1_289' title='bbox 1695 3118 1961 3202; x_wconf 70' lang='lat' dir='ltr'>praestansque</span> 
     </span>
     <span class='ocr_line' id='line_1_32' title="bbox 355 3216 1959 3300; baseline -0.008 -14"><span class='ocrx_word' id='word_1_290' title='bbox 355 3222 485 3286; x_wconf 86' lang='lat' dir='ltr'>soribus</span> <span class='ocrx_word' id='word_1_291' title='bbox 512 3221 581 3284; x_wconf 90' lang='lat' dir='ltr'>suis</span> <span class='ocrx_word' id='word_1_292' title='bbox 599 3237 718 3284; x_wconf 85' lang='lat' dir='ltr'>novem</span> <span class='ocrx_word' id='word_1_293' title='bbox 744 3221 847 3284; x_wconf 90' lang='lat' dir='ltr'>libras</span> <span class='ocrx_word' id='word_1_294' title='bbox 871 3221 1012 3284; x_wconf 75' lang='lat' dir='ltr'>monetae</span> <span class='ocrx_word' id='word_1_295' title='bbox 1036 3219 1153 3282; x_wconf 86' lang='lat' dir='ltr'>Divio·</span> <span class='ocrx_word' id='word_1_296' title='bbox 1208 3224 1249 3285; x_wconf 89' lang='lat' dir='ltr'>ad</span> <span class='ocrx_word' id='word_1_297' title='bbox 1263 3223 1378 3300; x_wconf 92' lang='lat' dir='ltr'>populi</span> <span class='ocrx_word' id='word_1_298' title='bbox 1391 3223 1542 3298; x_wconf 89' lang='lat' dir='ltr'>regimen</span> <span class='ocrx_word' id='word_1_299' title='bbox 1555 3221 1724 3293; x_wconf 88' lang='lat' dir='ltr'>idoneam,</span> <span class='ocrx_word' id='word_1_300' title='bbox 1736 3216 1862 3292; x_wconf 75' lang='lat' dir='ltr'>samad</span> <span class='ocrx_word' id='word_1_301' title='bbox 1875 3226 1959 3276; x_wconf 84' lang='lat' dir='ltr'>exen-</span> 
     </span>
     <span class='ocr_line' id='line_1_33' title="bbox 353 3308 1961 3398; baseline -0.01 -14"><span class='ocrx_word' id='word_1_302' title='bbox 353 3339 429 3384; x_wconf 91' lang='lat' dir='ltr'>nen.</span> <span class='ocrx_word' id='word_1_303' title='bbox 442 3321 574 3383; x_wconf 87' lang='lat' dir='ltr'>nomine</span> <span class='ocrx_word' id='word_1_304' title='bbox 585 3318 838 3398; x_wconf 87' lang='lat' dir='ltr'>procurationis,</span> <span class='ocrx_word' id='word_1_305' title='bbox 857 3319 893 3381; x_wconf 91' lang='lat' dir='ltr'>ut</span> <span class='ocrx_word' id='word_1_306' title='bbox 900 3319 1034 3398; x_wconf 81' lang='lat' dir='ltr'>justitia</span> <span class='ocrx_word' id='word_1_307' title='bbox 1054 3318 1153 3381; x_wconf 84' lang='lat' dir='ltr'>vobis</span> <span class='ocrx_word' id='word_1_308' title='bbox 1209 3321 1283 3398; x_wconf 82' lang='lat' dir='ltr'>plan</span> <span class='ocrx_word' id='word_1_309' title='bbox 1297 3319 1403 3382; x_wconf 78' lang='lat' dir='ltr'>felicis</span> <span class='ocrx_word' id='word_1_310' title='bbox 1419 3317 1661 3382; x_wconf 89' lang='lat' dir='ltr'>recordationis</span> <span class='ocrx_word' id='word_1_311' title='bbox 1676 3314 1860 3385; x_wconf 74' lang='lat' dir='ltr'>Alexandri,</span> <span class='ocrx_word' id='word_1_312' title='bbox 1873 3313 1900 3373; x_wconf 89' lang='lat' dir='ltr'>et</span> <span class='ocrx_word' id='word_1_313' title='bbox 1910 3308 1961 3369; x_wconf 74' lang='lat' dir='ltr'>lle</span> 
     </span>
     <span class='ocr_line' id='line_1_34' title="bbox 356 3403 1962 3496; baseline -0.011 -14"><span class='ocrx_word' id='word_1_314' title='bbox 356 3418 554 3482; x_wconf 88' lang='lat' dir='ltr'>exhibeatur</span> <span class='ocrx_word' id='word_1_315' title='bbox 568 3418 684 3480; x_wconf 86' lang='lat' dir='ltr'>contra</span> <span class='ocrx_word' id='word_1_316' title='bbox 702 3415 934 3478; x_wconf 84' lang='lat' dir='ltr'>malefactores</span> <span class='ocrx_word' id='word_1_317' title='bbox 944 3417 1072 3479; x_wconf 85' lang='lat' dir='ltr'>vestros</span> <span class='ocrx_word' id='word_1_318' title='bbox 1082 3418 1154 3496; x_wconf 89' lang='lat' dir='ltr'>plo-</span> <span class='ocrx_word' id='word_1_319' title='bbox 1209 3418 1329 3481; x_wconf 88' lang='lat' dir='ltr'>mentis</span> <span class='ocrx_word' id='word_1_320' title='bbox 1344 3417 1626 3494; x_wconf 90' lang='lat' dir='ltr'>praedecessorum</span> <span class='ocrx_word' id='word_1_321' title='bbox 1641 3418 1838 3483; x_wconf 87' lang='lat' dir='ltr'>nostrorum,</span> <span class='ocrx_word' id='word_1_322' title='bbox 1858 3403 1962 3472; x_wconf 87' lang='lat' dir='ltr'>Pontii·</span> 
     </span>
     <span class='ocr_line' id='line_1_35' title="bbox 355 3503 1961 3592; baseline -0.013 -12"><span class='ocrx_word' id='word_1_323' title='bbox 355 3517 431 3580; x_wconf 90' lang='lat' dir='ltr'>nius</span> <span class='ocrx_word' id='word_1_324' title='bbox 447 3513 480 3578; x_wconf 84' lang='lat' dir='ltr'>at</span> <span class='ocrx_word' id='word_1_325' title='bbox 491 3514 675 3592; x_wconf 88' lang='lat' dir='ltr'>promptius</span> <span class='ocrx_word' id='word_1_326' title='bbox 686 3513 727 3576; x_wconf 90' lang='lat' dir='ltr'>ab</span> <span class='ocrx_word' id='word_1_327' title='bbox 738 3511 862 3576; x_wconf 89' lang='lat' dir='ltr'>eisdem</span> <span class='ocrx_word' id='word_1_328' title='bbox 875 3514 1038 3587; x_wconf 81' lang='lat' dir='ltr'>exsolvat,</span> <span class='ocrx_word' id='word_1_329' title='bbox 1048 3514 1153 3576; x_wconf 93' lang='lat' dir='ltr'>donec</span> <span class='ocrx_word' id='word_1_330' title='bbox 1208 3532 1284 3578; x_wconf 90' lang='lat' dir='ltr'>curn</span> <span class='ocrx_word' id='word_1_331' title='bbox 1304 3517 1540 3587; x_wconf 86' lang='lat' dir='ltr'>Romanorum,</span> <span class='ocrx_word' id='word_1_332' title='bbox 1556 3512 1618 3574; x_wconf 89' lang='lat' dir='ltr'>sub</span> <span class='ocrx_word' id='word_1_333' title='bbox 1631 3512 1723 3576; x_wconf 85' lang='lat' dir='ltr'>beati</span> <span class='ocrx_word' id='word_1_334' title='bbox 1743 3509 1829 3573; x_wconf 83' lang='lat' dir='ltr'>Petri</span> <span class='ocrx_word' id='word_1_335' title='bbox 1842 3503 1961 3570; x_wconf 86' lang='lat' dir='ltr'>etnostra</span> 
     </span>
     <span class='ocr_line' id='line_1_36' title="bbox 354 3597 1963 3691; baseline -0.012 -14"><span class='ocrx_word' id='word_1_336' title='bbox 354 3614 483 3677; x_wconf 90' lang='lat' dir='ltr'>tanturn</span> <span class='ocrx_word' id='word_1_337' title='bbox 510 3612 659 3675; x_wconf 89' lang='lat' dir='ltr'>redditus</span> <span class='ocrx_word' id='word_1_338' title='bbox 687 3611 753 3688; x_wconf 89' lang='lat' dir='ltr'>ipsi</span> <span class='ocrx_word' id='word_1_339' title='bbox 781 3612 946 3688; x_wconf 91' lang='lat' dir='ltr'>episcopo,</span> <span class='ocrx_word' id='word_1_340' title='bbox 973 3612 1027 3674; x_wconf 86' lang='lat' dir='ltr'>vel</span> <span class='ocrx_word' id='word_1_341' title='bbox 1051 3612 1153 3674; x_wconf 90' lang='lat' dir='ltr'>alicui</span> <span class='ocrx_word' id='word_1_342' title='bbox 1209 3613 1413 3691; x_wconf 90' lang='lat' dir='ltr'>protectione</span> <span class='ocrx_word' id='word_1_343' title='bbox 1428 3611 1638 3688; x_wconf 85' lang='lat' dir='ltr'>suscipimus,</span> <span class='ocrx_word' id='word_1_344' title='bbox 1647 3610 1824 3686; x_wconf 89' lang='lat' dir='ltr'>etregnum</span> <span class='ocrx_word' id='word_1_345' title='bbox 1835 3597 1963 3674; x_wconf 86' lang='lat' dir='ltr'>Portugal·</span> 
     </span>
     <span class='ocr_line' id='line_1_37' title="bbox 357 3695 1962 3785; baseline -0.008 -12"><span class='ocrx_word' id='word_1_346' title='bbox 357 3725 586 3773; x_wconf 89' lang='lat' dir='ltr'>successorum</span> <span class='ocrx_word' id='word_1_347' title='bbox 615 3724 751 3770; x_wconf 84' lang='lat' dir='ltr'>suorum</span> <span class='ocrx_word' id='word_1_348' title='bbox 782 3708 923 3784; x_wconf 87' lang='lat' dir='ltr'>abipso</span> <span class='ocrx_word' id='word_1_349' title='bbox 950 3709 1153 3772; x_wconf 89' lang='lat' dir='ltr'>monasterio</span> <span class='ocrx_word' id='word_1_350' title='bbox 1208 3710 1262 3772; x_wconf 81' lang='lat' dir='ltr'>liae</span> <span class='ocrx_word' id='word_1_351' title='bbox 1277 3726 1352 3773; x_wconf 90' lang='lat' dir='ltr'>cum</span> <span class='ocrx_word' id='word_1_352' title='bbox 1364 3709 1554 3785; x_wconf 85' lang='lat' dir='ltr'>integritate</span> <span class='ocrx_word' id='word_1_353' title='bbox 1571 3707 1712 3770; x_wconf 90' lang='lat' dir='ltr'>honoris</span> <span class='ocrx_word' id='word_1_354' title='bbox 1738 3704 1829 3782; x_wconf 91' lang='lat' dir='ltr'>regni</span> <span class='ocrx_word' id='word_1_355' title='bbox 1843 3695 1962 3772; x_wconf 79' lang='lat' dir='ltr'>olligni-</span> 
     </span>
     <span class='ocr_line' id='line_1_38' title="bbox 356 3791 1962 3887; baseline -0.012 -17"><span class='ocrx_word' id='word_1_356' title='bbox 356 3809 458 3886; x_wconf 85' lang='lat' dir='ltr'>luerit</span> <span class='ocrx_word' id='word_1_357' title='bbox 469 3806 690 3881; x_wconf 67' lang='lat' dir='ltr'>assignatum</span> <span class='ocrx_word' id='word_1_358' title='bbox 701 3803 788 3866; x_wconf 92' lang='lat' dir='ltr'>unde</span> <span class='ocrx_word' id='word_1_359' title='bbox 800 3804 906 3868; x_wconf 86' lang='lat' dir='ltr'>dictas</span> <span class='ocrx_word' id='word_1_360' title='bbox 922 3821 1040 3868; x_wconf 83' lang='lat' dir='ltr'>novem</span> <span class='ocrx_word' id='word_1_361' title='bbox 1050 3805 1153 3868; x_wconf 89' lang='lat' dir='ltr'>libras</span> <span class='ocrx_word' id='word_1_362' title='bbox 1207 3808 1287 3881; x_wconf 84' lang='lat' dir='ltr'>tata,</span> <span class='ocrx_word' id='word_1_363' title='bbox 1301 3824 1376 3887; x_wconf 87' lang='lat' dir='ltr'>quae</span> <span class='ocrx_word' id='word_1_364' title='bbox 1388 3807 1534 3884; x_wconf 86' lang='lat' dir='ltr'>adroges</span> <span class='ocrx_word' id='word_1_365' title='bbox 1549 3805 1704 3884; x_wconf 88' lang='lat' dir='ltr'>pertinet,</span> <span class='ocrx_word' id='word_1_366' title='bbox 1717 3815 1839 3866; x_wconf 89' lang='lat' dir='ltr'>necnon</span> <span class='ocrx_word' id='word_1_367' title='bbox 1848 3799 1876 3860; x_wconf 93' lang='lat' dir='ltr'>et</span> <span class='ocrx_word' id='word_1_368' title='bbox 1884 3791 1962 3859; x_wconf 86' lang='lat' dir='ltr'>onnia</span> 
     </span>
     <span class='ocr_line' id='line_1_39' title="bbox 354 3887 1962 3984; baseline -0.007 -17"><span class='ocrx_word' id='word_1_369' title='bbox 354 3907 483 3980; x_wconf 88' lang='lat' dir='ltr'>integre</span> <span class='ocrx_word' id='word_1_370' title='bbox 498 3903 609 3965; x_wconf 82' lang='lat' dir='ltr'>valeat</span> <span class='ocrx_word' id='word_1_371' title='bbox 622 3901 794 3979; x_wconf 87' lang='lat' dir='ltr'>percipere</span> <span class='ocrx_word' id='word_1_372' title='bbox 808 3902 993 3976; x_wconf 89' lang='lat' dir='ltr'>annuatim,</span> <span class='ocrx_word' id='word_1_373' title='bbox 1004 3903 1058 3966; x_wconf 85' lang='lat' dir='ltr'>vel</span> <span class='ocrx_word' id='word_1_374' title='bbox 1069 3904 1154 3966; x_wconf 89' lang='lat' dir='ltr'>alios</span> <span class='ocrx_word' id='word_1_375' title='bbox 1208 3906 1292 3980; x_wconf 88' lang='lat' dir='ltr'>loca,</span> <span class='ocrx_word' id='word_1_376' title='bbox 1318 3921 1393 3984; x_wconf 86' lang='lat' dir='ltr'>quae</span> <span class='ocrx_word' id='word_1_377' title='bbox 1419 3921 1494 3966; x_wconf 90' lang='lat' dir='ltr'>cum</span> <span class='ocrx_word' id='word_1_378' title='bbox 1522 3903 1650 3966; x_wconf 83' lang='lat' dir='ltr'>auxilio</span> <span class='ocrx_word' id='word_1_379' title='bbox 1665 3900 1809 3966; x_wconf 88' lang='lat' dir='ltr'>coelestis</span> <span class='ocrx_word' id='word_1_380' title='bbox 1825 3894 1922 3974; x_wconf 68' lang='lat' dir='ltr'>matie</span> <span class='ocrx_word' id='word_1_381' title='bbox 1935 3887 1962 3946; x_wconf 71' lang='lat' dir='ltr'>dt</span> 
     </span>
     <span class='ocr_line' id='line_1_40' title="bbox 356 3986 1961 4077; baseline -0.007 -13"><span class='ocrx_word' id='word_1_382' title='bbox 356 4019 431 4064; x_wconf 93' lang='lat' dir='ltr'>cum</span> <span class='ocrx_word' id='word_1_383' title='bbox 444 4016 610 4062; x_wconf 90' lang='lat' dir='ltr'>consensu</span> <span class='ocrx_word' id='word_1_384' title='bbox 633 3997 771 4076; x_wconf 89' lang='lat' dir='ltr'>capituli</span> <span class='ocrx_word' id='word_1_385' title='bbox 794 3997 978 4074; x_wconf 77' lang='lat' dir='ltr'>lingonen.</span> <span class='ocrx_word' id='word_1_386' title='bbox 1005 3999 1154 4077; x_wconf 88' lang='lat' dir='ltr'>plenarie</span> <span class='ocrx_word' id='word_1_387' title='bbox 1210 4005 1451 4065; x_wconf 85' lang='lat' dir='ltr'>Saracenorum</span> <span class='ocrx_word' id='word_1_388' title='bbox 1466 3999 1619 4062; x_wconf 90' lang='lat' dir='ltr'>manibus</span> <span class='ocrx_word' id='word_1_389' title='bbox 1640 3997 1813 4076; x_wconf 87' lang='lat' dir='ltr'>eripueris,</span> <span class='ocrx_word' id='word_1_390' title='bbox 1829 3986 1961 4068; x_wconf 78' lang='lat' dir='ltr'>inquibus</span> 
     </span>
     <span class='ocr_line' id='line_1_41' title="bbox 355 4083 1964 4178; baseline -0.001 -17"><span class='ocrx_word' id='word_1_391' title='bbox 355 4097 571 4170; x_wconf 82' lang='lat' dir='ltr'>satisfactum,</span> <span class='ocrx_word' id='word_1_392' title='bbox 597 4111 759 4175; x_wconf 81' lang='lat' dir='ltr'>expresso</span> <span class='ocrx_word' id='word_1_393' title='bbox 788 4096 824 4158; x_wconf 89' lang='lat' dir='ltr'>ut</span> <span class='ocrx_word' id='word_1_394' title='bbox 847 4096 876 4157; x_wconf 94' lang='lat' dir='ltr'>si</span> <span class='ocrx_word' id='word_1_395' title='bbox 904 4096 993 4158; x_wconf 88' lang='lat' dir='ltr'>dicta</span> <span class='ocrx_word' id='word_1_396' title='bbox 1021 4099 1154 4160; x_wconf 90' lang='lat' dir='ltr'>moneta</span> <span class='ocrx_word' id='word_1_397' title='bbox 1204 4104 1261 4178; x_wconf 88' lang='lat' dir='ltr'>jus</span> <span class='ocrx_word' id='word_1_398' title='bbox 1287 4099 1352 4161; x_wconf 91' lang='lat' dir='ltr'>sibi</span> <span class='ocrx_word' id='word_1_399' title='bbox 1380 4115 1446 4160; x_wconf 91' lang='lat' dir='ltr'>non</span> <span class='ocrx_word' id='word_1_400' title='bbox 1472 4098 1611 4176; x_wconf 88' lang='lat' dir='ltr'>possunt</span> <span class='ocrx_word' id='word_1_401' title='bbox 1638 4094 1812 4160; x_wconf 89' lang='lat' dir='ltr'>christiani</span> <span class='ocrx_word' id='word_1_402' title='bbox 1837 4083 1964 4168; x_wconf 68' lang='lat' dir='ltr'>princiies</span> 
     </span>
     <span class='ocr_line' id='line_1_42' title="bbox 355 4181 1964 4274; baseline -0.008 -15"><span class='ocrx_word' id='word_1_403' title='bbox 355 4197 443 4261; x_wconf 87' lang='lat' dir='ltr'>lacta</span> <span class='ocrx_word' id='word_1_404' title='bbox 458 4196 557 4261; x_wconf 89' lang='lat' dir='ltr'>vilior</span> <span class='ocrx_word' id='word_1_405' title='bbox 579 4210 638 4257; x_wconf 91' lang='lat' dir='ltr'>seu</span> <span class='ocrx_word' id='word_1_406' title='bbox 653 4192 764 4257; x_wconf 82' lang='lat' dir='ltr'>carior</span> <span class='ocrx_word' id='word_1_407' title='bbox 787 4209 922 4256; x_wconf 88' lang='lat' dir='ltr'>cursum</span> <span class='ocrx_word' id='word_1_408' title='bbox 950 4194 1155 4274; x_wconf 88' lang='lat' dir='ltr'>relinqueret</span> <span class='ocrx_word' id='word_1_409' title='bbox 1208 4196 1437 4274; x_wconf 90' lang='lat' dir='ltr'>circumpositi</span> <span class='ocrx_word' id='word_1_410' title='bbox 1467 4195 1662 4268; x_wconf 81' lang='lat' dir='ltr'>vendicare,</span> <span class='ocrx_word' id='word_1_411' title='bbox 1697 4186 1894 4256; x_wconf 82' lang='lat' dir='ltr'>Excellentiae</span> <span class='ocrx_word' id='word_1_412' title='bbox 1920 4181 1964 4241; x_wconf 64' lang='lat' dir='ltr'>tlt</span> 
     </span>
     <span class='ocr_line' id='line_1_43' title="bbox 338 4283 1964 4372; baseline -0.009 -13"><span class='ocrx_word' id='word_1_413' title='bbox 338 4297 562 4372; x_wconf 80' lang='lat' dir='ltr'>consuetum,</span> <span class='ocrx_word' id='word_1_414' title='bbox 588 4293 630 4356; x_wconf 87' lang='lat' dir='ltr'>ad</span> <span class='ocrx_word' id='word_1_415' title='bbox 658 4293 809 4357; x_wconf 89' lang='lat' dir='ltr'>valorem</span> <span class='ocrx_word' id='word_1_416' title='bbox 835 4291 870 4353; x_wconf 92' lang='lat' dir='ltr'>in</span> <span class='ocrx_word' id='word_1_417' title='bbox 897 4309 962 4370; x_wconf 84' lang='lat' dir='ltr'>qua</span> <span class='ocrx_word' id='word_1_418' title='bbox 990 4294 1062 4355; x_wconf 87' lang='lat' dir='ltr'>erat</span> <span class='ocrx_word' id='word_1_419' title='bbox 1081 4293 1154 4372; x_wconf 88' lang='lat' dir='ltr'>ipsa</span> <span class='ocrx_word' id='word_1_420' title='bbox 1209 4293 1431 4366; x_wconf 90' lang='lat' dir='ltr'>concedimus,</span> <span class='ocrx_word' id='word_1_421' title='bbox 1448 4294 1482 4354; x_wconf 89' lang='lat' dir='ltr'>et</span> <span class='ocrx_word' id='word_1_422' title='bbox 1503 4292 1701 4354; x_wconf 89' lang='lat' dir='ltr'>auctoritate</span> <span class='ocrx_word' id='word_1_423' title='bbox 1720 4283 1895 4370; x_wconf 80' lang='lat' dir='ltr'>Apostolica</span> <span class='ocrx_word' id='word_1_424' title='bbox 1908 4289 1964 4337; x_wconf 73' lang='lat'><strong>0011·</strong></span> 
     </span>
     <span class='ocr_line' id='line_1_44' title="bbox 356 4368 1964 4474; baseline -0.009 -20"><span class='ocrx_word' id='word_1_425' title='bbox 356 4393 489 4455; x_wconf 89' lang='lat' dir='ltr'>moneta</span> <span class='ocrx_word' id='word_1_426' title='bbox 511 4393 659 4468; x_wconf 90' lang='lat' dir='ltr'>tempore</span> <span class='ocrx_word' id='word_1_427' title='bbox 683 4388 933 4466; x_wconf 91' lang='lat' dir='ltr'>compositionis</span> <span class='ocrx_word' id='word_1_428' title='bbox 964 4389 1154 4468; x_wconf 87' lang='lat' dir='ltr'>hujusmodi</span> <span class='ocrx_word' id='word_1_429' title='bbox 1210 4392 1390 4454; x_wconf 83' lang='lat' dir='ltr'>firmamus.</span> <span class='ocrx_word' id='word_1_430' title='bbox 1407 4390 1449 4452; x_wconf 91' lang='lat' dir='ltr'>Ut</span> <span class='ocrx_word' id='word_1_431' title='bbox 1463 4391 1574 4452; x_wconf 90' lang='lat' dir='ltr'>autem</span> <span class='ocrx_word' id='word_1_432' title='bbox 1589 4389 1631 4451; x_wconf 91' lang='lat' dir='ltr'>ad</span> <span class='ocrx_word' id='word_1_433' title='bbox 1646 4387 1858 4452; x_wconf 85' lang='lat' dir='ltr'>devotionem,</span> <span class='ocrx_word' id='word_1_434' title='bbox 1877 4376 1903 4439; x_wconf 87' lang='lat' dir='ltr'>ei</span> <span class='ocrx_word' id='word_1_435' title='bbox 1922 4368 1964 4474; x_wconf 50' lang='lat' dir='ltr'>oli</span> 
     </span>
     <span class='ocr_line' id='line_1_45' title="bbox 356 4467 1964 4568; baseline -0.007 -16"><span class='ocrx_word' id='word_1_436' title='bbox 356 4491 469 4552; x_wconf 84' lang='lat' dir='ltr'>decern</span> <span class='ocrx_word' id='word_1_437' title='bbox 496 4489 529 4552; x_wconf 89' lang='lat' dir='ltr'>et</span> <span class='ocrx_word' id='word_1_438' title='bbox 561 4488 634 4549; x_wconf 89' lang='lat' dir='ltr'>octo</span> <span class='ocrx_word' id='word_1_439' title='bbox 661 4485 808 4549; x_wconf 88' lang='lat' dir='ltr'>denariis</span> <span class='ocrx_word' id='word_1_440' title='bbox 828 4486 973 4564; x_wconf 88' lang='lat' dir='ltr'>ejusdem</span> <span class='ocrx_word' id='word_1_441' title='bbox 1001 4489 1152 4561; x_wconf 89' lang='lat' dir='ltr'>monetae,</span> <span class='ocrx_word' id='word_1_442' title='bbox 1210 4489 1361 4568; x_wconf 87' lang='lat' dir='ltr'>sequium</span> <span class='ocrx_word' id='word_1_443' title='bbox 1380 4486 1470 4550; x_wconf 91' lang='lat' dir='ltr'>beati</span> <span class='ocrx_word' id='word_1_444' title='bbox 1485 4486 1577 4549; x_wconf 89' lang='lat' dir='ltr'>Petri</span> <span class='ocrx_word' id='word_1_445' title='bbox 1599 4485 1822 4563; x_wconf 85' lang='lat' dir='ltr'>apostolorum</span> <span class='ocrx_word' id='word_1_446' title='bbox 1845 4467 1964 4554; x_wconf 76' lang='lat' dir='ltr'>principis</span> 
     </span>
     <span class='ocr_line' id='line_1_46' title="bbox 356 4572 1964 4668; baseline -0.012 -20"><span class='ocrx_word' id='word_1_447' title='bbox 356 4584 515 4648; x_wconf 81' lang='lat' dir='ltr'>videlicet</span> <span class='ocrx_word' id='word_1_448' title='bbox 533 4599 592 4661; x_wconf 90' lang='lat' dir='ltr'>pro</span> <span class='ocrx_word' id='word_1_449' title='bbox 619 4581 792 4643; x_wconf 90' lang='lat' dir='ltr'>duodecim</span> <span class='ocrx_word' id='word_1_450' title='bbox 807 4581 1000 4643; x_wconf 86' lang='lat' dir='ltr'>Pruvinien.</span> <span class='ocrx_word' id='word_1_451' title='bbox 1015 4585 1152 4646; x_wconf 87' lang='lat' dir='ltr'>Trecen.</span> <span class='ocrx_word' id='word_1_452' title='bbox 1210 4587 1242 4650; x_wconf 87' lang='lat' dir='ltr'>et</span> <span class='ocrx_word' id='word_1_453' title='bbox 1256 4585 1477 4649; x_wconf 79' lang='lat' dir='ltr'>sacrosancta</span> <span class='ocrx_word' id='word_1_454' title='bbox 1493 4586 1651 4646; x_wconf 89' lang='lat' dir='ltr'>Romanae</span> <span class='ocrx_word' id='word_1_455' title='bbox 1662 4579 1816 4644; x_wconf 84' lang='lat' dir='ltr'>Ecclesiae</span> <span class='ocrx_word' id='word_1_456' title='bbox 1826 4572 1964 4668; x_wconf 71' lang='lat' dir='ltr'>vehemen-</span> 
     </span>
     <span class='ocr_line' id='line_1_47' title="bbox 358 4659 1962 4759; baseline -0.011 -13"><span class='ocrx_word' id='word_1_457' title='bbox 358 4681 569 4759; x_wconf 89' lang='lat' dir='ltr'>computatis,</span> <span class='ocrx_word' id='word_1_458' title='bbox 583 4679 642 4740; x_wconf 90' lang='lat' dir='ltr'>liat</span> <span class='ocrx_word' id='word_1_459' title='bbox 654 4679 776 4740; x_wconf 88' lang='lat' dir='ltr'>solutio</span> <span class='ocrx_word' id='word_1_460' title='bbox 790 4679 940 4755; x_wconf 88' lang='lat' dir='ltr'>pecuniae</span> <span class='ocrx_word' id='word_1_461' title='bbox 952 4682 1153 4743; x_wconf 85' lang='lat' dir='ltr'>memoratae.</span> <span class='ocrx_word' id='word_1_462' title='bbox 1209 4685 1276 4746; x_wconf 90' lang='lat' dir='ltr'>tius</span> <span class='ocrx_word' id='word_1_463' title='bbox 1295 4682 1501 4754; x_wconf 89' lang='lat' dir='ltr'>accendaris,</span> <span class='ocrx_word' id='word_1_464' title='bbox 1518 4681 1591 4744; x_wconf 75' lang='lat' dir='ltr'>baec</span> <span class='ocrx_word' id='word_1_465' title='bbox 1605 4680 1679 4758; x_wconf 90' lang='lat' dir='ltr'>ipsa</span> <span class='ocrx_word' id='word_1_466' title='bbox 1693 4675 1835 4758; x_wconf 79' lang='lat' dir='ltr'>praelatis</span> <span class='ocrx_word' id='word_1_467' title='bbox 1855 4659 1962 4732; x_wconf 74' lang='lat' dir='ltr'>barcil-</span> 
     </span>
     <span class='ocr_line' id='line_1_48' title="bbox 358 4765 1965 4856; baseline -0.012 -13"><span class='ocrx_word' id='word_1_468' title='bbox 358 4781 428 4843; x_wconf 92' lang='lat' dir='ltr'>Nos</span> <span class='ocrx_word' id='word_1_469' title='bbox 439 4778 560 4842; x_wconf 89' lang='lat' dir='ltr'>vestris</span> <span class='ocrx_word' id='word_1_470' title='bbox 578 4775 731 4853; x_wconf 90' lang='lat' dir='ltr'>precibus</span> <span class='ocrx_word' id='word_1_471' title='bbox 759 4775 911 4838; x_wconf 87' lang='lat' dir='ltr'>inclinati</span> <span class='ocrx_word' id='word_1_472' title='bbox 922 4777 963 4837; x_wconf 90' lang='lat' dir='ltr'>ad</span> <span class='ocrx_word' id='word_1_473' title='bbox 985 4779 1157 4856; x_wconf 85' lang='lat' dir='ltr'>exemplar</span> <span class='ocrx_word' id='word_1_474' title='bbox 1210 4781 1271 4844; x_wconf 86' lang='lat' dir='ltr'>bus</span> <span class='ocrx_word' id='word_1_475' title='bbox 1282 4781 1348 4843; x_wconf 90' lang='lat' dir='ltr'>tuis</span> <span class='ocrx_word' id='word_1_476' title='bbox 1363 4779 1519 4842; x_wconf 83' lang='lat' dir='ltr'>duximus</span> <span class='ocrx_word' id='word_1_477' title='bbox 1532 4777 1754 4848; x_wconf 89' lang='lat' dir='ltr'>concedenda,</span> <span class='ocrx_word' id='word_1_478' title='bbox 1770 4781 1881 4847; x_wconf 88' lang='lat' dir='ltr'>eosque</span> <span class='ocrx_word' id='word_1_479' title='bbox 1895 4765 1965 4833; x_wconf 74' lang='lat' dir='ltr'>super</span> 
     </span>
     <span class='ocr_line' id='line_1_49' title="bbox 359 4863 1965 4958; baseline -0.007 -17"><span class='ocrx_word' id='word_1_480' title='bbox 359 4878 508 4958; x_wconf 76' lang='lat' dir='ltr'>eiusdem</span> <span class='ocrx_word' id='word_1_481' title='bbox 533 4873 788 4953; x_wconf 87' lang='lat' dir='ltr'>praedecessoris</span> <span class='ocrx_word' id='word_1_482' title='bbox 809 4873 916 4936; x_wconf 89' lang='lat' dir='ltr'>nostri</span> <span class='ocrx_word' id='word_1_483' title='bbox 939 4875 1155 4953; x_wconf 91' lang='lat' dir='ltr'>compositio·</span> <span class='ocrx_word' id='word_1_484' title='bbox 1211 4879 1264 4951; x_wconf 91' lang='lat' dir='ltr'>iis,</span> <span class='ocrx_word' id='word_1_485' title='bbox 1291 4893 1364 4956; x_wconf 83' lang='lat' dir='ltr'>quae</span> <span class='ocrx_word' id='word_1_486' title='bbox 1390 4893 1549 4942; x_wconf 89' lang='lat' dir='ltr'>concessa</span> <span class='ocrx_word' id='word_1_487' title='bbox 1563 4876 1658 4946; x_wconf 74' lang='lat' dir='ltr'>sunt,</span> <span class='ocrx_word' id='word_1_488' title='bbox 1684 4875 1752 4935; x_wconf 86' lang='lat' dir='ltr'>Deo</span> <span class='ocrx_word' id='word_1_489' title='bbox 1773 4863 1965 4948; x_wconf 77' lang='lat' dir='ltr'>propitiam</span> 
     </span>
     <span class='ocr_line' id='line_1_50' title="bbox 359 4949 1966 5060; baseline -0.016 -20"><span class='ocrx_word' id='word_1_490' title='bbox 359 4993 435 5040; x_wconf 89' lang='lat' dir='ltr'>uem</span> <span class='ocrx_word' id='word_1_491' title='bbox 447 4975 598 5039; x_wconf 89' lang='lat' dir='ltr'>eamdem</span> <span class='ocrx_word' id='word_1_492' title='bbox 613 4971 811 5035; x_wconf 86' lang='lat' dir='ltr'>auctoritate</span> <span class='ocrx_word' id='word_1_493' title='bbox 823 4972 1012 5049; x_wconf 76' lang='lat' dir='ltr'>apostolica</span> <span class='ocrx_word' id='word_1_494' title='bbox 1029 4975 1155 5037; x_wconf 87' lang='lat' dir='ltr'>contir-</span> <span class='ocrx_word' id='word_1_495' title='bbox 1211 4975 1359 5054; x_wconf 84' lang='lat' dir='ltr'>injuncto</span> <span class='ocrx_word' id='word_1_496' title='bbox 1379 4974 1475 5036; x_wconf 92' lang='lat' dir='ltr'>nobis</span> <span class='ocrx_word' id='word_1_497' title='bbox 1490 4971 1702 5050; x_wconf 76' lang='lat' dir='ltr'>apostolatus</span> <span class='ocrx_word' id='word_1_498' title='bbox 1723 4966 1828 5031; x_wconf 82' lang='lat' dir='ltr'>elicio</span> <span class='ocrx_word' id='word_1_499' title='bbox 1847 4949 1966 5060; x_wconf 70' lang='lat' dir='ltr'>delendi·</span> 
     </span>
     <span class='ocr_line' id='line_1_51' title="bbox 358 5056 1963 5149; baseline -0.022 -4"><span class='ocrx_word' id='word_1_500' title='bbox 358 5091 488 5138; x_wconf 75' lang='lat' dir='ltr'>mamus</span> <span class='ocrx_word' id='word_1_501' title='bbox 501 5075 533 5134; x_wconf 79' lang='lat' dir='ltr'>et</span> <span class='ocrx_word' id='word_1_502' title='bbox 546 5071 720 5149; x_wconf 71' lang='lat' dir='ltr'>praeseniis</span> <span class='ocrx_word' id='word_1_503' title='bbox 733 5070 849 5148; x_wconf 81' lang='lat' dir='ltr'>scripti</span> <span class='ocrx_word' id='word_1_504' title='bbox 864 5070 1048 5147; x_wconf 83' lang='lat' dir='ltr'>patrocinio</span> <span class='ocrx_word' id='word_1_505' title='bbox 1066 5088 1158 5134; x_wconf 87' lang='lat' dir='ltr'>com·</span> <span class='ocrx_word' id='word_1_506' title='bbox 1212 5089 1295 5135; x_wconf 89' lang='lat' dir='ltr'>mus.</span> <span class='ocrx_word' id='word_1_507' title='bbox 1324 5074 1394 5133; x_wconf 88' lang='lat' dir='ltr'>Tua</span> <span class='ocrx_word' id='word_1_508' title='bbox 1419 5073 1530 5148; x_wconf 85' lang='lat' dir='ltr'>itaque</span> <span class='ocrx_word' id='word_1_509' title='bbox 1545 5069 1708 5140; x_wconf 89' lang='lat' dir='ltr'>intererit,</span> <span class='ocrx_word' id='word_1_510' title='bbox 1734 5065 1781 5128; x_wconf 86' lang='lat' dir='ltr'>iili</span> <span class='ocrx_word' id='word_1_511' title='bbox 1795 5056 1963 5124; x_wconf 78' lang='lat' dir='ltr'>charissime.</span> 
     </span>
     <span class='ocr_line' id='line_1_52' title="bbox 359 5145 1963 5244; baseline -0.018 -9"><span class='ocrx_word' id='word_1_512' title='bbox 359 5172 538 5235; x_wconf 89' lang='lat' dir='ltr'>munimus.</span> <span class='ocrx_word' id='word_1_513' title='bbox 551 5169 643 5231; x_wconf 90' lang='lat' dir='ltr'>Nulli</span> <span class='ocrx_word' id='word_1_514' title='bbox 654 5182 745 5244; x_wconf 88' lang='lat' dir='ltr'>ergo,</span> <span class='ocrx_word' id='word_1_515' title='bbox 757 5169 833 5241; x_wconf 82' lang='lat' dir='ltr'>etc,</span> <span class='ocrx_word' id='word_1_516' title='bbox 847 5169 969 5230; x_wconf 87' lang='lat' dir='ltr'>nostrae</span> <span class='ocrx_word' id='word_1_517' title='bbox 979 5169 1158 5242; x_wconf 85' lang='lat' dir='ltr'>confirma·</span> <span class='ocrx_word' id='word_1_518' title='bbox 1211 5171 1259 5233; x_wconf 90' lang='lat' dir='ltr'>ita</span> <span class='ocrx_word' id='word_1_519' title='bbox 1269 5171 1359 5232; x_wconf 92' lang='lat' dir='ltr'>circa</span> <span class='ocrx_word' id='word_1_520' title='bbox 1373 5169 1545 5239; x_wconf 86' lang='lat' dir='ltr'>honorem,</span> <span class='ocrx_word' id='word_1_521' title='bbox 1555 5167 1588 5229; x_wconf 90' lang='lat' dir='ltr'>et</span> <span class='ocrx_word' id='word_1_522' title='bbox 1599 5164 1791 5243; x_wconf 78' lang='lat' dir='ltr'>obsequium</span> <span class='ocrx_word' id='word_1_523' title='bbox 1806 5152 1906 5222; x_wconf 87' lang='lat' dir='ltr'>matris</span> <span class='ocrx_word' id='word_1_524' title='bbox 1918 5145 1963 5206; x_wconf 81' lang='lat' dir='ltr'>tue</span> 
     </span>
     <span class='ocr_line' id='line_1_53' title="bbox 358 5237 1967 5350; baseline -0.012 -20"><span class='ocrx_word' id='word_1_525' title='bbox 358 5269 473 5341; x_wconf 88' lang='lat' dir='ltr'>tionis,</span> <span class='ocrx_word' id='word_1_526' title='bbox 487 5269 550 5330; x_wconf 87' lang='lat' dir='ltr'>etc.</span> <span class='ocrx_word' id='word_1_527' title='bbox 566 5266 602 5327; x_wconf 87' lang='lat' dir='ltr'>Si</span> <span class='ocrx_word' id='word_1_528' title='bbox 617 5265 691 5344; x_wconf 86' lang='lat' dir='ltr'>quis</span> <span class='ocrx_word' id='word_1_529' title='bbox 705 5266 827 5337; x_wconf 87' lang='lat' dir='ltr'>autem,</span> <span class='ocrx_word' id='word_1_530' title='bbox 843 5265 906 5326; x_wconf 89' lang='lat' dir='ltr'>etc.</span> <span class='ocrx_word' id='word_1_531' title='bbox 923 5267 1041 5328; x_wconf 84' lang='lat' dir='ltr'>Datum</span> <span class='ocrx_word' id='word_1_532' title='bbox 1059 5268 1159 5329; x_wconf 85' lang='lat' dir='ltr'>Late-</span> <span class='ocrx_word' id='word_1_533' title='bbox 1212 5265 1434 5330; x_wconf 84' lang='lat' dir='ltr'>sacrosanctae</span> <span class='ocrx_word' id='word_1_534' title='bbox 1447 5267 1606 5328; x_wconf 83' lang='lat' dir='ltr'>Romanae</span> <span class='ocrx_word' id='word_1_535' title='bbox 1621 5261 1777 5324; x_wconf 82' lang='lat' dir='ltr'>Ecclesiae</span> <span class='ocrx_word' id='word_1_536' title='bbox 1789 5237 1967 5350; x_wconf 65' lang='lat' dir='ltr'>anniani</span> 
     </span>
     <span class='ocr_line' id='line_1_54' title="bbox 359 5345 1966 5442; baseline -0.009 -16"><span class='ocrx_word' id='word_1_537' title='bbox 359 5367 435 5426; x_wconf 88' lang='lat' dir='ltr'>naui</span> <span class='ocrx_word' id='word_1_538' title='bbox 449 5361 703 5442; x_wconf 88' lang='lat' dir='ltr'>nonisjanuarii</span> <span class='ocrx_word' id='word_1_539' title='bbox 716 5360 926 5442; x_wconf 85' lang='lat' dir='ltr'>pontificatus</span> <span class='ocrx_word' id='word_1_540' title='bbox 946 5364 1051 5426; x_wconf 90' lang='lat' dir='ltr'>nostri</span> <span class='ocrx_word' id='word_1_541' title='bbox 1070 5378 1157 5425; x_wconf 88' lang='lat' dir='ltr'>anno</span> <span class='ocrx_word' id='word_1_542' title='bbox 1213 5365 1366 5428; x_wconf 86' lang='lat' dir='ltr'>devotum</span> <span class='ocrx_word' id='word_1_543' title='bbox 1387 5363 1542 5435; x_wconf 85' lang='lat' dir='ltr'>existere,</span> <span class='ocrx_word' id='word_1_544' title='bbox 1568 5362 1601 5424; x_wconf 90' lang='lat' dir='ltr'>et</span> <span class='ocrx_word' id='word_1_545' title='bbox 1624 5360 1672 5422; x_wconf 91' lang='lat' dir='ltr'>sic</span> <span class='ocrx_word' id='word_1_546' title='bbox 1697 5359 1730 5420; x_wconf 93' lang='lat' dir='ltr'>te</span> <span class='ocrx_word' id='word_1_547' title='bbox 1752 5357 1854 5433; x_wconf 88' lang='lat' dir='ltr'>ipsum</span> <span class='ocrx_word' id='word_1_548' title='bbox 1872 5346 1902 5408; x_wconf 88' lang='lat' dir='ltr'>in</span> <span class='ocrx_word' id='word_1_549' title='bbox 1917 5345 1966 5412; x_wconf 64' lang='lat' dir='ltr'>ejus</span> 
     </span>
     <span class='ocr_line' id='line_1_55' title="bbox 362 5438 1967 5544; baseline -0.022 -13"><span class='ocrx_word' id='word_1_550' title='bbox 362 5461 519 5544; x_wconf 73' lang='lat' dir='ltr'>secundo·</span> <span class='ocrx_word' id='word_1_551' title='bbox 1213 5461 1524 5539; x_wconf 84' lang='lat' dir='ltr'>opportunitatibus,</span> <span class='ocrx_word' id='word_1_552' title='bbox 1555 5460 1588 5520; x_wconf 88' lang='lat' dir='ltr'>et</span> <span class='ocrx_word' id='word_1_553' title='bbox 1613 5453 1790 5519; x_wconf 90' lang='lat' dir='ltr'>dilatandis</span> <span class='ocrx_word' id='word_1_554' title='bbox 1813 5438 1967 5510; x_wconf 80' lang='lat' dir='ltr'>caristiam</span> 
     </span>
     <span class='ocr_line' id='line_1_56' title="bbox 1215 5522 1966 5628; baseline -0.039 -9"><span class='ocrx_word' id='word_1_555' title='bbox 1215 5559 1292 5620; x_wconf 87' lang='lat' dir='ltr'>ildei</span> <span class='ocrx_word' id='word_1_556' title='bbox 1319 5558 1439 5622; x_wconf 86' lang='lat' dir='ltr'>linibus</span> <span class='ocrx_word' id='word_1_557' title='bbox 1469 5571 1636 5628; x_wconf 81' lang='lat' dir='ltr'>exercere,</span> <span class='ocrx_word' id='word_1_558' title='bbox 1654 5555 1690 5615; x_wconf 91' lang='lat' dir='ltr'>ut</span> <span class='ocrx_word' id='word_1_559' title='bbox 1705 5553 1744 5614; x_wconf 89' lang='lat' dir='ltr'>de</span> <span class='ocrx_word' id='word_1_560' title='bbox 1757 5553 1821 5612; x_wconf 86' lang='lat' dir='ltr'>tam</span> <span class='ocrx_word' id='word_1_561' title='bbox 1841 5535 1935 5602; x_wconf 79' lang='lat' dir='ltr'>devoto</span> <span class='ocrx_word' id='word_1_562' title='bbox 1946 5522 1966 5582; x_wconf 70' lang='lat' dir='ltr'>tt</span> 
     </span>
    </p>
   </div>
   <div class='ocr_carea' id='block_1_7' title="bbox 0 0 2096 6420">
    <p class='ocr_par' dir='ltr' id='par_1_9' title="bbox 0 0 2096 6420">
     <span class='ocr_line' id='line_1_57' title="bbox 0 0 2096 6420; baseline 0 0"><span class='ocrx_word' id='word_1_563' title='bbox 0 0 2096 6420; x_wconf 95' lang='lat' dir='ltr'> </span> 
     </span>
    </p>
   </div>
  </div>
 </body>
</html>
