4234 6408
312 269 317 282 '
344 269 403 330 lat
964 265 1140 327 HONORII
1162 267 1207 328 111
1229 267 1377 328 OPERA.
1938 269 1990 332 ive

343 443 362 488 «
378 442 515 490 uxorem
529 427 653 489 domini
667 427 737 488 itio.
756 425 846 502 regis
857 424 970 488 fratris
983 425 1088 487 nostri
1100 425 1140 486 de

343 523 453 587 «dote
473 539 543 597 sua,
574 539 673 602 quam
697 523 847 602 petebat,
875 525 909 586 et
934 524 974 584 de
999 524 1140 601 quadam

343 623 614 699 «compositione
634 637 707 699 quae
729 620 895 699 quondam
917 621 1005 682 inter
1027 635 1087 682 nos
1108 621 1141 681 et

343 719 482 797 «ipsam
497 718 585 780 iacta
609 719 718 780 luerat
740 733 841 796 super
862 718 977 780 eadem
997 719 1082 789 dote,
1100 717 1140 776 de

343 833 362 876 «
377 817 539 895 quamille
551 816 728 878 marcasde
738 814 1140 894 nobisreciperedebebat

345 931 364 974 «
383 915 567 987 annuatim,
586 914 741 976 videlicet
753 915 839 992 quod
858 931 919 976 nos
936 914 1139 992 adpraesens

344 1013 495 1073 «damus
514 1012 546 1073 ei
560 1012 625 1073 duo
639 1012 745 1072 millia
761 1026 950 1073 marcarum
961 1028 1020 1088 pro
1036 1012 1140 1073 omni·

347 1109 441 1170 «bus
451 1109 644 1186 arreragiis,
659 1111 692 1172 et
705 1125 765 1186 pro
784 1109 948 1170 solutione
963 1111 1139 1188 praesentis

344 1207 468 1280 «anni,
491 1206 582 1269 etde
604 1207 715 1268 cetero
733 1207 884 1268 dabimus
909 1208 940 1270 ei
967 1208 1139 1269 annuatim

341 1303 466 1365 «mille
479 1304 583 1366 libras
597 1303 759 1367 bonorum
779 1307 812 1366 et
831 1305 989 1380 legalium
1004 1305 1140 1367 sterlin-

341 1417 503 1478 «gerum,
520 1402 647 1464 scilicet
662 1403 860 1480 quingentas
881 1402 984 1463 libras
1005 1403 1139 1464 infesto

342 1515 361 1560 «t
377 1500 530 1561 Omnium
546 1501 753 1572 Sanctorum,
770 1503 802 1561 et
817 1501 1013 1577 quingentas
1035 1500 1139 1562 libras

343 1597 412 1658 «in
431 1595 516 1659 testo
536 1598 761 1659 ascensionis.
785 1599 880 1659 Hanc
902 1599 1013 1660 autem
1034 1615 1139 1674 pecu-

344 1696 469 1757 «uiam
494 1695 661 1757 solvemus
683 1696 714 1756 ei
736 1695 769 1756 in
797 1695 893 1757 domo
922 1696 1000 1757 novi
1025 1697 1140 1774 templi

345 1809 363 1853 «
379 1792 871 1870 apudLondou.Licebitautem
882 1793 1139 1855 eidemdominae

344 1907 363 1950 «
377 1891 503 1966 reginae
516 1895 666 1968 repetere
690 1890 876 1952 dotalitium
890 1907 985 1951 suurn
998 1891 1039 1952 ab
1050 1893 1140 1953 omni

345 1987 548 2048 «detentore
570 1990 665 2049 extra
686 2004 827 2063 regnum
849 1988 979 2065 angliae
1001 1991 1141 2066 praeter-

346 2103 365 2146 «
380 2101 478 2162 quam
494 2085 632 2158 anobis,
644 2087 727 2147 vela
741 2087 990 2147 successoribus
1003 2087 1137 2159 nostris,

346 2185 487 2245 «einos
507 2182 547 2245 de
569 2184 631 2244 hoc
656 2200 722 2244 uon
746 2185 871 2244 erimus
893 2184 1008 2246 contra
1032 2185 1140 2262 ipsam

345 2279 445 2340 «nisi
469 2296 530 2342 noe
550 2281 724 2342 teneamur
743 2281 783 2341 de
800 2284 879 2358 jure
901 2281 983 2341 illud
1006 2297 1142 2343 waran-

344 2378 491 2439 «tizare.
519 2379 559 2439 ut
583 2394 691 2456 neque
718 2395 780 2440 nos
802 2395 908 2456 neque
931 2395 1140 2441 successores

343 2475 482 2537 «nostri
506 2477 686 2551 poterimus
706 2492 824 2553 capere
848 2477 883 2536 in
905 2493 1039 2540 manum
1062 2495 1141 2540 uos-

343 2575 462 2634 «tram
478 2589 532 2634 res
554 2573 629 2634 illas
650 2590 750 2651 super
765 2574 884 2651 quibus
904 2575 978 2652 ipsa
1002 2591 1037 2636 m
1060 2591 1141 2636 cau-

344 2687 448 2732 «sam
476 2671 618 2734 traxerit
642 2671 856 2734 detentorem.
882 2673 1009 2734 Poterit
1029 2676 1140 2735 autem

345 2784 364 2827 «
379 2767 454 2844 ipsa
466 2769 582 2844 regina
597 2769 696 2830 finem
710 2769 819 2830 lacere
832 2770 873 2831 ad
884 2786 978 2830 suam
991 2771 1141 2833 volunta·

345 2865 444 2926 «tem
459 2881 535 2926 cum
551 2865 673 2926 eisdem
684 2867 923 2940 detentoribus,
941 2868 1033 2930 salvo
1045 2869 1140 2930 nobis

345 2962 413 3022 «et
439 2961 626 3023 haeredibus
655 2963 777 3024 nostris
810 2966 884 3040 post
915 2968 987 3042 ejus
1015 2965 1140 3027 obitum

345 3061 452 3135 «jure
487 3061 611 3121 nostro.
649 3061 865 3122 concedimus
900 3063 1020 3134 etiam,
1054 3063 1140 3140 quod

345 3156 453 3232 «ipsa
474 3157 602 3232 regina,
628 3159 662 3219 et
680 3159 831 3219 hozuines
856 3159 895 3220 de
917 3159 1044 3221 tamilla
1066 3163 1139 3238 ejus

344 3252 519 3315 «liberum
547 3254 691 3316 habeant
723 3257 813 3317 omni
843 3257 992 3334 tempore
1020 3258 1141 3320 introi-

344 3353 446 3413 «tum
476 3353 511 3413 in
540 3354 664 3414 terram
696 3355 854 3426 nostram,
892 3357 925 3417 et
948 3356 1074 3417 exitum
1099 3356 1139 3416 ab

343 3465 362 3508 «
377 3449 503 3522 eadem,
526 3452 655 3527 possint
668 3451 715 3512 ibi
730 3453 855 3513 morari
868 3453 1015 3530 quandiu
1030 3454 1140 3515 volue-

343 3548 453 3618 «rint
469 3549 502 3609 et
515 3548 582 3610 tam
597 3565 654 3611 eos
670 3565 767 3626 quarn
783 3566 898 3611 omnes
913 3567 965 3611 res
979 3567 1093 3614 eorum
1104 3551 1139 3613 in

344 3645 507 3706 «salvum
541 3647 738 3707 conductum
773 3649 923 3709 nostrum
959 3649 1139 3726 recipimus

345 3744 413 3803 «et
426 3741 556 3804 fidelem
584 3745 795 3806 securitatem
822 3747 971 3807 nostram
1005 3747 1040 3807 in
1075 3763 1137 3809 ve-

344 3855 363 3898 «
378 3839 510 3911 niendo,
526 3841 560 3899 in
570 3841 750 3914 redeundo,
765 3843 798 3904 et
808 3845 978 3915 morando,
992 3845 1138 3920 praestito

344 3939 585 3999 «sacramento
615 3939 700 4015 quod
726 3955 786 4016 per
808 3957 864 4002 eos
892 3942 1016 4002 malum
1042 3941 1137 4003 nobis

344 4050 363 4093 «
378 4050 444 4095 nou
455 4035 595 4106 eveniet,
611 4051 794 4112 necregno.
807 4037 1025 4098 concedimus
1038 4039 1138 4100 etiam

337 4149 363 4214 y«
379 4133 464 4208 quod
478 4132 511 4192 in
528 4133 680 4194 omnibus
696 4135 854 4211 portubus
872 4136 975 4196 maris
997 4136 1137 4196 liberum

343 4229 522 4292 «habeant
541 4232 717 4292 transitum
738 4232 1000 4310 quandocunque
1018 4234 1136 4294 volue-

343 4328 453 4398 «rint,
471 4329 683 4404 prohibentes
699 4330 785 4405 quod
807 4331 919 4391 nullus
939 4331 1137 4392 ballivorum

343 4425 429 4486 «vel
453 4424 623 4486 hominum
645 4428 833 4488 nostrorum
853 4429 944 4504 ipsos
965 4428 1135 4504 impediat,

343 4521 429 4582 «vel
444 4523 717 4584 consuetudinem
729 4525 869 4600 recipiat
882 4526 923 4585 ab
939 4525 1075 4587 eisdem.

383 4619 693 4695 «compositionem
726 4623 836 4682 autem
865 4622 964 4683 istam
999 4623 1139 4684 iacimus

344 4731 362 4775 «
377 4715 444 4776 tarn
451 4731 510 4790 pro
519 4715 614 4777 nobis
624 4733 722 4794 quam
730 4733 790 4794 pro
799 4718 987 4780 haeredibus
998 4721 1136 4796 nostris;

343 4814 570 4886 «statuentes
590 4814 675 4891 quod
692 4815 720 4876 si
735 4814 830 4887 sorte,
853 4817 939 4894 quod
956 4817 1053 4890 absit,
1078 4835 1138 4880 nos

342 4928 361 4972 «
376 4910 429 4972 vel
444 4911 567 4989 aliquis
581 4927 809 4973 successorum
824 4916 1012 4975 nostrorum
1031 4917 1138 4992 ipsam

341 5027 360 5070 «
375 5009 646 5086 compositionem
658 5010 924 5087 infringeremus,
934 5013 1019 5088 quod
1030 5014 1138 5075 lacere

342 5123 441 5168 «non
458 5123 635 5183 possumus
657 5109 748 5169 salva
773 5110 846 5180 lide,
862 5113 894 5170 et
912 5110 998 5170 inira
1019 5111 1138 5186 viginti

341 5223 360 5265 ‹<
375 5205 445 5265 dies
457 5206 648 5266 commoniti
662 5223 721 5266 nos
734 5207 786 5267 vel
800 5208 1000 5280 iustitiarius
1010 5211 1135 5278 noster,

342 5319 360 5361 <‹
375 5303 403 5361 si
419 5305 513 5363 entra
529 5303 1135 5376 1661111616611111116116116116116116-

342 5399 490 5471 «rimus,
501 5400 687 5462 dotalitium
706 5418 801 5462 suurn
819 5402 948 5474 integre
962 5403 1137 5463 restituere

343 5497 547 5557 «teneamur
559 5498 677 5570 eidem,
695 5499 784 5560 omui
800 5499 976 5560 occasione
992 5499 1024 5559 et
1047 5499 1136 5561 dila-

343 5609 362 5654 1
377 5593 466 5656 116116
485 5597 622 5656 remota.
641 5599 805 5659 Praeterea
822 5595 960 5657 fecimus
972 5599 1088 5674 jurare
1102 5599 1136 5659 in

1195 443 1213 486 «
1229 427 1374 488 animam
1389 427 1537 488 nostram
1551 425 1737 488 Gallridum
1749 426 1885 504 Litterel
1904 429 1991 489 mili-

1195 525 1294 586 «tem
1316 525 1476 595 nostrum,
1499 523 1585 601 quod
1608 524 1721 586 omnia
1741 541 1815 602 quae
1840 525 1873 586 in
1901 527 1990 588 carta

1194 623 1291 683 «ista
1308 623 1518 684 continentur
1537 619 1786 684 observabimus
1804 623 1945 695 illibata,
1961 629 1992 685 el

1193 719 1269 780 «ad
1285 722 1444 797 majorem
1468 719 1682 780 securitatem
1701 736 1741 781 ea
1764 720 1910 782 omniaa
1932 721 1992 782 do·

1195 835 1213 876 «
1228 817 1318 879 mino
1331 820 1421 893 Papa
1435 818 1625 878 confirmari
1640 817 1903 895 impetrabimus.
1926 821 1992 882 Ro·

1194 930 1345 991 «gamus
1359 915 1459 976 etiam
1479 914 1648 978 dominum
1666 917 1801 993 Papam,
1825 915 1858 978 et
1880 916 1991 978 humi-

1195 1013 1304 1074 «liter
1332 1013 1487 1089 petimus,
1513 1014 1549 1075 ut
1572 1015 1728 1090 praesenti
1759 1014 1991 1091 compositioni

1194 1128 1212 1171 «
1227 1110 1327 1171 addat
1341 1110 1537 1172 securitates
1549 1125 1632 1186 quas
1644 1110 1765 1174 viderit
1779 1111 1947 1188 expedire,
1960 1113 1993 1174 et

1194 1223 1288 1268 «nos
1305 1209 1413 1269 ratum
1435 1207 1630 1269 habebimus
1646 1209 1803 1286 quidquid
1823 1209 1901 1270 iude
1923 1211 1992 1270 sta-

1195 1322 1213 1366 «
1227 1305 1340 1366 tuerit.
1354 1304 1514 1366 Volumus
1525 1306 1614 1367 enim
1626 1305 1711 1384 quod
1727 1307 1838 1368 omnia
1850 1305 1992 1368 fideliter

1194 1402 1456 1474 «observentur,
1479 1403 1513 1464 et
1539 1403 1693 1465 nolumus
1719 1405 1805 1482 quod
1833 1405 1993 1481 praedicta

1194 1501 1344 1576 «regina
1360 1501 1464 1576 possit
1480 1517 1580 1576 super
1598 1501 1661 1563 hoc
1676 1501 1843 1579 abaliquo
1864 1501 1898 1562 in
1915 1517 1994 1578 pos-

1195 1599 1335 1660 «terum
1356 1598 1537 1659 molestari.
1561 1601 1600 1659 Et
1622 1599 1792 1660 sciendum
1816 1599 1877 1671 est,
1903 1602 1991 1676 quod

1194 1697 1262 1757 «in
1292 1696 1354 1756 hoc
1380 1695 1463 1758 sesto
1493 1697 1645 1757 Omnium
1683 1697 1878 1758 Sanctorum
1903 1713 1991 1759 auno

1194 1793 1322 1869 «regni
1356 1795 1462 1856 nostri
1494 1794 1632 1870 septimo
1673 1793 1797 1856 decimo
1825 1794 1991 1855 solvemus

1194 1891 1323 1954 «dictae
1339 1891 1480 1953 dominae
1504 1891 1629 1967 reginae
1654 1892 1778 1968 primas
1794 1893 1992 1970 quingentas

1195 1989 1330 2050 «libras
1346 1990 1385 2050 de
1401 1989 1599 2066 supradictis
1618 1989 1708 2050 mille
1728 1989 1824 2050 libris
1844 1989 1908 2072 sibi
1930 2006 1994 2050 an-

1194 2086 1356 2146 «nuatim
1384 2086 1561 2147 solvendis.
1593 2087 1653 2146 His
1684 2085 1824 2148 testibus
1846 2084 1992 2146 dominis

1194 2186 1265 2243 «P.
1280 2183 1440 2252 Winton„
1455 2186 1489 2245 S.
1512 2185 1616 2244 Exon.
1633 2183 1808 2260 episcopie,
1832 2183 1992 2258 magistro

1195 2281 1345 2353 «Pand,
1365 2281 1553 2356 Norvvegiae
1582 2281 1711 2352 electo,
1737 2283 1777 2340 Η.
1806 2279 1924 2341 abbate
1954 2279 1993 2341 de

1195 2379 1320 2440 «Bello
1346 2382 1451 2450 Loco,
1480 2377 1582 2440 tratre
1611 2378 1716 2439 hiano
1745 2378 1885 2448 Meirel,
1914 2393 1991 2438 ma·

1195 2492 1213 2536 «
1227 2477 1330 2553 gistro
1348 2479 1385 2536 Ρ.
1409 2475 1644 2536 archidiacono
1668 2477 1760 2535 Surr.
1785 2475 1905 2536 Datum
1931 2491 1993 2552 per

1195 2592 1213 2635 «
1228 2591 1361 2634 manum
1376 2573 1526 2650 magistri
1541 2573 1680 2635 Riccde
1693 2573 1841 2646 Marisa,
1856 2573 1993 2634 cancel-

1195 2689 1212 2732 «
1227 2671 1304 2732 larii
1319 2672 1421 2733 nostri
1437 2671 1523 2747 apud
1539 2673 1669 2742 boren,
1682 2671 1828 2732 secunda
1847 2670 1901 2731 die
1916 2687 1994 2748 sep·

1195 2769 1374 2843 «tembris
1398 2785 1486 2830 anno
1509 2768 1604 2844 regni
1630 2769 1737 2830 nostri
1763 2769 1903 2845 septimo
1929 2768 1992 2830 de-

1195 2868 1360 2928 «eima»

1234 2964 1326 3026 Nulli
1361 2980 1455 3040 ergo,
1493 2965 1568 3036 etc,
1604 2967 1727 3025 nostrae
1763 2963 1994 3024 confirmatio-

1194 3063 1258 3134 1116,
1275 3063 1336 3123 616.
1356 3063 1391 3121 Si
1414 3062 1487 3138 quis
1507 3063 1628 3133 autem,
1645 3064 1707 3122 etc.
1735 3061 1854 3122 ilatum
1880 3063 1992 3122 Romae

1195 3161 1281 3236 apud
1293 3161 1450 3221 Sanctum
1462 3160 1607 3230 Petrum,
1621 3161 1652 3218 X
1662 3158 1822 3220 kalendas
1829 3158 1990 3235 januarii,

1196 3257 1409 3335 pontificatus
1423 3257 1529 3318 nostri
1545 3271 1633 3318 anno
1647 3256 1764 3334 primo.

1544 3497 1643 3585 CXV

1193 3724 1244 3781 nd
1255 3723 1550 3795 archiepiscopum
1561 3720 1594 3780 ct
1615 3721 1895 3780 archidiaconum
1919 3721 1990 3778 Rc-
2078 3791 2079 3794 Ἴ

1232 3822 1308 3878 devo.
1338 3818 1371 3878 et
1396 3819 1581 3878 sacriste-m
1603 3817 1638 3880 Β.
1664 3818 1767 3876 Pauli
1797 3819 1951 3876 borbon.

1483 3929 1517 3988 23
1537 3929 1599 3986 dec.
1623 3929 1701 3986 1216.

1309 4079 1444 4146 [Analecta
1453 4079 1518 4130 Jurls
1529 4077 1657 4130 Poutltlcil
1668 4077 1701 4128 ad
1714 4091 1774 4128 auu.
1787 4076 1860 4140 islo]

1194 4199 1241 4255 Eis
1255 4195 1381 4265 maudut,
1395 4202 1425 4252 ut
1440 4195 1585 4252 usurarios
1597 4200 1626 4250 61
1641 4191 1840 4250 malefactores
1850 4191 1877 4248 iu
1889 4193 1990 4248 Eluen.

1228 4285 1343 4341 dioecosi
1357 4283 1525 4340 constitutos
1537 4297 1587 4355 per
1600 4297 1751 4339 censuram
1766 4280 1992 4338 ecclesiasticam

1228 4372 1411 4446 compellant.

1233 4511 1993 4588 Honorius,etc.,venerabilitratriarchiepis·
2078 4539 2079 4584 3

1195 4631 1287 4692 copo,
1310 4615 1342 4678 et
1365 4613 1494 4674 dilectis
1519 4612 1596 4673 tiliis
1614 4611 1850 4672 archidiacono
1866 4609 1992 4671 Redeu.
2078 4699 2079 4708 ἵ

1194 4715 1226 4775 61
1239 4713 1387 4774 sacristae
1403 4712 1509 4772 sancti
1522 4710 1620 4772 Pauli
1632 4708 1824 4780 Narbonem.

1234 4811 1351 4872 Dilecti
1367 4810 1427 4869 filii
1443 4807 1622 4884 capitulum
1636 4807 1751 4866 Eluen.
1766 4805 1915 4866 eeclesias
1935 4819 1995 4864 no·
2078 4859 2079 4870 ,

1192 4909 1243 4970 bis
1279 4923 1446 4984 exponere
1481 4905 1693 4975 curaverunt,
1730 4903 1817 4979 quod
1856 4901 1994 4979 quidam
2078 4889 2079 4928 1

1194 5006 1424 5067 malefactores
1444 5007 1477 5064 61
1491 5002 1637 5063 usurarii
1657 5002 1691 5060 iu
1716 5001 1832 5060 Eluen.
1854 4997 1994 5059 dioecesi
2078 5055 2079 5084 ἶ

1193 5103 1362 5164 constituti
1387 5101 1535 5162 existunt
1551 5099 1634 5160 adeo
1652 5099 1686 5158 in
1701 5114 1761 5158 sua
1780 5097 1904 5158 malitia
1917 5111 1995 5171 per·
2078 5109 2079 5184 p

1193 5204 1329 5272 11116666,
1347 5200 1432 5276 quod
1448 5215 1522 5260 cum
1537 5199 1571 5258 iu
1588 5213 1644 5258 eos
1658 5195 1868 5271 exigentibus
1881 5193 1994 5268 culpis
2078 5229 2079 5294 ἒ

1193 5301 1262 5360 61116
1282 5295 1633 5360 excommunicationis
1655 5294 1819 5355 sententia
1844 5289 1996 5369 promul·
2078 5295 2079 5364 g

1193 5401 1300 5474 gutur,
1326 5413 1345 5456 a
1370 5396 1439 5455 suis
1466 5392 1696 5469 iniquitatibus
1721 5407 1789 5452 non
1814 5388 1993 5480 desistunt,
2078 5407 2079 5458 3

1193 5513 1369 5558 consuram
1385 5494 1578 5555 canonicam
1597 5494 1721 5553 temere
1737 5487 1992 5551 contemnendo.
2078 5501 2079 5564 3

1194 5597 1276 5668 Quin
1290 5595 1392 5669 igitur
1408 5593 1544 5667 dignum
1559 5591 1609 5651 est
1622 5591 1657 5651 ut
1667 5589 1712 5661 hi,
1726 5603 1808 5666 quos
1822 5584 1876 5648 Del
1886 5583 1996 5646 timor
2078 5603 2079 5684 2
