4162 6424
85 259 153 320 sot

726 265 954 330 EPISTOLAE.
979 269 1057 330 LIB.
1081 272 1121 332 11.

1672 279 1673 286 '
1686 285 1747 346 602

85 431 351 494 recognoscens,
363 418 397 480 et
406 417 556 492 matrem,
566 418 661 482 nobis
672 420 806 487 obedire
817 441 897 502 pro-
949 427 1742 509 uiambcatotacobo,attestante.nattaaran.

84 517 204 590 ponis,
233 515 318 578 sicut
341 515 478 578 devotus
507 516 597 578 illins
619 535 678 596 pro
703 521 800 598 patri.
829 525 896 584 Pro

85 613 215 688 quibus
241 613 449 676 devotionem
464 615 555 676 tuam
576 615 613 676 in
636 619 776 680 Domino
800 635 894 681 corn-

84 710 301 783 mendantes‚
325 711 357 772 ei
381 727 400 772 a
416 727 480 789 qno
495 713 547 774 est
567 729 664 776 omne
679 714 792 776 datum
809 718 896 794 opti-

84 823 196 878 mum,
213 809 247 869 et
260 817 357 868 omne
370 807 492 870 donum
514 809 696 886 perlectum
711 813 894 888 gratiarum

83 903 271 965 referimus
285 904 445 978 actiones,
473 906 669 984 suppliciter
683 909 893 985 postulando

82 999 127 1060 ut
154 1000 237 1076 ipse,
254 1000 311 1077 qui
331 1000 405 1062 11666
425 1001 486 1063 tibi
511 1003 773 1068 misericorditer
795 1005 896 1084 inspi-

82 1098 194 1169 ravit,
219 1097 275 1159 det
296 1097 330 1160 et
357 1098 527 1176 perlicere.
555 1115 596 1162 ac
619 1117 836 1178 perseverare
859 1104 894 1166 in

82 1194 133 1254 iis
169 1211 274 1272 usque
306 1195 342 1256 in
372 1196 460 1258 diem
488 1198 621 1261 Domini
648 1200 730 1260 lesu
758 1200 892 1264 Christi.

84 1295 282 1370 Superque
306 1293 339 1356 et
358 1296 395 1356 tu
414 1294 487 1371 1666
501 1295 601 1356 debes
623 1296 794 1360 humiliter
808 1313 893 1360 exo-

82 1404 183 1462 rare,
209 1390 346 1450 eumad
369 1391 403 1452 id
425 1391 459 1452 et
486 1391 567 1454 tides
591 1393 767 1466 catholica,
795 1409 893 1471 quam

85 1487 199 1557 tenes,
227 1488 264 1548 ut
287 1487 464 1562 credimus,
491 1490 524 1551 16
543 1489 690 1563 inducat,
716 1491 749 1554 et
768 1490 894 1554 1166166

83 1599 161 1644 11611
179 1583 339 1658 modicus,
357 1586 413 1664 qui
428 1601 471 1648 ex
485 1587 548 1648 boo
572 1589 748 1665 provenire
762 1589 824 1651 tibi
839 1606 894 1667 66-

82 1680 183 1752 16611,
212 1681 247 1742 16
277 1683 435 1760 6666661111
462 1685 584 1762 praeter
616 1687 750 1748 aeternae
777 1686 893 1764 glorie

59 1826 62 1832 .
83 1777 258 1850 diadema,
278 1779 364 1857 quod
384 1781 445 1842 tibi
466 1781 495 1842 si
516 1785 796 1858 perseveraveris,
813 1784 893 1845 red-

82 1874 146 1934 det
163 1875 323 1936 Dominus
332 1877 444 1954 justus
454 1877 571 1955 Judex.

128 1970 213 2033 Inde
225 1971 276 2034 est
289 1975 375 2050 quod
386 1990 447 2035 nos
457 1977 590 2052 6666616
603 1991 663 2053 666
674 1977 708 2038 16
722 1976 892 2040 abeodem

80 2069 259 2146 episcopo,
276 2069 353 2131 sunt
371 2071 401 2132 ei
417 2087 477 2148 per
490 2072 565 2133 tuas
580 2072 721 2146 litteras,
738 2090 821 2150 quas
836 2089 894 2136 co-

77 2179 159 2225 ram
189 2164 285 2226 nobis
300 2164 367 2243 legi
390 2164 539 2238 lecimus,
565 2167 753 2245 praecepisti
768 2183 891 2246 corpo-

80 2261 152 2322 rali
177 2263 388 2339 juramento,
412 2263 498 2340 qnod
522 2263 717 2341 predictum
736 2266 893 2328 cardina·

80 2359 153 2420 lem
179 2359 379 2422 omnimodae
401 2362 556 2425 restitues
581 2362 727 2426 libertati
751 2365 785 2425 et
802 2363 892 2424 filius

81 2456 253 2520 obediens
268 2457 365 2519 nobis
379 2458 457 2531 eris,
472 2475 516 2522 ex
530 2461 688 2522 consueta
703 2460 890 2534 clementia,

81 2570 151 2632 qua
178 2554 331 2618 Ecclesia
357 2556 529 2618 consuevit
553 2557 654 2618 adse
678 2556 892 2619 redeuntibus

81 2652 257 2728 gremium
278 2653 422 2730 aperire,
438 2654 471 2716 16
492 2654 780 2716 annumerandum
795 2654 894 2716 duxi-

79 2767 159 2811 mus
175 2749 270 2811 inter
284 2750 441 2812 Ecclesiae
461 2751 547 2814 illios
562 2752 735 2830 speciales,
752 2753 785 2814 61
808 2753 894 2828 peti-

79 2849 213 2919 116166,
240 2863 323 2924 quas
345 2847 431 2909 idem
453 2849 628 2926 episcopus
652 2865 696 2911 ex
721 2852 815 2926 parte
835 2849 892 2912 166

79 2945 184 3008 nobis
212 2945 374 3021 porrexit,
388 2945 423 3006 in
438 2947 597 3023 quantum
612 2963 686 3008 eum
701 2949 768 3008 Deo
782 2946 894 3023 66161-

79 3059 158 3104 mus
180 3041 229 3102 de
252 3041 392 3103 fratrum
407 3043 594 3104 nostrorum
619 3043 759 3105 consilio
782 3059 891 3106 exau-

79 3141 155 3202 dire
171 3139 382 3212 curavimus,
394 3140 481 3201 sicut
490 3140 711 3217 pereffectum
721 3140 893 3203 evidenter

79 3236 246 3316 apparet,
277 3236 418 3299 tirmiter
443 3238 658 3312 estimantes,
688 3239 774 3316 quod
798 3239 831 3300 et
856 3239 892 3299 tu

78 3337 214 3398 debeas
240 3333 422 3412 adimplere
450 3334 630 3411 promissa,
662 3335 761 3413 66661
788 3338 891 3396 Deum

80 3433 263 3496 timentem
279 3431 312 3492 et
326 3430 526 3492 catholicum
539 3431 647 3492 virum
663 3429 768 3492 116661.

127 3533 240 3603 Quum
259 3529 362 3604 igitur
384 3527 455 3588 sola
470 3527 718 3604 perseverantia
741 3527 892 3588 bravium

85 3624 239 3703 accipiat
261 3624 396 3687 virtutis
421 3624 457 3684 in
485 3625 643 3697 Domino,
669 3623 832 3702 quatenus
857 3624 893 3684 in

86 3722 281 3794 devotione,
298 3738 337 3785 ac
358 3721 547 3784 obedientia
568 3720 891 3799 apostolicaesedis,

87 3823 122 3883 61
138 3820 257 3882 1166166
275 3819 324 3880 616
339 3818 480 3880 tirmiter
498 3833 701 3894 perseveres,
730 3818 762 3879 id
784 3819 893 3895 potius

87 3934 152 3996 per
171 3915 412 3978 exhibitionem
432 3915 554 3992 operis,
579 3931 677 3993 quam
693 3930 753 3992 per
770 3917 893 3993 scripta

87 4013 321 4084 monstrando
349 4011 434 4089 quod
450 4013 483 4074 61
498 4011 646 4074 divinam
665 4013 808 4088 gratiam
822 4028 895 4074 1116-

87 4110 213 4180 166616,
230 4110 262 4171 61
277 4109 422 4171 16661661
442 4109 668 4187 apostolicum
683 4110 814 4187 plenius
830 4109 892 4172 ob-

87 4209 212 4270 tinere.
237 4208 415 4280 Praeterea,
436 4223 536 4286 quum
560 4223 603 4270 ex
626 4207 776 4284 injuncto
798 4206 893 4270 nobis

87 4303 893 4383 1166616161666111616,1666611166[1661661611166

89 4403 272 4464 debeamus
290 4403 332 4464 ad
347 4402 479 4479 pietatis
494 4417 595 4479 opera
612 4401 768 4473 invitare,
795 4400 894 4462 nobi·

88 4501 222 4562 litatem
237 4500 328 4562 tuam
343 4514 499 4576 rogamus
511 4499 646 4571 attente,
676 4498 709 4559 et
719 4513 893 4560 monemus

90 4597 374 4658 inremissionem
391 4596 451 4658 tibi
464 4596 692 4673 peccaminum
713 4595 893 4674 injungen-

89 4694 154 4764 tes,
167 4693 331 4768 quatenus
342 4692 464 4754 divinae
477 4693 611 4769 pietatis
624 4691 757 4765 intuitu,
775 4693 808 4754 61
822 4708 895 4754 nos·

90 4791 224 4851 irarum
251 4804 385 4865 precum
409 4788 560 4862 obtentu,
594 4789 735 4867 captivis
763 4789 894 4866 aperias

89 4886 226 4947 viscera
248 4885 393 4962 pietatis,
418 4885 451 4946 61
466 4901 628 4963 66666666
643 4886 839 4963 praesertim,
862 4887 896 4948 et

90 4984 191 5054 elice,
209 4981 250 5043 de
265 4981 384 5059 quibus
399 4981 527 5042 nullum
549 4983 657 5059 potest
668 4983 730 5045 tibi
744 4997 893 5044 661111116-

950 526 1025 586 v111
1040 525 1121 600 kal„
1138 527 1216 602 feb„
1230 529 1320 607 pont.
1337 532 1443 594 nostri
1458 548 1546 596 611116
1561 537 1717 600 secundo.

1290 707 1411 796 CXIV

989 855 1018 914 A
1035 855 1250 918 &aldelmum
1264 861 1459 933 episcopum
1476 863 1512 952 cl⁸
1527 865 1707 925 6666111666

1182 1029 1184 1033 Ι
1257 958 1439 1018 Camertes.

1252 1076 1447 1150 16661118.
1508 1157 1512 1162 Ι

1105 1187 1577 1260 [66611116166161.116166]

983 1291 1139 1352 Confirmat
1149 1302 1286 1354 statutum
1311 1296 1348 1354 de
1367 1313 1486 1358 numero
1507 1304 1711 1363 canonicorum

1184 1383 1214 1440 in
1229 1385 1351 1444 eeclesia
1370 1387 1508 1447 Cumana.

988 1498 1156 1561 Honorius
1166 1500 1340 1579 episcopus
1356 1519 1473 1566 servus
1485 1521 1658 1570 servorum
1672 1512 1742 1584 Dei,

947 1595 1131 1656 venerabili
1152 1596 1248 1660 fratri
1276 1600 1389 1662 nostro
1403 1602 1569 1682 episcopo,
1586 1607 1619 1668 61
1636 1621 1743 1670 cano-

948 1691 1033 1752 nicis
1047 1693 1215 1766 Cumanis,
1231 1697 1384 1771 salutem,
1397 1699 1460 1761 etc.

989 1791 1095 1862 Quum
1109 1805 1169 1867 per
1183 1791 1313 1867 iratres,
1335 1796 1369 1858 et
1382 1797 1594 1875 coepiscopos
1614 1801 1745 1862 nostros

948 1883 989 1944 ad
1004 1885 1187 1961 proiectum
1200 1890 1429 1964 ecclesiarum,
1449 1895 1483 1956 61
1503 1909 1619 1971 pacem
1632 1898 1745 1974 aliqua

948 1981 1149 2055 statuuntur,
1163 2001 1236 2061 quae
1251 1986 1293 2046 ab
1313 1988 1474 2051 institutis
1498 2006 1668 2054 sacrorum
1685 2009 1743 2054 ca-

947 2093 1072 2138 nonum
1094 2095 1161 2140 non
1178 2079 1378 2160 discrepant,
1390 2085 1489 2162 juxta
1503 2088 1746 2163 postulantium

947 2173 1149 2236 voluntatem
1165 2179 1421 2242 consentaneam
1436 2182 1558 2244 rationi
1573 2186 1738 2258 convenit,

947 2269 1062 2331 eadem
1072 2273 1374 2348 apostolicaesedis
1384 2278 1741 2344 munimineroborari.

949 2368 1035 2428 sane
1058 2367 1153 2429 nobis
1177 2369 1332 2446 innotuit,
1349 2375 1436 2450 quod
1456 2375 1551 2438 bonae
1573 2380 1743 2440 memoriae

946 2465 984 2524 A.
1002 2463 1168 2526 Cumanus
1178 2467 1352 2545 episcopus
1366 2471 1482 2532 volens
1497 2484 1566 2533 suas
1581 2472 1743 2549 proiecti·-

947 2557 1009 2618 bus
1031 2559 1182 2621 ecclesiae
1201 2562 1386 2637 providere,
1406 2567 1603 2628 auctoritate
1620 2569 1744 2632 sanctae

948 2655 1188 2718 recordationis
1202 2661 1355 2736 Gregorii
1371 2663 1471 2738 Papae
1490 2663 1745 2740 praedecessoris

948 2751 1053 2813 nostri
1065 2752 1106 2814 de
1120 2754 1301 2828 voluntate,
1326 2759 1360 2819 et
1382 2774 1521 2821 assensu
1537 2762 1589 2822 sui
1604 2763 1743 2840 66611611

948 2849 1072 2922 statuit,
1092 2851 1128 2912 ut
1151 2851 1186 2912 in
1203 2853 1351 2916 Cumana
1375 2857 1517 2928 ecclesia
1539 2859 1658 2934 viginti
1679 2876 1741 2922 ca-
1771 2919 1774 2924 .

947 2946 1143 3009 nonicerum
1157 2965 1316 3012 numerus
1329 2953 1439 3014 certus
1454 2955 1587 3028 existat,
1604 2957 1636 3018 et
1650 2973 1741 3020 sem-

947 3058 1007 3120 per
1029 3045 1163 3106 maneat
1184 3046 1343 3121 illibatus,
1363 3052 1397 3112 et
1423 3050 1511 3114 idem
1533 3054 1691 3116 statutum
1705 3055 1742 3116 in

947 3139 1107 3218 scriptum
1121 3143 1288 3219 redigens,
1305 3146 1357 3206 sui
1367 3147 1471 3223 sigilli
1485 3149 1669 3212 munimine
1680 3167 1741 3212 ro·

946 3237 1556 3316 boravit,quodcumlelicismemoriae
1565 3247 1743 3310 Caelestino

947 3349 1041 3412 66666
1064 3334 1302 3412 praedecessori
1329 3337 1447 3400 1616661
1471 3339 1634 3414 oblatum,
1655 3343 1743 3406 idem

947 3431 1124 3508 diligenter
1149 3431 1289 3494 audiens
1311 3435 1516 3511 approbavit.
1540 3441 1587 3498 Ea
1608 3443 1745 3516 propter

948 3527 1068 3588 vestris
1078 3526 1178 3604 justis
1193 3529 1472 3604 postulationibus
1486 3536 1684 3608 annuentes,
1701 3537 1743 3598 ad

949 3624 1120 3700 exemplar
1134 3624 1389 3701 praedecessoris
1402 3628 1571 3692 Goelestini
1584 3632 1742 3694 statutum

947 3721 1067 3798 ipsum,
1084 3721 1171 3783 sicut
1185 3722 1429 3786 rationabiliter
1443 3725 1565 3789 16616111
1581 3729 1641 3801 661,
1658 3731 1691 3792 61
1705 3731 1741 3792 in

948 3819 1086 3896 praelato
1102 3819 1225 3896 scripto
1243 3820 1435 3885 authentico
1450 3824 1649 3895 continetur,
1663 3833 1755 3890 auc-'

948 3916 1082 3978 16611616
1090 3917 1279 3994 Apostolica
1290 3919 1535 3990 confirmamus,
1545 3923 1578 3984 et
1589 3939 1742 4000 praesen-

947 4013 991 4074 tis
1019 4014 1134 4090 scripti
1167 4015 1352 4091 patrocinio
1386 4019 1638 4080 communimus.
1665 4023 1743 4083 Sta-

947 4111 1088 4184 tuentes,
1097 4112 1133 4173 ut
1142 4111 1328 4188 praebendae
1337 4112 1486 4175 ecclesiae
1496 4115 1617 4177 vestrae
1626 4119 1742 4179 contra
1761 4145 1763 4148 ·

949 4207 1106 4270 statutum
1121 4209 1357 4269 Lateranensis
1374 4209 1512 4270 Goncilii
1529 4211 1622 4272 salva
1647 4214 1743 4274 Sedis

948 4303 1146 4380 apostolicae
1170 4305 1367 4366 auctoritate
1391 4304 1431 4366 de
1459 4307 1580 4369 caetero
1606 4309 1742 4371 minime

948 4400 1192 4478 permittantur.
1209 4401 1258 4462 Ad
1269 4403 1430 4478 majorem
1444 4417 1523 4465 6666
1539 4403 1741 4477 1116111616111,
1857 4411 1865 4430 “

949 4497 1053 4576 166166
1068 4497 1184 4575 6661611
1198 4499 1346 4560 tenorem
1361 4499 1401 4560 de
1420 4499 1522 4562 verbo
1537 4500 1579 4563 ad
1602 4502 1741 4565 verbum

949 4593 1167 4672 presentibus
1186 4593 1341 4656 duximus
1369 4595 1593 4670 inserendum,
1616 4599 1745 4675 quiesi

948 4690 1043 4752 talis:

988 4787 1174 4856 anselmus,
1187 4788 1247 4848 Dei
1255 4788 1364 4864 gratia
1375 4791 1541 4851 Cumanus
1555 4790 1741 4868 episcopus,

949 4882 1027 4945 licet
1039 4884 1234 4957 immeritus,
1248 4885 1379 4946 dilectis
1389 4886 1424 4945 in
1439 4885 1570 4946 Christo
1585 4885 1743 4950 tratribus

949 4979 1120 5041 canonicis
1144 4981 1300 5042 Cumanae
1318 4981 1466 5042 matricis
1492 4981 1654 5055 ecclesiae,
1680 4985 1742 5047 eto.

91 5081 171 5142 dum
201 5079 394 5156 provenire,
424 5078 581 5142 restituas
607 5078 768 5151 libertati,
799 5083 836 5142 ut
861 5083 895 5142 et
926 5097 930 5105 ’
950 5079 1055 5150 Quum
1070 5091 1113 5138 ex
1127 5075 1276 5154 injuncto
1295 5077 1391 5138 nobis
1406 5077 1614 5156 episcopatus
1634 5079 1744 5143 cilicio

91 5174 288 5237 misericors
310 5174 469 5236 Dominus
492 5175 525 5237 16
549 5189 570 5236 a
590 5177 723 5237 tuorum
742 5175 895 5238 absolvat
949 5173 1077 5236 cunctis
1092 5172 1206 5235 nostro
1219 5173 1376 5250 regimini
1393 5175 1577 5236 commissis
1594 5177 1745 5240 ecclesiis

92 5272 239 5335 vinculis
254 5272 476 5349 peecatorum,
493 5271 550 5349 qui
565 5271 683 5333 saillis
698 5287 763 5334 non
778 5271 896 5334 dimis-
949 5271 1109 5349 pastorali
1139 5272 1313 5332 teneamur
1348 5271 1524 5347 vigilantia
1556 5275 1742 5350 providere,

95 5365 378 5442 surum'testatur,
394 5367 696 5446 quitratribusnon
709 5369 892 5446 dimittunt3
949 5369 1123 5445 indignum
1136 5369 1218 5432 satis
1246 5368 1352 5432 videri
1379 5371 1500 5446 posset,
1523 5372 1556 5432 et
1570 5370 1742 5447 absonum,

97 5466 239 5528 sollicite
256 5467 445 5539 recolende,
462 5465 547 5545 quod
560 5465 724 5543 judicium
737 5467 808 5527 sine
826 5466 893 5526 mi·
949 5467 1015 5526 nisi
1030 5466 1228 5544 episcopalis
1243 5466 1393 5528 eeclesiae
1408 5483 1534 5540 curam,
1552 5469 1586 5530 et
1598 5469 1744 5546 diligen-

97 5563 279 5625 sericordia
295 5563 351 5626 tlet
372 5565 414 5636 ei,
440 5565 584 5641 quinon
607 5562 687 5624 lacit
704 5563 897 5625 misericor·
950 5564 1030 5624 tiam
1044 5563 1221 5626 sollicitius
1242 5564 1452 5626 haberemus.
1474 5565 1568 5626 Illius
1583 5567 1746 5644 siquidem
