4200 6404
314 315 377 378 243
770 305 947 369 HONORII
972 307 1243 368 1110111111,-
1267 305 1501 368 SERMONES.
1907 309 1966 370 244

315 487 407 546 suas,
430 469 562 549 quando
581 467 762 531 simoniace
784 463 912 528 intrant
934 465 1100 528 Ecclesiae
1167 465 1224 544 qul
1238 465 1413 528 consuevit
1425 477 1558 542 semper
1568 463 1741 542 splendide
1759 466 1793 528 et
1808 463 1968 529 deliciose

315 572 349 634 et
362 569 512 632 ambiunt
521 566 667 646 quotidie
691 565 807 629 contra
828 566 932 626 Deum
954 563 1110 636 bonores,
1167 563 1353 636 comedere,
1362 561 1487 636 bibere,
1497 564 1698 641 torpescere,
1711 562 1889 624 luxuriari.
1903 565 1969 626 Sed

316 669 394 747 quia
417 667 533 730 volunt
553 667 660 726 ditare
684 663 850 741 parentes.
870 663 946 723 Istis
961 659 1111 744 dicetur:
1167 662 1281 737 postea
1296 661 1396 722 sentit
1410 677 1486 722 eum
1507 663 1745 732 contumacem,
1763 662 1840 738 quia
1856 662 1971 723 recal-

317 767 511 842 liegnastis,
537 767 598 826 sed
620 775 690 824 non
709 775 755 822 em
776 775 832 822 nie
856 756 954 837 (Osee
979 774 1050 830 vin,
1066 756 1111 836 4).
1167 759 1320 832 citrat,et
1335 759 1413 836 quia
1428 759 1458 820 si
1471 759 1712 836 vultjejunare,
1726 757 1971 821 0010101000-

316 863 368 924 llli
383 862 438 940 qui
451 857 605 941 qnaerunt
620 859 755 922 divitias
777 856 878 934 hujus
900 857 1026 930 mundi,
1046 871 1113 918 non
1167 857 1247 919 tiam
1271 857 1392 928 tacere,
1409 871 1529 934 corpus
1545 857 1713 934 compellit
1732 873 1807 918 eum
1822 857 1976 918 mandu-

317 976 453 1024 causam
479 960 549 1033 Dei,
578 957 635 1019 sed
661 957 698 1018 ut
720 955 905 1032 glorientur
928 955 962 1016 ei
990 954 1114 1016 iaciant
1168 969 1255 1026 care,
1274 955 1307 1016 et
1327 954 1429 1017 multa
1444 954 1512 1016 alia
1529 955 1617 1016 mala
1641 955 1762 1016 tacere.
1785 955 1972 1032 Sequiturz

315 1057 403 1120 bella
429 1060 462 1120 et
484 1057 675 1127 seditiones,
691 1055 725 1119 et
738 1055 774 1115 ut
795 1053 923 1130 possint
949 1051 1113 1115 dominari
1168 1053 1212 1113 lit
1228 1055 1287 1126 qni
1301 1053 1372 1114 odit
1387 1056 1543 1114 animam
1566 1067 1668 1114 snam
1689 1056 1727 1114 tn
1749 1056 1810 1114 noc
1825 1055 1972 1124 0101110,

215 1201 217 1208 .
316 1155 352 1217 in
367 1156 499 1233 populo,
515 1155 643 1216 dicetur
657 1153 706 1214 eis
723 1173 730 1212 :
748 1153 903 1214 Pecunia
927 1150 987 1211 tna
1003 1151 1115 1211 tectim
1168 1153 1206 1210 in
1226 1150 1337 1212 ettam
1351 1150 1521 1212 oetmnam
1534 1148 1977 1228 mistodttearntloan.xr1,

315 1250 364 1312 sit
378 1253 416 1312 in
426 1249 656 1324 perditionem
667 1246 754 1327 (Aci.
770 1261 843 1318 vin,
858 1247 920 1322 20),
936 1244 1014 1322 quta
1030 1244 1114 1306 tales
1167 1244 1233 1325 25).
1263 1247 1383 1308 Anima
1411 1261 1471 1323 pro
1496 1246 1565 1309 vita
1591 1247 1736 1323 ponitur,
1759 1237 1795 1308 u't
1812 1248 1864 1307 est
1886 1246 1975 1308 illud

316 1347 571 1423 congregatores
606 1339 768 1422 pecuniee'
782 1344 869 1405 male
904 1342 937 1404 et
973 1341 1115 1418 turpiter
1169 1344 1977 1420 Evangelii:Nonneanimapinsestqnamesca

315 1444 428 1506 amant
455 1445 585 1506 animas
608 1457 698 1515 suas,
720 1442 798 1518 quis
812 1439 955 1518 perdunt
969 1439 1115 1501 animam
1170 1439 1451 1520 (Metth.v1,25)t
1471 1441 1558 1504 Dicit
1572 1455 1669 1518 ergo:
1683 1442 1774 1514 «Qui
1786 1441 1878 1503 amat
1896 1440 1977 1502 ani-

316 1555 421 1611 suam,
447 1540 543 1613 idest,
563 1539 667 1601 sitam
689 1539 797 1607 istam,
814 1538 891 1614 quia
913 1537 1117 1613 congregant
1170 1553 1256 1602 mam
1278 1555 1371 1600 suam
1394 1539 1632 1618 temporaliter,
1658 1539 1753 1612 idest,
1767 1539 1871 1602 vitam
1885 1538 1978 1600 tem-

317 1637 493 1715 pecuniam
515 1653 590 1698 cum
606 1637 751 1714 peccato,
778 1636 899 1701 etcum
918 1633 1116 1696 detrimento
1170 1637 1329 1714 poralem,
1346 1636 1463 1715 perdel
1479 1651 1557 1698 eam
1580 1635 1831 1714 praemisso»,
1848 1636 1931 1714 quia
1946 1637 1979 1698 si

318 1735 520 1807 custodiunt,
552 1735 585 1796 et
608 1734 805 1811 quandoque
827 1731 1021 1808 relinquunt
1042 1747 1115 1792 eam
1170 1750 1307 1796 necesse
1320 1734 1498 1812 tueritpro
1513 1735 1585 1811 ipso
1600 1734 1697 1796 debet
1710 1735 1807 1806 mori,
1825 1735 1861 1796 ut
1877 1735 1914 1794 in
1927 1733 1977 1795 tu·

318 1832 516 1910 capitalibus
539 1831 696 1902 inimicis,
713 1831 869 1908 quoniam
890 1829 1117 1891 thesaurizant
1169 1835 1244 1894 turo
1260 1831 1411 1894 inveniat
1428 1847 1513 1894 carn.
1543 1832 1605 1894 Vel
1620 1832 1669 1894 sic
1688 1853 1696 1894 ε
1714 1832 1771 1909 qui
1785 1832 1877 1894 amat
1891 1833 1974 1893 ani-

318 1930 352 1991 01
365 1931 521 2005 ignorant
539 1931 593 1991 cui
609 1929 810 2006 congregent
828 1944 879 2000 ea,
894 1927 927 1989 et
951 1927 986 1986 in
1005 1927 1116 1988 tuturo
1171 1945 1258 1991 marn
1273 1945 1379 2003 suam,
1396 1930 1524 1993 scilicet
1543 1931 1647 1992 vitam
1662 1945 1756 1992 suam
1771 1929 1902 1991 carnali
1928 1931 1977 1990 si-

319 2027 442 2088 sseculo
456 2028 496 2088 de
508 2029 574 2090 tote
587 2029 727 2104 pecunia
742 2043 809 2090 non
823 2026 980 2103 poterunt
992 2024 1117 2086 habere
1171 2027 1302 2105 quidem
1328 2041 1453 2094 amore,
1476 2029 1512 2090 ut
1532 2028 1705 2104 praeponat
1727 2043 1801 2089 eam
1825 2027 1974 2100 Christo,

319 2125 445 2201 galtiam
459 2140 564 2202 aquae.
586 2127 625 2187 nt
639 2125 716 2202 quia
731 2141 797 2187 non
812 2124 1026 2186 considerant
1038 2123 1118 2184 ulti·-
1171 2125 1287 2202 perdet
1300 2141 1373 2186 eam
1389 2127 1424 2186 in
1434 2125 1556 2188 tuturo.
1591 2161 1594 2166 -

319 2236 410 2281 mum
425 2220 522 2293 diem,
539 2222 627 2282 male
638 2222 754 2284 vivunt
767 2222 800 2283 et
814 2220 956 2298 pessime
968 2220 1119 2281 moriun—
1212 2222 1264 2282 Illi
1286 2222 1402 2286 odiunt
1417 2224 1562 2286 animam
1585 2237 1679 2283 suam
1694 2223 1730 2286 iu
1749 2222 1813 2285 boc
1836 2223 1975 2294 mundo,

319 2318 385 2390 tur,
405 2335 471 2380 non
492 2319 698 2380 attendentes
714 2319 800 2396 quod
816 2318 896 2382 dicit
915 2317 1047 2394 quidam
1062 2333 1120 2380 sa·
1172 2320 1205 2382 et
1220 2319 1410 2381 custodiunt
1423 2335 1498 2382 eam
1512 2321 1549 2381 in
1561 2321 1664 2382 vitam
1679 2320 1849 2391 aeternam,
1867 2321 1977 2398 quise

319 2417 414 2494 plens
426 2436 434 2476 s
448 2419 584 2478 Memor
596 2417 678 2490 esto,
695 2421 777 2491 qnia
794 2431 890 2478 mors
904 2429 973 2478 rien
988 2415 1116 2476 tardat.
1172 2417 1350 2478 humiliant
1363 2433 1423 2494 pro
1433 2420 1512 2485 Deo,
1520 2418 1553 2478 et
1559 2433 1619 2494 pro
1629 2416 1765 2480 servitio
1778 2420 1852 2494 ejus
1864 2417 1977 2480 inboc

319 2517 464 2588 Pernpas
487 2515 647 2588 pratens
667 2515 702 2576 et
729 2529 825 2577 iners
852 2514 1116 2588 appropinquat.
1172 2514 1305 2576 mundo.
1332 2515 1528 2576 custodiunt
1541 2529 1615 2578 eam
1632 2514 1667 2575 in
1681 2515 1783 2578 vitam
1797 2515 1976 2587 aeternam,

318 2615 410 2674 Mitte
435 2614 520 2673 anni
543 2613 626 2674 ante
658 2619 770 2674 ocutos
801 2613 995 2683 morientis,
1029 2609 1119 2671 sient
1172 2613 1380 2690 quiaquanto
1395 2611 1747 2690 plussebumiliantin
1762 2612 1976 2684 hosmundo,

319 2712 392 2771 dies
405 2711 568 2772 besterna
577 2725 654 2784 qnae
662 2710 849 2784 prateriis.
863 2712 1010 2784 Semper
1024 2711 1119 2770 enim
1172 2710 1266 2772 iunio
1290 2709 1365 2786 plus
1383 2709 1618 2770 exaltabuntur
1632 2709 1717 2786 apud
1733 2711 1837 2770 Deum
1852 2709 1888 2772 in
1902 2709 1977 2770 illo.

319 2806 441 2880 (niara
456 2809 660 2878 nascantur,
682 2821 822 2881 semper
831 2807 1023 2882 praesentia
1044 2819 1120 2866 mo-
1173 2806 1235 2868 Ille
1244 2803 1345 2868 habet
1357 2807 1432 2868 odio
1445 2807 1593 2868 animam
1602 2817 1700 2868 suam
1712 2807 1746 2868 in
1758 2807 1821 2868 boc
1836 2807 1977 2878 mundo,

318 2903 474 2974 muniar,
490 2905 524 2964 et
535 2907 697 2984 quidquid
709 2904 761 2964 est
772 2904 996 2978 praeteritum
1010 2903 1119 2964 totam
1174 2905 1230 2981 qui
1244 2904 1392 2981 quotidie
1406 2903 1537 2966 laborat
1550 2903 1707 2968 iaciendo
1717 2919 1818 2982 opera
1828 2903 1929 2976 bona,
1948 2905 1980 2966 et

319 3000 372 3061 est
389 2991 680 3077 mortunmOEccl.
696 3015 766 3071 x1v,
785 2997 848 3078 12).
869 3041 871 3046 ,
1173 3004 1285 3063 servat
1308 3002 1454 3063 animam
1475 3017 1569 3064 suam
1589 3003 1625 3062 in
1649 3002 1800 3064 castitate
1818 3003 1852 3064 et
1865 3000 1980 3064 absti-

360 3097 522 3158 Morimur
547 3113 627 3172 ergo
650 3112 789 3173 semper,
818 3095 896 3158 dum
917 3097 1071 3168 vivimus,
1086 3097 1120 3157 et
1173 3101 1288 3162 nentia
1302 3100 1336 3160 et
1350 3097 1628 3162 allisrirtutibus.
1641 3098 1979 3160 custodietiuvitam

323 3192 401 3254 tunc
421 3193 553 3256 tantum
578 3193 762 3256 desinimus
782 3194 879 3262 mori,
900 3209 974 3254 cum
988 3193 1118 3254 desini·
1174 3198 1343 3269 aeternam,
1356 3197 1413 3258 ubi
1425 3197 1564 3274 recipiet
1573 3197 1714 3272 gloriam
1723 3197 1978 3274 sempiternam.

319 3307 392 3351 mus
406 3289 530 3352 vivere.
544 3291 665 3352 Mallus
675 3292 725 3352 est
739 3307 819 3367 ergo
834 3292 918 3352 mori
929 3291 1007 3354 vitae
1020 3306 1119 3369 quam
1175 3295 1330 3372 Sequitur
1346 3311 1354 3355 ε
1371 3297 1435 3360 eat
1448 3297 1534 3357 mibi
1558 3294 1751 3365 ministrat,
1773 3309 1829 3355 me
1848 3309 1980 3368 sequa-

318 3387 431 3450 vivere
455 3390 564 3462 morti,
590 3390 668 3467 quia
693 3389 778 3450 nihil
802 3389 853 3451 est
877 3389 946 3451 vita
968 3389 1118 3451 mortalis
1174 3393 1233 3453 tar
1257 3389 1365 3471 (toan.
1381 3407 1443 3460 x11,
1458 3388 1524 3470 26).
1542 3389 1809 3468 Quadrupliciter
1831 3391 1978 3454 Domino

318 3487 385 3548 nisi
399 3503 487 3548 mors
499 3488 626 3549 vivens.
643 3488 720 3549 Vita
732 3487 893 3549 velociter
909 3486 993 3563 sugit
1010 3489 1043 3548 et
1058 3501 1118 3548 re·
1173 3489 1391 3553 ministratur.
1429 3489 1546 3564 Officio
1581 3489 1851 3564 predicationis,
1883 3489 1977 3550 unde

317 3585 418 3647 tineri
433 3601 499 3647 non
515 3586 632 3663 potest.
653 3587 744 3648 Mors
759 3586 870 3649 autem
885 3585 1049 3646 instantor
1062 3599 1121 3645 oc-
1173 3587 1348 3664 Apostolus
1365 3607 1373 3646 s
1389 3589 1446 3648 Sic
1459 3601 1522 3648 nos
1542 3586 1720 3650 emistimet
1733 3587 1883 3649 immoni
1904 3591 1982 3648 mi-

318 3683 432 3757 001111,
459 3685 491 3744 01
509 3683 663 3760 impediri
686 3699 751 3744 non
765 3684 865 3745 velet.
882 3685 953 3744 Hoc
968 3682 1019 3743 est
1035 3681 1118 3743 illud
1172 3684 1306 3746 nistros
1316 3684 1453 3755 carisii,
1470 3685 1503 3745 et
1517 3684 1771 3757 dispensatores
1784 3683 1978 3758 mysterio-

318 3779 483 3853 mirabile,
512 3779 597 3856 quod
626 3781 749 3856 quanio
773 3781 847 3858 plus
873 3781 1004 3852 crescit,
1026 3781 1118 3842 tanto
1173 3796 1264 3852 ram,
1282 3780 1377 3851 idest,
1394 3780 1571 3843 verborum
1586 3780 1647 3841 Del
1662 3777 1750 3858 (Gor.
1773 3795 1814 3853 lv,
1833 3777 1877 3859 1).
1896 3782 1980 3840 Sen-

319 3875 425 3952 magis
435 3877 606 3948 decrescit,
620 3877 697 3953 quia
706 3879 829 3954 quanto
841 3878 994 3954 plusvita
1008 3893 1120 3954 proce·
1173 3878 1254 3940 vitio
1293 3878 1530 3939 ecclesiasticae
1572 3877 1849 3955 dispensationis3
1885 3877 1982 3939 unde

319 3973 377 4046 dit,
392 3975 484 4036 tanto
499 3975 605 4050 magis
620 3973 660 4034 ad
674 3975 772 4036 linem
785 3974 923 4036 accedit.
940 3973 1120 4036 Eibaecest
1174 3975 1303 4036 isaias:
1325 3978 1404 4048 Vos,
1433 3976 1629 4037 sacerdotes
1666 3977 1807 4036 Domini
1843 3977 1979 4036 uocabi-

319 4071 454 4134 miseria
475 4072 657 4140 hominurn,
674 4073 751 4150 qnia
775 4072 873 4132 homo
888 4071 995 4132 nescit
1020 4071 1119 4135 tinem
1173 4077 1271 4144 mini,
1285 4074 1441 4134 ministri
1457 4075 1522 4134 Det
1541 4073 1655 4134 nostri
1669 4069 1727 4150 (Is.
1736 4087 1804 4145 1111,
1816 4069 1861 4149 6),
1876 4071 1980 4143 idest,

319 4167 1122 4248 suumsedsicutpiscoscapiunturhamo,etsi·
1174 4171 1416 4233 ministratores
1440 4170 1726 4232 sacramentorum
1740 4169 1813 4230 Dei.
1835 4171 1980 4233 (101100-

317 4270 373 4332 0111
393 4285 472 4331 aves
494 4268 818 4346 comprehenduntur
836 4268 971 4345 laqueo,
995 4268 1044 4329 stc
1061 4283 1120 4329 ca·
1173 4269 1265 4330 tione
1286 4267 1321 4330 in
1342 4267 1493 4329 omnibus
1509 4267 1623 4342 malis3
1641 4267 1730 4328 unde
1742 4266 1922 4345 Apostolus
1935 4265 1983 4327 do

317 4367 454 4445 piuntur
467 4367 619 4428 homines
630 4369 777 4444 tempore
788 4366 887 4428 malo.
900 4366 953 4426 Illi
968 4365 1120 4444 quaerunt
1174 4366 1335 4443 potestate
1353 4364 1511 4442 loquens:
1528 4368 1591 4427 Dei
1605 4365 1769 4426 minister
1780 4365 1833 4426 est
1845 4366 1979 4428 atndcn

318 4465 463 4536 divitias,
474 4464 814 4540 utpossintgrassari.
827 4464 885 4525 Isti
896 4463 980 4526 tales
991 4460 1119 4540 epicuri
1174 4468 1211 4524 tn
1231 4465 1325 4524 eiam
1341 4465 1374 4524 ei
1394 4466 1453 4536 qai
1477 4467 1566 4526 mate
1593 4462 1668 4538 agit
1691 4459 1800 4540 (Rom.
1829 4475 1905 4532 x111,
1927 4459 1977 4540 4).

317 4563 485 4632 dicuntur,
498 4561 825 4638 quiaquotidiedant
841 4563 1022 4637 operamut
1036 4561 1120 4622 bene
1176 4559 1424 4622 sustentatione
1457 4573 1641 4636 pauperum
1672 4559 1706 4620 et
1737 4557 1975 4636 eleemosynis;

318 4661 351 4720 et
360 4658 530 4735 splendide
545 4658 673 4735 possint
693 4657 876 4729 comedere,
899 4657 1023 4729 bibere,
1043 4673 1121 4720 ves·
1175 4657 1261 4718 unde
1296 4657 1401 4718 isaias
1433 4677 1441 4716 :
1470 4661 1611 4733 Frange
1640 4654 1809 4718 esurienti
1847 4669 1978 4731 panem

316 4752 391 4828 tire,
406 4755 583 4816 luxuriari.
607 4755 681 4816 Non
703 4754 822 4816 curant
844 4753 884 4815 de
902 4753 1117 4831 pauperibus,
1175 4755 1310 4816 tecam...
1326 4752 1388 4833 (Is.
1404 4767 1497 4824 svin,
1513 4750 1560 4830 7).
1574 4751 1690 4814 Ottlcio
1702 4751 1953 4828 praedicationis
1968 4773 1976 4825 ;

319 4853 496 4916 dummodo
511 4853 576 4930 ipsi
589 4852 717 4929 possint
731 4851 858 4913 satiari.
876 4853 1017 4913 Istorum
1033 4854 1120 4914 Deus
1175 4850 1307 4928 qnando
1332 4849 1553 4927 praedicamus
1575 4847 1696 4926 populo
1718 4847 1788 4920 Dei,
1811 4847 1979 4909 111011010-

314 4949 926 5024 0011101001,011100101010111111,
959 4951 1121 5026 recepisti
1175 4948 1269 5009 diant
1294 4963 1330 5010 se
1359 4945 1501 5008 amalis
1528 4945 1701 5024 operibus,
1728 4945 1762 5005 ei
1801 4943 1981 5006 observent

289 5059 294 5070 '
317 5055 404 5114 borsa
417 5053 454 5117 ta
468 5051 541 5111 otta
552 5051 612 5111 tna
622 5047 716 5128 (Luc.
733 5063 804 5120 xm,
818 5046 884 5125 35),
901 5049 936 5109 et
946 5063 1121 5122 pauperes
1176 5044 1332 5108 mandata
1347 5043 1418 5115 Dei,
1435 5045 1468 5106 et
1485 5043 1603 5121 siquis
1618 5043 1719 5114 errat,
1735 5057 1796 5120 per
1809 5041 1978 5119 praedica-

318 5150 428 5215 mnita
439 5153 542 5210 niam.
559 5149 606 5208 De
620 5145 739 5223 quibus
753 5145 849 5207 bonis
864 5145 899 5207 in
909 5145 1118 5221 Proverbiis:
1176 5144 1299 5205 tionem
1314 5142 1506 5203 reversatur
1522 5140 1564 5202 ad
1578 5139 1818 5218 poenitentiam.
1834 5139 1978 5200 Servitia

318 5251 382 5313 Qni
398 5245 539 5308 delicate
560 5245 673 5307 metrii
688 5259 830 5306 servam
851 5259 955 5306 niseni
979 5259 1002 5304 a
1028 5258 1120 5316 pae-
1176 5239 1412 5302 ecclesiasticae
1434 5238 1709 5317 dispensationis
1729 5237 1816 5300 sicut
1833 5236 1978 5298 suntilli

319 5345 426 5418 ritia,
465 5345 586 5418 postea
620 5343 724 5405 sentit
766 5357 846 5404 eum
885 5341 1122 5401 oorztnmacam
1176 5337 1232 5415 qui
1254 5339 1404 5400 serviunt
1427 5335 1599 5408 altaribus,
1625 5336 1658 5398 et
1677 5333 1848 5397 celebrant
1862 5333 1977 5395 divina

322 5439 434 5520 (Pron.
450 5457 546 5512 xxix,
562 5439 627 5519 21).
646 5443 768 5502 Servus
792 5439 842 5500 est
856 5439 1026 5514 proprium
1042 5451 1121 5498 cor·
1176 5437 1208 5497 et
1223 5435 1353 5508 missas,
1370 5435 1423 5497 vel
1445 5435 1502 5513 qui
1527 5434 1677 5495 serviunt
1699 5434 1732 5494 et
1759 5429 1916 5494 laborant
1943 5431 1978 5504 in

319 5554 395 5617 pus,
407 5538 484 5616 quia
495 5537 591 5600 debet
603 5537 740 5608 servire,
754 5538 786 5598 et
800 5535 931 5597 animus
944 5535 1120 5612 imperare.
1176 5533 1386 5609 regularibus
1402 5532 1599 5609 disciplinis,
1617 5531 1704 5592 sicut
1720 5530 1798 5591 sunt
1823 5528 1979 5592 monachi

323 5635 382 5701 Ille
398 5633 540 5697 delicate
553 5649 576 5696 a
589 5634 730 5712 pueritia
745 5633 849 5696 nutrit
866 5627 997 5698 servum
1012 5647 1120 5704 suunt,
1176 5631 1209 5694 et
1230 5631 1417 5707 regulares,
1442 5630 1475 5692 et
1500 5630 1588 5691 sicut
1611 5629 1689 5690 sunt
1705 5627 1757 5690 illi
1781 5625 1838 5704 qui
1855 5625 1980 5688 babent
