4200 6394
147 263 186 326 17
426 260 467 320 ΙΙ-
485 287 527 305 -
547 258 593 319 IN
615 257 944 320 PURIFIGATIONE
964 253 1115 318 BEATAE
1136 253 1288 316 MARIAE
1309 255 1511 318 VIRGINIS.
1755 261 1795 320 18

147 420 210 483 fuit
223 417 415 483 mundatae
432 420 567 498 peccato
586 419 793 498 postmodum
807 419 844 480 in
858 434 942 480 con·
997 414 1076 477 fecit
1095 417 1182 477 Deus
1211 414 1244 476 θῖ
1267 430 1334 477 non
1358 413 1475 493 homo;
1506 415 1689 479 secundum
1714 417 1794 481 feeit

147 518 299 596 ceptione
323 517 481 580 mundata
503 519 553 579 est
571 518 604 580 01
624 534 645 579 a
668 516 781 578 fomite
801 514 939 593 peccati,
998 529 1064 574 non
1090 515 1176 574 Deus
1205 512 1263 574 sed
1290 513 1405 588 homo;
1435 513 1570 575 tertium
1596 513 1677 576 facit
1705 518 1793 577 Deus

146 616 194 677 ita
218 616 304 693 quod
329 616 443 692 postea
467 630 605 692 peccare
629 630 695 675 non
716 614 832 691 potuit,
858 613 944 674 sicut
998 611 1111 684 homo;
1129 613 1281 686 quartum
1294 609 1524 689 facitquisque
1537 612 1573 672 in
1586 614 1706 688 seipso.
1722 614 1794 674 Pri-

148 713 290 790 quodam
305 712 401 774 modo
417 729 480 772 nec
495 712 584 772 illius
599 715 684 788 ejus
702 711 794 772 Unde
810 711 944 788 propter
998 725 1087 768 mum
1102 709 1152 770 θεῖ
1167 724 1209 769 ex
1223 709 1363 783 angelis,
1381 710 1561 770 secundum
1579 727 1622 772 011
1638 711 1790 789 pellibus,

146 810 210 871 hoc
235 810 316 871 dicit
337 810 490 872 Psalmus
502 809 764 886 consequenter:
788 813 880 870 Deus
906 810 943 868 tn
996 805 1130 867 tertium
1155 821 1198 866 ex
1218 804 1419 878 hominibus,
1446 811 1599 884 quartum
1624 809 1795 871 011111111-

145 910 258 969 medto
271 911 346 980 eius
356 923 425 972 aon
435 907 704 969 commovebitur
716 904 820 984 (Psal.
833 906 883 976 15,
895 902 940 983 5).
999 901 1096 964 tibus
1120 901 1269 964 Primum
1298 904 1484 967 sanctificat
1510 909 1599 967 Deus
1622 923 1683 984 per
1703 907 1794 984 seip-

146 1006 184 1065 111
209 1003 281 1066 sola
306 1005 409 1066 Beata
432 1005 571 1080 Virgine
596 1004 670 1080 post
694 1003 943 1079 conceptionem
998 1017 1082 1073 sum,
1103 1000 1284 1062 secundum
1306 1017 1365 1078 per
1383 1001 1555 1072 famulum,
1577 1004 1712 1066 tertium
1733 1019 1794 1083 per

147 1101 264 1164 babuit
278 1102 429 1164 Christus
441 1101 622 1178 hospitium
634 1100 765 1177 quietis,
782 1099 860 1176 quia
872 1099 944 1160 nul·
998 1097 1122 1172 fllium,
1153 1099 1305 1175 quartum
1336 1115 1396 1177 per
1434 1102 1592 1178 Spiritum
1623 1103 1794 1164 Sanctum.

147 1199 216 1260 lum
233 1199 362 1262 invenit
384 1200 420 1261 in
444 1214 484 1260 ea
501 1199 689 1276 peccatum,
714 1213 777 1260 nec
795 1195 943 1258 fomitem
998 1195 1145 1258 Primum
1172 1196 1358 1258 sanctificat
1386 1198 1473 1260 visio
1505 1201 1583 1272 Dei,
1612 1200 1795 1262 secundum

146 1297 286 1372 peccati.
304 1299 342 1358 ln
361 1297 439 1358 ahis
456 1297 586 1358 invonit
602 1295 782 1373 hospitium
798 1310 945 1358 commo-
998 1291 1110 1354 unctio
1130 1292 1207 1361 olei,
1227 1292 1362 1354 tertium
1377 1293 1508 1356 devotio
1528 1296 1621 1370 fidei,
1639 1297 1794 1374 quarmm

146 1393 248 1456 tionis
269 1394 302 1455 et
319 1393 558 1464 tribulationie,
581 1392 668 1470 quod
688 1392 815 1454 invenit
836 1392 872 1453 in
892 1393 943 1453 eis
996 1388 1121 1451 infusio
1148 1389 1290 1466 Spiritus
1318 1391 1442 1453 Sancti.
1476 1393 1578 1454 Beata
1603 1394 1706 1469 Virgo
1734 1409 1794 1472 per

147 1490 266 1552 saltem
284 1490 432 1553 fomitem
454 1490 593 1568 peccati.
614 1492 693 1550 Haec
713 1489 764 1551 θεῖ
784 1504 863 1550 arca
885 1488 944 1550 illa
998 1502 1116 1549 novem
1131 1502 1261 1548 menses
1280 1487 1456 1549 Dominum
1473 1490 1618 1565 portavit
1635 1491 1670 1552 in
1685 1491 1792 1554 utero.

146 1589 229 1660 Noe,
250 1603 424 1665 perquam
443 1587 606 1650 salvatum
627 1587 678 1650 est
695 1602 800 1664 genus
819 1587 943 1648 huma-
1040 1585 1196 1662 Legimus
1207 1585 1277 1646 tres
1288 1585 1520 1663 principaliter
1532 1588 1706 1650 Dominum
1722 1605 1797 1664 por-

147 1701 238 1747 num.
255 1688 334 1748 Haec
351 1685 402 1748 est
424 1686 519 1762 virga
533 1688 657 1756 Aaron,
676 1700 750 1761 quae
769 1683 848 1748 licet
870 1683 945 1746 fue-
997 1682 1098 1745 tasse.
1123 1683 1225 1744 Beata
1244 1683 1352 1744 Maria
1376 1684 1521 1760 portavit
1550 1684 1586 1744 in
1607 1684 1713 1756 utero,
1740 1685 1796 1746 Si-

146 1784 192 1844 rit
215 1783 311 1844 arida
335 1783 376 1844 ab
400 1784 539 1845 humore
563 1781 669 1854 virili,
698 1780 806 1842 subito
831 1784 943 1844 10111011
999 1797 1084 1842 neon
1098 1780 1135 1842 in
1148 1781 1247 1853 ulnis,
1268 1781 1393 1859 loseph
1419 1782 1454 1842 in
1474 1781 1633 1844 humeris.
1653 1781 1794 1858 Signifi-

148 1895 285 1957 garmen
299 1881 448 1957 protulit,
465 1882 500 1941 θῖ
511 1879 546 1940 in
561 1879 706 1941 fructum
721 1877 856 1940 uberius
869 1881 945 1958 pul·
998 1879 1075 1941 eant
1087 1881 1154 1942 11οε
1166 1877 1223 1942 isti
1237 1880 1306 1941 tres
1326 1879 1459 1941 ordines
1479 1880 1670 1942 electorum.
1687 1880 1795 1941 Maria

147 1977 276 2040 lulavit.
297 1977 359 2040 Hie
378 1978 429 2040 θεῖ
448 1976 550 2040 rubus
570 1977 605 2038 in
625 1993 690 2054 quo
710 1978 864 2055 apparuit
878 1980 945 2040 Do-
999 1976 1165 2053 significat
1187 1977 1439 2055 praedioatores3
1466 1979 1522 2055 qui
1544 1978 1633 2040 enim
1656 1976 1795 2039 verbum

146 2075 257 2135 minus
283 2076 402 2153 Moysi,
428 2077 485 2152 qui
508 2074 684 2137 videbatur
707 2076 841 2151 ardare;
866 2075 944 2153 quia
998 2075 1058 2136 Dei
1073 2075 1243 2154 praedieat,
1261 2076 1356 2153 quasi
1378 2076 1543 2138 Christum
1559 2076 1594 2136 in
1608 2077 1703 2138 utero
1716 2091 1795 2152 por-

147 2173 285 2248 gravida
298 2174 431 2250 quidem
446 2173 602 2251 apparuit
616 2174 730 2249 Virgo,
747 2172 878 2251 quando
891 2173 945 2234 in·
998 2173 1196 2241 1011101111
1223 2173 1299 2234 aliis
1323 2173 1376 2235 vel
1402 2174 1486 2235 alios
1507 2174 1539 2235 01
1558 2174 1677 2250 pariat.
1700 2172 1794 2234 Unde

146 2270 246 2331 venta
267 2269 318 2331 θεῖ
336 2271 370 2332 in
392 2271 485 2332 utero
508 2269 635 2332 habens
653 2293 661 2332 ι
679 2271 742 2332 Sed
766 2286 833 2331 non
853 2285 945 2332 com·
999 2270 1143 2332 Paulus:
1159 2275 1363 2343 1111101101θί,
1379 2287 1463 2346 qaas
1477 2273 1793 2347 tterampartarto,

146 2464 288 2540 sumpta,
305 2465 444 2542 eoquod
459 2464 501 2527 de
518 2465 645 2542 Spiritu
658 2466 779 2527 Sancto
794 2466 943 2544 estquod
999 2465 1063 2545 19).
1093 2467 1226 2528 Simeon
1259 2466 1426 2543 significat
1456 2467 1561 2529 bonos
1590 2468 1793 2544 operatores.

146 2561 181 2622 in
209 2577 250 2622 ea
280 2563 394 2624 natum
422 2563 482 2625 est.
512 2563 575 2624 Hic
598 2562 649 2625 est
675 2563 817 2625 thronus
846 2579 944 2640 quem
999 2563 1061 2635 Qui
1074 2564 1162 2624 enim
1178 2563 1302 2640 frangit
1316 2579 1435 2640 panem
1448 2565 1620 2635 esurienti,
1637 2565 1670 2624 et
1682 2563 1803 2625 omnia·

146 2672 210 2719 rex
225 2657 380 2719 Salomon
404 2658 482 2720 fecit
504 2659 567 2720 sibi
587 2661 628 2721 de
649 2659 748 2722 ebore
771 2660 941 2736 grandem,
999 2677 1100 2737 opera
1113 2660 1351 2722 misericordiae
1366 2660 1446 2722 facit
1460 2662 1580 2737 egenti,
1595 2660 1794 2722 100101110-

150 2754 281 2830 quando
301 2754 479 2817 candorem
501 2757 687 2833 virgineum
705 2758 769 2820 sibi
787 2759 822 2819 in
842 2758 943 2820 hahi—
998 2758 1053 2820 1111
1065 2775 1140 2820 eum
1153 2758 1286 2837 portare
1307 2757 1340 2819 in
1354 2758 1456 2830 ninia,
1482 2757 1601 2835 quibus
1622 2757 1794 2834 injudicio

149 2849 297 2911 taculum
312 2850 491 2928 dedicavit;
511 2854 543 2915 01
556 2854 706 2918 introivit
719 2871 779 2934 per
796 2855 943 2918 clausam
999 2855 1796 2922 (110111111001111011110110000001000110111111

147 2947 277 3024 portam
311 2948 371 3010 lux
406 2950 439 3011 θῖ
472 2950 572 3012 decus
609 2954 774 3015 universae
807 2953 943 3016 fabricae
998 2951 1793 3032 01001000100111110010110...(1101111111,

146 3044 273 3105 mundi.
294 3046 375 3108 Haec
392 3049 443 3110 est
464 3049 558 3125 porta
573 3066 646 3127 quae
662 3051 843 3113 secundum
862 3055 945 3114 Eze-
998 3052 1062 3133 10).
1075 3053 1200 3130 loseph
1225 3050 1391 3128 significat
1412 3051 1490 3113 fidei
1514 3051 1715 3112 defensores.
1733 3049 1796 3121 Qui

146 3140 287 3204 ohielem
316 3143 351 3204 in
384 3145 480 3208 domo
509 3149 641 3210 Domini
667 3165 798 3227 semper
829 3150 943 3212 clausa
999 3152 1088 3212 enim
1115 3149 1286 3212 laboribus
1302 3165 1362 3227 pro
1382 3149 1512 3211 Christo
1532 3147 1724 3224 fatigantur,
1739 3146 1796 3225 qui

146 3241 362 3316 conspicitur.
376 3244 446 3304 Hoc
461 3244 513 3306 θεῖ
525 3244 685 3322 templum
701 3247 741 3308 de
756 3263 821 3325 quo
836 3247 945 3325 inquii
998 3247 1264 3326 persecutionem
1302 3264 1362 3325 pro
1393 3247 1524 3308 Christo
1557 3247 1739 3324 patiuntur,
1769 3243 1795 3305 ii

93 3411 98 3422 ι
146 3337 331 3400 Malachias
341 3361 349 3399 :
360 3342 488 3402 Statim
499 3345 669 3405 ocatctad
678 3345 945 3420 tcmptamsanc-
997 3347 1112 3406 lesum
1127 3344 1163 3405 in
1178 3343 1327 3406 humeris
1343 3342 1486 3420 portant.
1505 3342 1598 3405 Unde
1611 3343 1794 3404 Dominus:

146 3433 221 3496 tum
237 3451 340 3498 arram
363 3441 561 3501 dominator
578 3456 680 3515 ouem
701 3458 763 3505 oos
786 3445 944 3518 quanta
999 3442 1147 3508 0010011
1171 3444 1292 3503 ventre
1315 3441 1392 3514 post
1406 3455 1472 3511 mc,
1487 3439 1798 3515 aoneaetremeap-

146 3531 180 3592 ct
212 3539 354 3611 appetas
387 3537 586 3599 testamenti
611 3554 713 3613 quem
744 3555 806 3604 cos
839 3543 945 3604 cattis
998 3555 1087 3610 sam,
1100 3539 1133 3600 et
1149 3538 1242 3601 tollat
1251 3551 1390 3598 cracem
1400 3551 1502 3598 suam
1514 3536 1549 3596 01
1562 3536 1730 3606 sequatur
1741 3549 1796 3596 me

147 3626 306 3708 (1101111,
328 3629 374 3711 1).
396 3633 458 3694 Η10
482 3635 532 3696 θεῖ
550 3635 731 3710 thalamus,
754 3638 875 3715 dequo
898 3639 945 3701 ait
999 3633 1131 3714 (Matth.
1149 3631 1303 3711 111151).
1327 3633 1417 3691 Crux
1435 3629 1520 3692 solet
1537 3629 1664 3707 portari
1678 3629 1714 3692 in
1732 3630 1797 3692 hu·

145 3728 250 3789 David
267 3749 275 3789 1
292 3733 335 3790 fn
350 3735 421 3792 cote
433 3733 551 3806 posuit
570 3734 828 3796 tabernaculam
841 3749 945 3796 sacam
1000 3731 1113 3790 meris.

146 3825 180 3886 et
191 3828 264 3900 ipsc
279 3827 445 3901 tanquam
456 3845 606 3904 sponsas
616 3833 807 3902 procedens
818 3833 859 3892 dc
875 3831 946 3892 tha·
1041 3826 1204 3889 Similiter
1218 3825 1368 3888 Christus
1382 3825 1504 3888 dicitur
1518 3823 1579 3887 sol.
1596 3826 1633 3888 ln
1649 3825 1719 3887 solo
1734 3841 1798 3887 au-

145 3927 235 3984 lamo
247 3939 310 3984 suo
326 3921 428 4002 (Psal.
447 3927 497 3996 18,
512 3923 558 4003 6).
998 3925 1065 3986 tem
1080 3924 1137 4001 qui
1156 3926 1207 3986 est
1230 3924 1381 3986 Christus
1403 3924 1547 4001 quinque
1567 3923 1797 4000 principaliter

185 4019 288 4080 Beata
312 4018 420 4079 Mater
443 4019 566 4083 dicitur
584 4022 644 4094 sol,
671 4025 758 4101 quod
782 4022 868 4087 sicut
894 4027 944 4088 sol
999 4022 1223 4085 attenduntur.
1239 4023 1397 4085 Solenim
1414 4022 1450 4083 in
1465 4021 1796 4085 seincommutabilis

145 4117 197 4178 θεῖ
225 4115 350 4176 clarior
378 4116 505 4179 cunctis
529 4117 767 4192 luminaribus,
795 4124 845 4184 sio
870 4123 943 4201 ipsa
999 4121 1060 4194 θεῖ,
1077 4137 1151 4182 cum
1176 4120 1256 4181 luna
1281 4119 1423 4197 singulis
1447 4120 1616 4181 mensibus
1647 4135 1798 4182 commu-

145 4212 278 4289 dignior
288 4214 338 4275 θεῖ
348 4214 501 4276 omnihus
512 4218 685 4278 creaturis.
699 4219 843 4283 Proinde
855 4223 942 4284 Deus
997 4219 1094 4281 tetur.
1110 4221 1147 4280 ln
1162 4219 1232 4280 sole
1243 4218 1336 4279 nulla
1348 4220 1398 4280 est
1412 4217 1554 4288 macula,
1574 4233 1648 4278 cum
1665 4231 1797 4293 semper

144 4311 255 4388 posuit
268 4309 521 4374 tabernaculum
536 4331 644 4387 suum,
657 4316 755 4390 idest,
767 4318 943 4382 hahitatio-
997 4317 1128 4378 macula
1148 4316 1191 4377 sit
1214 4315 1249 4376 in
1268 4315 1359 4375 luna.
1378 4314 1434 4375 Sol
1445 4313 1545 4373 hahet
1555 4311 1795 4389 plenitudinem

143 4423 219 4470 nem
239 4424 333 4470 suam
348 4408 383 4470 in
398 4409 490 4483 00,οῖ
506 4409 584 4474 10011
600 4412 664 4474 sihi
676 4413 939 4490 tabernaculum,
997 4413 1144 4484 luminis,
1161 4429 1182 4474 a
1197 4427 1261 4489 quo
1280 4412 1311 4473 θ1
1333 4411 1400 4473 alia
1412 4409 1593 4471 luminaria
1607 4409 1720 4470 lumen
1738 4425 1797 4471 ac-

143 4505 238 4577 idest,
254 4521 374 4584 corpus
394 4508 576 4570 humanum
591 4525 635 4572 ex
647 4527 698 4584 ea,
720 4513 754 4574 et
766 4512 839 4590 ipse
853 4516 941 4577 Deus
997 4511 1135 4588 cipiunt.
1153 4509 1208 4572 Sol
1224 4509 1302 4570 licet
1316 4509 1359 4570 sit
1380 4507 1608 4580 immutabilis,
1627 4507 1795 4569 interdum

143 4603 307 4680 processit
326 4605 486 4682 tanquam
510 4622 663 4684 sponsus,
680 4608 777 4683 idest,
793 4612 943 4688 splendi-
996 4608 1107 4669 tamen
1123 4607 1250 4685 patitur
1265 4606 1454 4684 ecclypsim.
1482 4605 1538 4666 Sol
1564 4621 1696 4682 semper
1708 4605 1797 4668 lucet

142 4699 204 4763 dus
217 4701 251 4763 et
261 4703 410 4764 ornatus.
425 4705 500 4765 Non
513 4705 601 4766 enim
615 4708 777 4782 processit
788 4710 941 4772 sordidus
997 4705 1031 4768 in
1051 4706 1115 4766 die.
1139 4706 1218 4766 Haec
1238 4705 1353 4766 eadem
1377 4704 1410 4765 et
1430 4704 1466 4764 in
1489 4719 1569 4765 vero
1588 4703 1658 4765 sole
1682 4703 1795 4764 nostro

142 4799 278 4874 peccato
312 4799 469 4876 originali
503 4801 556 4862 vel
590 4803 702 4881 aliqua
731 4805 941 4870 immunditia
997 4803 1138 4866 sollicite
1153 4801 1412 4864 consideremus.
1436 4801 1492 4862 Sol
1508 4802 1541 4861 in
1562 4801 1797 4862 scincommu-

142 4895 281 4968 carnali,
299 4895 385 4958 sicut
399 4898 458 4959 alii
473 4899 579 4975 pueri,
596 4901 682 4976 quod
698 4901 761 4963 iste
778 4906 942 4980 processit
995 4900 1108 4964 tabilis
1124 4901 1184 4972 est,
1197 4901 1231 4962 et
1244 4901 1318 4976 ipse
1338 4898 1490 4960 Christus
1505 4898 1687 4960 secundum
1703 4897 1794 4958 divi-

141 4991 183 5056 de
207 4993 354 5056 thalamo
380 5011 452 5067 suo,
474 4995 561 5058 idest
589 4997 630 5059 de
656 4999 806 5082 Virginis
832 5002 938 5065 utero.
996 4998 1110 5060 nitatis
1143 4997 1324 5076 potentiam
1354 5011 1485 5073 semper
1513 4993 1795 5057 incommutabilis

141 5093 291 5163 Quatuor
317 5092 396 5151 sunt
424 5093 484 5154 Dei
516 5093 733 5158 tabernacula
759 5114 880 5174 magna
908 5103 942 5164 et
996 5095 1197 5174 perseverat.
1213 5097 1299 5156 Nam
1310 5092 1440 5156 stabilis
1455 5109 1593 5154 manens
1607 5093 1662 5154 dat
1675 5093 1796 5154 cuncta

140 5188 288 5250 mirabili
328 5189 541 5273 distinctione
578 5191 737 5270 disparia.
776 5197 941 5261 Differunt
995 5192 1325 5269 moveri.Unde.ipse
1338 5191 1402 5254 ait:
1417 5193 1485 5268 Ego
1501 5207 1574 5252 sum
1587 5193 1673 5251 Deus
1685 5191 1718 5252 θῖ
1727 5207 1795 5254 non

140 5301 283 5364 namque
304 5287 451 5360 nomine,
470 5288 642 5364 dignitate,
659 5291 743 5365 loco,
768 5295 938 5371 qualitate.
995 5293 1105 5354 mutor
1131 5287 1223 5370 (Mal.
1254 5305 1311 5362 111,
1333 5288 1378 5367 6),
1410 5288 1499 5367 apud
1522 5303 1619 5364 quem
1654 5304 1720 5349 non
1745 5290 1796 5350 est

140 5384 289 5446 Primum
303 5384 424 5448 dicitur
438 5388 600 5448 aeternum
616 5389 648 5450 et
660 5389 868 5466 admirabile,
885 5411 941 5457 se-
997 5389 1227 5452 transmutatio
1255 5404 1316 5449 nec
1336 5385 1579 5450 vicissitudinis
1616 5385 1795 5448 obumbra-

140 5481 285 5544 cundum
301 5481 528 5546 manufactum
546 5488 579 5548 et
598 5486 786 5561 umbratile,
805 5491 938 5554 tertium
994 5489 1051 5550 tio.
1072 5490 1109 5549 In
1135 5488 1204 5548 sole
1226 5486 1319 5548 nulla
1343 5485 1393 5546 θεῖ
1416 5482 1564 5552 macula,
1588 5485 1620 5546 θῖ
1645 5484 1718 5560 ipse
1745 5485 1794 5546 est

140 5581 290 5642 sanctum
324 5581 357 5642 et
387 5582 540 5658 qumtum
570 5585 755 5662 spirituale.
791 5589 937 5654 Primum
994 5587 1051 5666 qui
1086 5584 1302 5662 singulariter
1337 5583 1508 5660 ingressus
1548 5583 1599 5646 est
1634 5582 1792 5644 mundum
