4234 6442
731 274 959 338 EPISTOLAE.
982 275 1060 336 LIB.
1085 273 1126 334 ΙΙ.
1693 273 1752 330 tlte

454 477 550 564 Xffl
918 488 921 497 .
954 435 1088 498 lationis
1102 432 1284 504 obstaculo,
1295 431 1528 508 exsequantur.
1546 432 1664 491 Datum
1682 433 1748 490 Fe-

918 578 921 590 .
954 531 1077 596 rentini
1093 531 1188 594 sento
1204 531 1278 594 idus
1295 521 1433 605 Augusti
1449 544 1537 592 anno
1553 528 1708 590 secundo.

224 653 277 714 Ad
295 653 491 723 episcopum
506 644 778 713 Atrebatensem.
995 634 1032 692 ln
1042 629 1193 692 eumdem
1204 628 1273 690 sere
1281 627 1414 693 modum
1422 627 1580 704 scriptum
1592 629 1642 688 est
1652 643 1752 704 super

956 729 1018 792 noc
1048 727 1184 799 eisdem,
1203 725 1314 788 verbis
1346 724 1569 804 competenter
1601 725 1748 786 mutatis.

379 781 524 854 mgna·
541 778 621 835 ¹²¹⁷·
957 825 1048 898 Quod
1068 823 1098 886 si
1114 838 1321 897 nonomnes,
1338 823 1413 894 etc„
1431 821 1495 884 duo
1513 821 1670 894 vestrum,
1688 824 1750 884 etc.

315 900 423 972 [Regest.
434 899 479 954 tlh.
488 902 519 960 11,
533 901 608 967 epist.
621 895 688 965 872]

102 971 405 1093 rraeripn'iiononus
431 1018 566 1092 episcopo
582 1013 763 1074 Atrebatensi
790 1018 822 1068 ut
846 1007 921 1098 piis,
1310 991 1401 1080 XIV

1013 1148 1065 1208 n

1287 1281 1356 1339 nug.
1444 1309 1450 1322 .

146 1323 316 1386 Honorius
336 1325 412 1396 etc,
426 1319 612 1384 venerabili
631 1317 727 1382 fratri
746 1316 920 1394 episcopo·
1300 1381 1306 1392 ,
1426 1379 1432 1390 ,

1168 1381 1278 1446 [negent.
1289 1379 1335 1432 nh.
1347 1381 1379 1436 Il,
1392 1385 1466 1444 aprst.
1477 1379 1544 1442 582]

100 1422 419 1594 Atgffiznfibus
452 1515 531 1578 olim
570 1513 667 1576 nobis
702 1507 832 1580 dilectis
865 1509 900 1570 in
975 1489 1102 1551 llemittit
1119 1489 1146 1546 el
1158 1489 1330 1546 canonicum
1346 1489 1379 1547 0.
1395 1485 1573 1572 absolutione
1587 1485 1733 1545 donatum.

108 1617 243 1678 Christo
271 1613 402 1676 filiabus
418 1616 451 1676 S.
481 1615 525 1674 M.
543 1615 581 1674 R.
599 1613 632 1674 et
645 1613 681 1673 F.
706 1607 901 1672 mulieribus
996 1616 1163 1678 Honorius
1179 1616 1366 1694 episcopm,
1378 1616 1454 1686 etc„
1469 1614 1589 1700 dilecto
1605 1615 1673 1677 filio
1688 1615 1752 1676 ab.

106 1713 301 1776 Atrebatem
330 1712 498 1782 dioecesis,
523 1709 608 1788 quod
628 1708 726 1787 juxta
752 1709 900 1771 Duaoum
956 1712 1026 1776 bati
1041 1715 1147 1776 sancti
1161 1713 1282 1776 Leonis
1298 1713 1476 1776 Tullensis.
1565 1775 1572 1788 ,

100 1811 239 1872 domum
250 1809 478 1872 cisterciensis
486 1806 614 1868 ordinis
622 1806 815 1868 construere
824 1818 903 1880 pro-
997 1813 1062 1872 per
1075 1810 1150 1881 tuas
1163 1809 1259 1872 nohis
1275 1811 1403 1892 litteras
1420 1811 1595 1882 intimasti,
1612 1809 1698 1888 quud
1714 1813 1750 1872 0.

99 1909 287 1984 posuerant
296 1908 329 1967 et
341 1907 381 1967 de
389 1905 485 1988 lionis
498 1904 668 1965 sibiaDeo
681 1901 811 1964 collatis
826 1900 902 1962 tan-
958 1909 1138 1970 canonicus
1153 1908 1240 1979 tuus,
1258 1907 1293 1970 in
1313 1907 1488 1985 quemdam
1503 1908 1662 1968 clericum
1676 1924 1753 1968 mu-

99 2009 174 2066 tum
190 2005 255 2082 ipsi
265 2004 338 2080 [000
348 2002 510 2073 musello,
525 2004 561 2063 Ul
569 2001 651 2078 11³⁸ae
660 2015 733 2078 quae
744 1997 903 2060 affectant
957 2004 1100 2076 leticum,
1125 2019 1285 2066 aecensus
1299 2005 1370 2069 zelo
1385 2005 1609 2075 rectitudinis,
1635 2020 1754 2066 manus

100 2103 221 2164 saeculi
230 2101 386 2180 fugientis
401 2100 516 2176 lugere
528 2097 722 2168 vanitatem,
732 2111 807 2158 cum
820 2110 903 2156 oon·
957 2101 1118 2180 usquead
1133 2102 1306 2178 sanguinis
1327 2102 1522 2164 effusionem
1541 2102 1625 2162 citra
1643 2102 1754 2162 tamen

100 2200 209 2262 ventu
234 2199 468 2276 religiosarum
499 2195 627 2274 possint
653 2208 798 2272 congrue
822 2208 901 2253 sus·
956 2197 1755 2278 membrorumdeformitateminjecit3acdemnm

97 2289 901 2372 tentertaosunrlicantibusutconcederemusiis
957 2297 1192 2375 reconciliatus
1211 2297 1386 2370 eldeum
1406 2297 1459 2358 sui
1478 2297 1597 2358 necant
1614 2297 1753 2360 consilio

97 2395 227 2458 ibidem
242 2393 417 2456 ecclesiam
433 2393 466 2453 et
485 2391 656 2468 proprium
676 2387 900 2465 capellanum
957 2395 1147 2466 celebravit,
1164 2394 1754 2472 absolutionisheneilciononohten-

95 2509 165 2554 nos
176 2492 325 2553 volentes
337 2489 397 2552 tibi
408 2487 549 2559 deferre,
559 2486 685 2564 quiloci
694 2485 902 2546 dioecesanus
956 2493 1001 2565 to,
1023 2491 1198 2570 quodcum
1213 2491 1301 2554 idem
1320 2491 1380 2553 uhi
1402 2489 1754 2554 02n0n10usr0ve133.

95 2590 234 2661 existis,
244 2587 485 2657 mandavimus,
497 2582 757 2646 utconsideratis
772 2580 857 2652 loco,
871 2583 903 2642 et
957 2589 1017 2657 set,
1029 2587 1148 2646 tneum
1158 2586 1198 2647 ad
1208 2583 1755 2674 nostrampraesentiamldestiuasti

94 2686 316 2750 facultatibus
329 2701 411 2763 quas
424 2681 651 2762 proponebant
663 2680 705 2742 ad
720 2695 802 2764 opus
817 2678 901 2739 reli·
957 2682 1221 2744 misericordiam
1234 2682 1408 2760 petiturus.
1429 2683 1499 2744 Nos
1518 2682 1622 2761 igitur
1643 2683 1751 2761 ipsum

97 2785 217 2862 gionis
229 2783 393 2854 conferre,
411 2781 492 2858 ipsis
506 2778 672 2858 postulata
689 2777 900 2846 concederes,
957 2780 998 2841 ad
1016 2781 1048 2842 te
1061 2781 1260 2842 remittimus
1275 2779 1473 2852 ahsolutum,
1488 2782 1521 2842 et
1545 2781 1622 2859 quia
1646 2781 1755 2861 ipsum
1823 2793 1826 2801 ·

97 2884 180 2944 sine
196 2881 285 2958 juris
304 2879 499 2958 praejudicio
519 2876 633 2948 alieni,
656 2875 781 2960 decano
796 2873 901 2936 sancti
956 2877 1046 2940 zelus
1077 2878 1285 2941 rectitudinis
1315 2879 1447 2956 impulit
1475 2877 1515 2939 ad
1537 2878 1754 2955 injiciendum

96 2978 262 3056 Gangeri,
275 2978 308 3040 et
319 2980 351 3038 S.
361 2976 503 3040 arbonae
516 2973 684 3038 memoriae
696 2977 731 3036 G.
741 2972 781 3035 de
790 2970 902 3032 insula
957 2991 1075 3037 manus
1109 2974 1145 3038 in
1168 2975 1354 3038 maleficum
1380 2977 1618 3048 memoratum,
1656 2991 1757 3054 snper

98 3077 276 3140 canonicis
298 3078 510 3138 cameracen.
533 3074 574 3136 ad
598 3074 661 3136 hoc
683 3068 902 3134 monitoribus
957 3073 1153 3136 executione
1168 3073 1269 3136 offleii
1282 3075 1335 3135 sui
1352 3090 1477 3136 cumeo
1492 3074 1754 3136 misericorditer

95 3174 280 3253 deputatis.
296 3175 412 3252 Nuper
427 3171 556 3251 praefati
572 3171 717 3234 decanus
732 3171 765 3231 et
780 3170 812 3230 S.
832 3168 901 3228 suis
957 3171 1184 3250 dispensantis
1199 3172 1422 3254 concedimus,
1439 3173 1475 3234 ut
1491 3174 1626 3249 peracta
1643 3172 1755 3249 poeni-

93 3273 200 3336 nohis
228 3271 348 3335 litteris
380 3271 587 3342 intimarunt,
617 3267 705 3348 quod
731 3281 832 3346 quum
860 3263 902 3326 ab
956 3269 1076 3343 tentia,
1101 3285 1200 3346 quam
1227 3270 1436 3347 providentia
1456 3270 1513 3333 tua
1535 3270 1599 3332 sibi
1621 3269 1756 3332 duxerit

94 3371 230 3434 eisdem
244 3366 538 3432 commonitorihus
552 3364 799 3443 respondisses,
815 3361 902 3440 quod
958 3366 1320 3444 injungendam,libere
1328 3383 1424 3428 suum
1432 3366 1577 3428 osticium
1584 3383 1754 3444 exsequa-

80 3470 195 3532 certo
210 3467 264 3528 die
280 3468 389 3531 locum
404 3465 589 3541 inspiceres
597 3461 827 3532 memoratum,
842 3474 902 3520 nec
957 3465 1022 3525 tur.
1039 3463 1219 3525 Praelatum
1231 3479 1310 3525 vero
1324 3463 1493 3537 clericum,
1510 3464 1540 3524 si
1559 3464 1681 3541 poterit
1697 3464 1753 3524 in-

93 3563 311 3645 postmodum
329 3577 429 3638 super
453 3561 517 3622 hoc
537 3559 587 3620 eis
606 3557 733 3636 alintud
757 3556 904 3632 rescrip-
957 3560 1077 3632 veniri,
1093 3576 1167 3622 curn
1178 3560 1299 3622 litteris
1314 3561 1441 3622 tuisnei
1454 3561 1574 3622 seriem
1585 3561 1755 3622 continen-

96 3665 216 3732 sisses
237 3661 270 3722 et
289 3658 541 3722 considerantes
565 3656 674 3718 locum
693 3654 726 3716 et
744 3656 816 3730 ejus
830 3652 902 3713 cir·
957 3658 1045 3720 tibus
1064 3656 1106 3719 ob
1125 3657 1235 3719 olflcio
1255 3657 1482 3735 beneficioque
1499 3675 1697 3734 suspensum
1713 3658 1755 3720 ad

97 3747 903 3832 oumstantiasdiligenier,illuminveneruntreli·
957 3756 1107 3818 nostram
1128 3756 1243 3821 venire
1265 3756 1477 3839 praesentiam
1496 3772 1556 3834 per
1579 3771 1755 3840 censuram

97 3857 196 3935 gioni
219 3855 398 3932 plurimum
424 3865 625 3927 congruer03
657 3847 776 3926 quihus
802 3846 902 3907 etiam
958 3852 1221 3916 eeclesiasticam
1232 3853 1456 3934 appellatione
1471 3854 1756 3931 postpositaeom-

99 3951 455 4016 relationemultorum
474 3947 628 4019 innotuit,
644 3945 729 4024 quod
748 3943 902 4006 nonnulli
957 3949 1074 4029 pellas,
1094 3952 1402 4019 Datumwlrerentim
1415 3953 1510 4014 sexto
1531 3952 1606 4014 idus
1621 3952 1754 4028 augusti

89 4051 224 4112 divites
246 4049 286 4110 de
306 4049 417 4110 Duado
434 4047 584 4124 locisque
602 4042 733 4114 vicinis,
757 4042 811 4120 pio
827 4040 900 4102 dic·
946 4048 1169 4126 ‚pontificatus
1181 4049 1289 4112 nostri
1303 4065 1392 4112 anno
1407 4049 1564 4112 secundo,

97 4151 212 4210 tarum
244 4145 423 4208 mulierum
458 4142 626 4222 proposito
659 4137 903 4222 proposuerunt

88 4243 286 4308 liberaliter
294 4236 902 4318 subveniruitaquoncrediturlooum
1320 4217 1393 4306 XV

98 4344 211 4420 ipsum
219 4341 393 4404 essehrevi
403 4341 553 4416 tempore
565 4339 632 4398 tam
639 4334 793 4444 personis
803 4349 901 4412 quarn
956 4373 1009 4432 Ad
1022 4369 1178 4432 amm
1190 4370 1225 4430 et
1238 4370 1446 4430 conventum
1458 4370 1577 4431 Sancti
1589 4370 1754 4444 stephan,-

98 4431 902 4544 facultatibusampliandumdummodoetefavor
995 4470 1131 4538 Dtotoa.
1147 4467 1182 4528 ct
1195 4470 1364 4528 Moenum
1375 4467 1753 4541 etrapitutumcapelloe

98 4538 258 4600 Ecclesia
272 4553 338 4600 non
353 4537 502 4613 negetur.
525 4535 631 4606 Quum
649 4532 752 4608 igliur
772 4545 811 4592 0⁸
828 4544 901 4606 ⁶111ae
995 4565 1093 4626 pm
1104 4567 1336 4627 pipemensis,

98 4635 142 4698 ad
154 4635 261 4696 divini
272 4635 423 4696 Nominis
432 4633 556 4708 cultum
569 4631 601 4708 et
609 4626 900 4703 animarumsaln-

97 4735 167 4796 tem
177 4729 544 4806 pertinensnoscuntnr,
555 4725 902 4804 sintlavoreprompto
1233 4687 1265 4744 Η
1281 4693 1396 4814 august.
1412 4687 1491 4814 {²¹⁷⁸

99 4833 134 4889 et
161 4826 323 4891 benevolo
343 4826 584 4905 prosequenda,
607 4823 809 4886 fraternitati
834 4823 901 4885 tnae
1158 4795 1267 4867 ΜΨ·
1281 4801 1326 4852 ¹¹b·
1343 4801 1375 4861 ¹¹r
1388 4808 1460 4866 ΨΜ·
1476 4802 1544 4865 ³⁵⁸²]

98 4941 161 5003 per
196 4923 313 4985 iterata
343 4923 467 5000 scripta
498 4921 709 4992 mandamus,
737 4921 901 4998 quatenus
955 4907 1197 4983 compositionem
1208 4907 1750 4983 oontlrmatintereoslactam,appro·

99 5020 317 5086 construendi
329 5019 517 5090 ecclesiam,
527 5020 560 5081 et
573 5017 717 5082 habendi
730 5017 900 5096 proprium
1167 4995 1254 5056 blm&
1266 4995 1337 5056 ‘¹⁰⁰⁰
1351 4997 1533 5072 Burgundiae.

100 5119 314 5198 capellanum
329 5118 377 5181 eis
392 5117 562 5178 licentiam
574 5115 714 5187 tribuas,
728 5116 801 5178 sine
812 5114 900 5192 juris
991 5114 1175 5200 Honorius,
1184 5114 1259 5186 etc„
1270 5114 1401 5188 dilectis
1414 5114 1492 5176 illlis
1506 5114 1616 5177 abbati
1627 5115 1660 5178 et
1672 5129 1754 5178 con-

100 5219 297 5300 praejudicio
311 5217 424 5285 alieni.
438 5214 898 5294 Alioquinpraeiatisdeoano,
954 5213 1068 5274 ventui
1095 5211 1209 5300 Sancti
1236 5211 1411 5302 Stephani,
1438 5213 1539 5274 ete...
1565 5212 1691 5274 decano
1720 5217 1753 5274 et

99 5319 135 5377 et
145 5315 319 5389 canonico,
335 5332 375 5378 ac
391 5314 551 5392 magistro
565 5312 712 5378 iohanni
726 5312 767 5372 de
782 5311 899 5374 lirines
955 5310 1099 5388 capitulo
1111 5309 1248 5387 capelle
1261 5309 1354 5374 ducis
1367 5310 1544 5374 Divionen.

101 5415 264 5477 canonico
273 5416 499 5484 cameracen,
514 5411 637 5474 nostris
648 5411 766 5475 damus
777 5409 899 5472 litteris
993 5408 1097 5470 auses
1120 5405 1301 5485 petentium
1325 5407 1511 5479 desideriis,
1536 5408 1598 5472 etc.
1621 5420 1751 5485 uscire:

101 5510 137 5570 in
154 5512 330 5584 mandatis,
346 5513 382 5574 ut
404 5511 468 5588 ipsi
489 5510 553 5572 hoc
567 5508 766 5572 auctoritate
786 5509 899 5568 nostra
954 5507 1131 5584 complere.
1145 5507 1338 5584 liapropter,
1347 5507 1459 5569 dilecti
1474 5507 1510 5568 in
1523 5509 1662 5570 Domino
1675 5507 1749 5581 tilii,

103 5607 234 5670 sublato
254 5609 431 5688 cujuslibet
445 5606 718 5672 contradictionis
732 5607 766 5668 et
779 5604 898 5682 appel·
953 5604 1028 5676 etc,
1042 5618 1150 5678 usque
1165 5622 1176 5666 .·
1191 5619 1341 5666 assensu.
1353 5605 1631 5684 compositionem
1652 5621 1751 5685 super
