4214 6400
294 321 354 382 127
856 313 1034 376 HONORII
1057 315 1184 376 PAPAE
1205 315 1250 376 111
1271 313 1381 378 VITA.
1887 317 1951 378 428

293 479 373 540 Erat
389 477 458 540 turn
475 490 591 540 eorum
614 473 789 552 episcopus
809 472 995 547 Uldarlcus,
1014 473 1096 536 Dio-
1148 473 1242 552 impii
1268 473 1419 536 homines
1446 473 1483 540 iu
1512 473 1608 536 lllum
1634 473 1873 553 conspirarunt
1887 474 1949 556 (3).

294 575 384 653 paldi
413 573 588 651 Bergensis
613 571 744 634 comitis
771 569 877 644 fllius;
901 571 930 634 is
953 587 1094 648 proauo
1149 572 1330 650 Propterea
1344 572 1512 634 Honorius
1530 571 1572 634 de
1584 575 1657 649 ejus
1668 589 1750 634 nece
1760 573 1953 636 habendam

179 659 183 664 ’
295 688 445 744 munere,
458 672 494 733 ut
506 686 575 732 rem
585 685 715 732 omnem
731 668 930 740 absolveret,
947 669 1094 730 Pataviae
1149 669 1364 746 quaestionem
1380 669 1520 740 censuit,
1538 671 1742 746 Romamque
1755 687 1861 748 usque
1876 673 1952 733 tes-

295 771 477 846 cogendum
493 768 655 845 synodum
668 765 808 838 curarit,
826 767 880 826 cui
894 767 1094 843 Apostolioae
1148 768 1199 827 tes
1214 766 1380 842 prollcisci
1391 767 1504 843 jussit,
1516 767 1553 828 ut
1565 767 1788 844 liberiusque
1799 772 1952 842 nossent,

298 867 392 928 Sedis
412 867 513 942 legati
540 863 771 942 praesiderunt,
799 863 1033 941 decretumque
1058 865 1094 926 in
1149 865 1356 941 exponerent
1366 861 1427 942 (1).

295 979 335 1027 ea
350 964 410 1034 est,
428 964 464 1026 ut
488 964 635 1024 omnium
658 962 825 1023 fructuum
848 962 1009 1024 vicesima
1027 965 1095 1024 Ro-
1189 961 1400 1037 Fungebatur
1423 962 1534 1023 autem
1554 963 1625 1024 tum
1640 961 1833 1039 apostolicae
1854 963 1954 1024 Sedis

295 1079 383 1124 mam
409 1077 469 1139 per
494 1061 674 1123 triennium
699 1059 894 1131 afferretur,
917 1058 1093 1136 quodcum
1149 1059 1282 1120 nomine
1308 1059 1345 1120 in
1378 1059 1556 1121 Germania
1582 1058 1749 1136 legatione
1776 1061 1953 1122 Conradus

295 1160 495 1222 absolvisset
528 1158 788 1236 perfecissetque
825 1157 999 1234 episcopus
1022 1157 1094 1234 ipse
1148 1156 1317 1232 Εείιιιοιιίε
1339 1157 1534 1218 Portuensis
1559 1157 1733 1234 episcopus
1753 1156 1951 1220 cardinalis.

295 1273 424 1335 quoque
447 1255 652 1317 militaturus
676 1257 743 1316 Deo
768 1253 803 1316 in
817 1253 1029 1316 Palaestinam
1045 1254 1095 1316 est
1150 1255 1180 1314 Is
1199 1254 1303 1330 igitur
1324 1253 1412 1330 apud
1432 1253 1637 1330 Maguntiam
1657 1256 1772 1316 coacta
1786 1254 1952 1332 frequen-

294 1354 461 1432 profectus
486 1353 650 1433 (Metron.
668 1355 801 1421 salisb„
819 1353 934 1414 Patav.
951 1355 1009 1429 Ep.
1025 1350 1093 1430 11.)
1149 1351 1278 1412 tissima
1306 1350 1442 1428 synodo,
1473 1367 1585 1413 coram
1614 1351 1769 1413 Patribus
1794 1351 1952 1413 omnibus

334 1455 519 1529 Tergensee
541 1465 672 1528 quoque
687 1449 888 1511 monasterio
901 1449 937 1511 in
951 1451 1095 1512 Bavaria
1150 1464 1263 1510 necem
1271 1448 1384 1511 Sancti
1395 1448 1541 1526 episcopi
1549 1449 1737 1525 Hugelberti
1745 1449 1950 1527 deplorarit;

295 1567 370 1613 cum
385 1550 436 1610 illi
451 1548 646 1625 praesideret
660 1546 789 1608 abbatis
806 1546 902 1609 titulo
917 1548 1093 1621 Henricus,
1150 1547 1356 1624 quematiam
1369 1547 1542 1623 postquam
1558 1547 1670 1610 multis
1680 1548 1842 1608 encomiis
1856 1561 1955 1626 pero·

295 1647 336 1709 ab
352 1647 501 1709 Honorio
516 1645 616 1708 tertio
637 1645 899 1722 privilegiorum,
916 1661 989 1722 quae
1005 1661 1095 1722 prae·
1150 1659 1230 1706 rans
1241 1643 1513 1716 commendasset,
1529 1644 1662 1707 modern
1677 1645 1714 1705 in
1735 1644 1953 1706 Fredericum

295 1745 486 1807 decessores
512 1743 691 1806 Pontifices
726 1743 984 1815 concessissent,
1015 1758 1097 1805 con·
1151 1742 1303 1803 comitem
1326 1742 1463 1803 sceleris
1489 1743 1658 1804 auctorem
1678 1740 1856 1803 anathema
1871 1757 1956 1818 pro-

295 1843 517 1904 firmationem
544 1841 708 1903 exaravit.
737 1841 900 1922 (Metron.
915 1842 1035 1904 Satist.
1059 1840 1095 1901 in
1151 1839 1327 1901 nuntiavit.
1353 1839 1417 1900 Sed
1443 1839 1477 1903 et
1504 1839 1541 1901 iu
1563 1838 1752 1915 complices,
1772 1838 1951 1902 conscios-

296 1943 483 2015 Tergensee
499 1936 729 2014 monasterio.)
1151 1951 1214 2014 que
1240 1952 1365 2008 omnes,
1391 1952 1431 1998 ac
1456 1936 1591 2014 eosqui
1617 1936 1684 1998 illis
1705 1937 1763 1998 aut
1790 1937 1952 2013 deinceps

337 2037 448 2098 Bromi
460 2051 601 2114 quoque,
615 2034 784 2097 obsidibus
797 2034 894 2106 datis,
911 2034 1097 2111 desponde·
1151 2034 1219 2095 ullo
1243 2034 1377 2096 nomine
1402 2035 1696 2106 communicarent,
1708 2034 1874 2112 jussitque
1889 2049 1952 2111 per

295 2135 375 2196 runt
413 2149 449 2196 se
487 2134 523 2198 in
557 2133 621 2198 fide
649 2134 683 2195 et
715 2131 902 2196 obedientia
938 2135 1095 2196 Romanae
1151 2147 1265 2194 omues
1279 2145 1349 2194 suae
1367 2132 1558 2209 legationis
1584 2131 1784 2210 provincias,
1805 2135 1952 2208 Magnu-

296 2232 453 2294 Ecclesiae
464 2232 622 2308 perpetuo
641 2229 781 2301 futuros,
792 2230 1095 2308 juraqueejusdem
1151 2229 1254 2292 tinam
1276 2229 1414 2302 scilicet,
1436 2230 1677 2302 coloniensem,
1697 2233 1948 2302 Treverensem,

296 2329 454 2390 Ecclesiae
469 2328 622 2392 omnibus
637 2328 725 2390 uluis
737 2327 966 2403 amplexantes
982 2341 1097 2388 serva·
1149 2329 1373 2399 Bremensem,
1390 2343 1430 2388 ac
1440 2327 1769 2403 Magdeburgensem.
1786 2327 1823 2389 ut
1833 2328 1954 2390 licclc-

295 2427 400 2499 turos,
418 2428 532 2504 utpote
552 2443 634 2503 quas
656 2425 786 2501 magnis
810 2424 926 2486 eadem
946 2427 1095 2486 Romana
1152 2425 1212 2486 slis
1224 2423 1377 2486 omuibus
1392 2425 1564 2486 Dominica
1579 2424 1953 2502 qualibetdle,lumini-

296 2524 744 2601 Sedestuncquoquerecens
754 2521 913 2582 affecerat
924 2519 1096 2582 beneficiis
1151 2521 1258 2584 busin
1270 2521 1520 2584 detestationem
1531 2523 1670 2584 sceleris
1683 2522 1850 2594 extinctis,
1864 2537 1952 2583 ana-

301 2619 525 2700 (Joannetus).
1151 2620 1262 2682 thema
1284 2619 1404 2697 ubique
1431 2620 1655 2694 evulgaretur.
1681 2620 1719 2681 In
1746 2621 1820 2696 ipsa
1844 2620 1953 2696 igitur

335 2719 550 2780 colonienses
560 2717 659 2778 rebus
670 2715 824 2794 plurimis
833 2716 982 2778 Honorio
997 2715 1097 2778 obse-
1150 2717 1276 2795 synodo
1296 2718 1454 2779 exoratus
1467 2721 1519 2779 est
1533 2719 1686 2793 legatus,
1701 2719 1738 2780 ut
1751 2717 1951 2779 Theoderici

296 2816 364 2878 cuti
379 2817 477 2890 sunt3
502 2815 617 2892 ejectis
636 2816 725 2876 enirn
742 2813 930 2892 apostolica
945 2813 1095 2876 auctori·
1151 2812 1422 2876 monasteriensis
1433 2814 1591 2891 episcopi,
1606 2819 1639 2876 et
1654 2814 1841 2891 Hngelberti
1850 2814 1950 2876 electi

296 2913 364 2974 tate
379 2914 448 2974 tum
463 2913 679 2984 Theodorico,
693 2914 763 2973 tum
785 2911 935 2988 Adolpho
955 2911 1095 2972 intrusis
1151 2912 1415 2987 osnaburgensis
1425 2927 1659 2988 germanorum
1673 2911 1812 2974 fratrum
1824 2911 1948 2973 Fride-

297 3010 571 3087 archiepiscopis,
586 3027 686 3088 quum
704 3008 755 3088 (ut
771 3009 805 3069 ln
831 3007 1022 3070 Innocentio
1038 3008 1094 3068 di·
1150 3009 1213 3070 rici
1227 3009 1359 3072 comitis
1368 3009 1544 3086 parricide
1555 3009 1674 3072 litterae
1682 3009 1947 3072 admitterentur.

297 3105 423 3186 ximus)
450 3107 682 3183 [ingelbertum
718 3107 912 3182 elegissent,
941 3105 1094 3167 defuncto
1150 3106 1374 3170 Theodericus
1389 3107 1511 3168 etenim
1526 3109 1743 3184 purgaturum
1759 3123 1795 3168 se
1817 3108 1951 3169 tantos

298 3206 502 3277 Innocentio,
529 3205 697 3266 Honorius
723 3203 1009 3266 confirmationem
1035 3203 1097 3264 ad·
1151 3205 1276 3268 scelere
1287 3205 1544 3267 contestabatur.
1556 3204 1774 3281 Engelbertus
1786 3219 1866 3266 vero
1879 3219 1948 3265 non

297 3303 399 3376 misit,
423 3303 614 3381 apostolica
634 3303 800 3380 legatione
819 3303 975 3378 fungente
997 3301 1095 3362 Petro
1151 3303 1247 3366 modo
1263 3318 1300 3364 se
1313 3303 1454 3365 crimine
1476 3303 1535 3364 illo
1555 3303 1734 3364 immunem
1751 3317 1825 3364 esse
1850 3301 1949 3363 afflr-

297 3403 427 3464 Sanctae
439 3401 657 3464 Pudentianae
676 3400 839 3463 cardinali
850 3399 938 3476 apud
951 3399 1097 3460 Nuram-
1151 3399 1271 3472 mahat,
1298 3401 1378 3478 quin
1404 3417 1441 3462 se
1466 3400 1502 3462 in
1527 3399 1718 3477 episcopum
1746 3398 1947 3472 consecrari,

295 3498 447 3576 burgum,
478 3498 535 3561 uhi
560 3499 748 3561 Priderieus
770 3497 954 3574 imperator
981 3495 1095 3559 habito
1151 3498 1333 3574 apostolica
1349 3498 1545 3560 auctoritate
1560 3498 1660 3560 etiarn
1675 3497 1824 3574 rogabat.
1841 3500 1952 3572 Lega-

295 3597 480 3675 principum
505 3598 681 3670 conventu,
703 3594 893 3674 hujusmodi
917 3593 1098 3656 confirma·
1150 3596 1202 3656 lus
1215 3598 1310 3671 cujus
1330 3612 1397 3659 non
1411 3611 1515 3673 parva
1536 3599 1610 3658 erat
1632 3596 1669 3657 iu
1691 3595 1790 3658 rebus
1810 3595 1950 3671 agendis

294 3691 1095 3772 nonempostularat(1).sugelnertusitaquepre
1151 3693 1312 3766 sollertia,
1335 3693 1538 3771 perbenigne
1564 3693 1746 3771 respondit,
1769 3693 1811 3754 ad
1832 3693 1950 3768 ignos-

294 3791 426 3852 oaeteris
442 3790 594 3852 omnibus
607 3791 794 3852 Germaniae
810 3789 974 3867 episcopis
988 3792 1097 3864 Apos—
1151 3792 1291 3854 cendum
1303 3791 1400 3853 valde
1424 3807 1461 3854 se
1476 3807 1607 3869 semper
1621 3791 1724 3852 fuisse
1736 3805 1949 3868 propensum,

294 3887 405 3949 tolicae
430 3887 525 3950 Sedis
549 3887 612 3948 fuit
633 3889 846 3950 memoratus.
873 3887 958 3948 Nam
975 3885 1096 3962 praeter
1151 3903 1190 3950 ac
1222 3888 1321 3965 longe
1352 3889 1470 3965 magis,
1508 3898 1605 3966 quam
1636 3889 1678 3950 ad
1702 3887 1950 3962 damnandum3

295 3984 329 4045 id
358 3983 445 4060 quod
469 3984 505 4045 iu
531 3984 635 4045 arduo
661 3983 834 4046 electionis
868 3982 1095 4060 praepositurae
1151 3984 1365 4062 quamobrem
1375 4000 1443 4047 non
1456 3985 1603 4048 abnuere
1617 3986 1654 4048 ut
1667 3984 1735 4047 illis
1746 3985 1818 4046 dies
1837 3984 1951 4061 praefl-

297 4081 409 4144 Sancti
426 4081 596 4144 cuniberti
610 4080 756 4157 negotio,
767 4096 834 4142 non
848 4082 900 4143 est
911 4095 1013 4142 ausus
1026 4095 1095 4140 suae
1151 4085 1258 4158 gatnr,
1269 4099 1334 4161 qua
1346 4084 1554 4161 purgationis
1567 4082 1727 4144 beneflcio
1740 4083 1789 4143 uti
1797 4081 1948 4159 possent:

296 4178 394 4242 inniti
410 4177 595 4255 prudentie
611 4178 676 4239 aut
696 4176 908 4252 auctoritati;
936 4178 1096 4238 Romanae
1151 4181 1401 4257 expectaturum
1411 4195 1469 4242 eos
1479 4181 1516 4242 in
1529 4180 1705 4244 Leodieusi
1718 4179 1871 4252 concilio,
1884 4195 1950 4256 quo

297 4277 392 4338 Sedis
415 4275 579 4353 judicium
612 4275 800 4338 adeundum
829 4289 905 4336 esse
937 4273 1093 4344 decrevit,
1151 4277 1342 4354 propediem
1357 4277 1565 4353 profecturus
1574 4279 1672 4340 esset.
1689 4277 1732 4340 Hi
1746 4277 1849 4352 igitur
1864 4279 1951 4338 Leo-

294 4377 390 4451 cujus
404 4375 519 4450 postea
531 4374 730 4437 auctoritate
751 4389 804 4436 res
820 4371 929 4434 omnis
944 4369 1095 4433 absoluta
1150 4375 1241 4438 dium
1270 4375 1420 4452 profecti,
1447 4376 1505 4437 sed
1534 4376 1642 4439 irritis
1661 4375 1845 4447 conatibus,
1874 4390 1950 4436 cum

295 4473 346 4534 est
355 4470 415 4551 (2).
431 4473 536 4532 Tanta
551 4471 738 4533 constantia
748 4471 860 4548 itaque
871 4469 969 4532 fldem
984 4468 1096 4530 Ponti·
1150 4472 1242 4534 nullo
1253 4473 1411 4549 legitimae
1419 4472 1625 4550 purgationis
1633 4487 1755 4548 genera
1764 4472 1948 4543 uterentur,

295 4567 379 4640 ficis,
400 4569 434 4630 et
453 4567 689 4630 ecclesiastice
712 4567 877 4630 libertatis
892 4567 1029 4629 tutelam
1043 4568 1096 4629 te-
1151 4585 1263 4631 coram
1274 4571 1322 4632 tot
1330 4569 1496 4642 Patribus,
1508 4569 1821 4638 ibiconsidentibus,
1834 4569 1950 4644 Legati

295 4665 369 4725 nuit
391 4665 427 4726 ut
452 4664 552 4728 etlam
578 4665 669 4726 velut
689 4663 802 4724 divino
823 4665 917 4736 nutu,
934 4664 1095 4739 martyrio
1145 4670 1245 4745 jussu
1259 4668 1301 4728 ad
1314 4667 1498 4742 Houorlum
1521 4667 1716 4730 Pontificem
1730 4668 1846 4744 rejecti
1860 4666 1948 4738 suut,

296 4763 427 4839 dignus,
441 4761 482 4823 ab
497 4761 609 4839 impiis
625 4760 814 4822 hominibus
829 4759 932 4822 fuerit
945 4760 1092 4836 occisus;
1150 4765 1186 4826 iu
1212 4765 1284 4828 haac
1305 4765 1407 4827 verba
1427 4779 1539 4826 coram
1563 4763 1653 4826 omni
1671 4765 1798 4842 syuodo
1819 4764 1950 4842 prolata

296 4865 391 4938 cujus
402 4875 516 4922 necem
530 4875 631 4936 quum
642 4859 809 4921 Honorius
825 4849 1020 4935 accepisset,
1036 4857 1096 4918 de-
1151 4861 1328 4925 seutentia.
1345 4863 1499 4926 Examini
1514 4863 1636 4934 vestro,
1660 4862 1800 4924 Domine
1822 4861 1951 4923 Honori

294 4959 379 5022 flens
401 4958 528 5019 dixisse
547 4958 676 5020 fertur:
693 4957 850 5019 Germani
876 4971 1002 5028 omnes,
1027 4958 1096 5018 liu-
1151 4959 1316 5032 Pontifex,
1329 4960 1504 5036 dirigimus
1514 4960 1577 5022 hos
1591 4959 1673 5022 duos
1686 4960 1860 5037 episcopos
1868 4973 1950 5035 gra·

293 5057 433 5134 gelberti
448 5057 612 5134 exemplo,
626 5054 845 5133 apostolicam
861 5055 978 5118 Sedena
998 5070 1096 5118 vare·
1150 5058 1235 5120 viter
1249 5057 1290 5119 de
1305 5058 1436 5119 Domini
1447 5056 1636 5133 Hngslherti
1649 5071 1731 5120 nece
1745 5056 1948 5119 diffamatos.

293 5154 414 5218 bantur
455 5178 463 5216 :
507 5154 548 5216 ob
582 5170 745 5216 summam
781 5154 871 5216 enim
906 5156 979 5231 ejus
1014 5169 1095 5229 erga
1151 5155 1316 5216 Caesarius
1331 5154 1423 5228 ibid,
1440 5154 1486 5216 lib
1501 5156 1530 5215 11
1546 5170 1618 5231 cap.
1636 5157 1685 5216 12.

296 5257 481 5318 Romanum
494 5253 688 5316 Pontificem
705 5252 802 5314 fidem
822 5266 862 5314 ac
874 5250 1094 5314 constantiam
1190 5255 1336 5316 Fuerant
1356 5254 1469 5332 itaque
1490 5253 1526 5315 in
1550 5253 1620 5315 suis
1645 5252 1818 5315 ordinibus
1840 5251 1953 5330 digni-

331 5438 371 5513 (l)
388 5437 525 5496 l'rllhem.
542 5439 680 5510 flirscup.
698 5437 814 5504 claron,
839 5437 979 5496 Caesarius
993 5451 1093 5495 monu-
1150 5437 1204 5497 col.
1217 5440 1270 5497 1811
1279 5454 1288 5511 ;
1303 5441 1390 5512 Greg.
1404 5440 1455 5508 111,
1471 5437 1520 5495 lib.
1532 5439 1556 5506 l,
1571 5439 1614 5495 tlt.
1630 5438 1674 5496 13.

294 5509 366 5568 chus
388 5511 417 5566 iu
437 5511 502 5568 Vita
526 5511 553 5567 S.
571 5511 742 5582 flagellarit,
764 5523 789 5567 c.
813 5507 846 5580 1;
871 5507 947 5582 apud
970 5509 1094 5579 Surium,
1186 5511 1216 5582 13
1242 5511 1382 5570 cesarius
1397 5509 1556 5566 monachus
1572 5509 1600 5565 ln
1613 5509 1676 5583 ejus
1694 5509 1769 5578 Vita,
1789 5509 1855 5567 c.8.

294 5590 366 5641 tom.
380 5581 408 5650 t,
422 5579 562 5638 Novemb.
1186 5583 1216 5657 (1
1244 5583 1384 5643 cesarius
1395 5581 1423 5639 in
1439 5579 1569 5654 ejusdem
1584 5581 1659 5650 Vita,
1676 5579 1723 5640 hb.
1737 5581 1774 5650 ll,
1790 5595 1816 5638 c.
1833 5581 1858 5639 7.

335 5653 377 5729 lt)
394 5649 434 5711 cf.
450 5666 530 5725 supr.
547 5651 652 5720 autina
669 5651 793 5724 conaptl,
809 5650 857 5709 lib.
873 5652 896 5720 1,
914 5650 955 5709 lit.
967 5650 1012 5722 21,
1024 5661 1049 5709 c.
1068 5652 1095 5722 l,
