4234 6408
185 295 243 357 301
820 291 1051 358 EPISTOLAE.
1074 293 1153 352 LIB.
1177 293 1201 353 I.
1776 303 1836 364 302

186 454 381 532 pecuniam,
410 469 509 532 quam
534 453 569 516 ut
595 451 803 530 praemissum
829 459 895 528 est,
923 452 984 516 sub
1078 449 1255 530 episcopis
1281 453 1432 528 Tusciae,
1457 453 1618 520 biarchiae
1650 459 1840 536 spoletanae

186 552 466 616 testimonialibus
500 551 621 613 litteris
650 567 762 612 secum
799 553 981 624 attulerint,
1038 551 1238 628 campaniae.

187 668 263 715 esse
288 650 527 726 crucesignatis
547 649 690 711 fideliter
710 649 743 711 et
771 650 898 712 utiliter
912 649 984 711 dis·
1078 649 1251 726 Episcopis
1266 649 1298 710 et
1310 648 1484 712 abbatibus
1499 653 1662 731 exemptis
1676 670 1736 732 per
1751 655 1838 718 Sici-

185 750 354 822 tributam,
367 749 400 810 et
414 749 481 809 tam
495 747 736 810 testimoniales
753 747 873 810 litterae
885 763 985 825 super
1037 746 1117 808 liam
1134 747 1333 809 constitutis.

187 847 369 926 quantitate
396 846 546 924 pecuniae
574 846 760 908 commissae
789 845 985 908 distributo·
1077 845 1248 923 Episcopis
1272 846 1305 908 et
1325 845 1498 909 abbatibus
1520 850 1682 929 exemptis
1706 851 1835 930 Apuliae

185 944 276 1006 ribus
290 943 373 1021 ipsis
397 960 496 1022 quam
517 943 682 1020 scriptura
696 943 879 1016 ratiocinii,
896 942 983 1021 quod
1037 943 1070 1004 et
1086 945 1197 1005 Terrae
1213 943 1363 1006 Laboris.
1789 966 1801 983 ·

185 1042 349 1104 cardinali
360 1043 392 1104 et
400 1042 568 1119 magistris
579 1041 784 1104 reddiderint
794 1041 981 1114 antedictis,
1078 1042 1230 1120 capitulo
1250 1043 1283 1105 et
1301 1043 1466 1122 episcopis
1484 1045 1706 1123 suffraganeis
1727 1050 1836 1112 eccle·

184 1139 983 1217 diligentissimeconserventur,uteteorumdem
1038 1140 1098 1201 siae
1116 1142 1392 1204 Ravennateusis.

184 1237 437 1301 distributorum
467 1239 549 1300 fides
580 1239 614 1302 et
641 1237 813 1314 diligentia
847 1238 982 1300 illarum
1079 1237 1198 1302 Abbati
1213 1240 1246 1302 et
1260 1240 1437 1302 conventui
1452 1241 1636 1304 casinensi.

184 1337 375 1400 testimonio
399 1337 544 1414 pateant,
577 1337 610 1398 et
628 1336 888 1414 suspiciosonun
903 1351 985 1397 con·
1079 1337 1252 1415 Episcopis
1276 1341 1310 1400 et
1339 1336 1514 1400 abbatibus
1546 1339 1710 1417 exemptis
1738 1343 1837 1403 Lom-

184 1434 358 1512 quiescant
370 1437 497 1496 mentes
508 1436 541 1496 et
550 1433 639 1496 labia
650 1433 884 1496 conticescant.
899 1436 984 1505 Quo·
1036 1434 1173 1497 bardiae.

185 1533 275 1594 circa
307 1531 510 1594 fraternitati
543 1535 664 1594 vestrae
699 1547 759 1609 per
792 1532 983 1610 apostolica
1077 1534 1190 1596 Eleoto
1207 1532 1462 1594 Mediolanensi.

185 1630 309 1708 scripta
336 1629 550 1699 mandamus,
575 1632 739 1708 quatenus
763 1630 835 1692 baec
856 1631 982 1692 solem·
1076 1630 1832 1711 Episcopisetabbatibusexemptisl'autoniae,

184 1727 273 1790 niter
286 1743 346 1805 per
358 1729 487 1790 vestras
501 1727 661 1788 dioeceses
674 1727 879 1805 publicantes
893 1727 984 1789 dilli—
1037 1729 1070 1791 et
1079 1727 1175 1804 regni
1188 1728 1350 1788 Franciae.

184 1825 341 1888 cultatem
367 1842 427 1888 seu
458 1841 586 1887 moram
615 1826 762 1904 aliquam
791 1826 982 1888 nullatenus
1075 1825 1256 1890 abbatibus
1275 1824 1437 1902 exemptis
1457 1824 1627 1888 Hiberniae
1646 1826 1679 1888 et
1701 1825 1831 1888 Scotiae.

184 1922 374 1996 innectatis,
384 1923 438 1984 rel
457 1923 656 2000 permittatis
670 1923 805 1995 innecti,
820 1924 900 2000 quin
914 1924 983 1986 tam
1293 1910 1296 1916 ‘

185 2021 337 2084 collectio
360 2021 528 2083 vicesimae
555 2037 615 2098 per
642 2037 711 2093 eos,
727 2022 785 2097 qul
809 2021 850 2083 ad
874 2021 982 2084 boca
1351 1984 1516 2072 CCXI-*V

184 2117 281 2182 b⁰¹¹ae
313 2120 482 2182 m⁰m⁰l¹ae
511 2119 703 2181 1¹¹¹¹⁰⁰⁰¹¹ti⁰
730 2121 822 2230 Papa,
852 2119 984 2230 pm&
1035 2159 1087 2218 Ad
1107 2159 1288 2219 Nicolaum
1306 2154 1460 2216 abbatem
1481 2153 1688 2216 mortostcrtt
1701 2155 1833 2218 selectae

185 2233 317 2280 cessere
339 2218 453 2279 nostro
472 2217 616 2290 luerunt,
636 2216 723 2278 vela
742 2215 839 2308 nobis
858 2215 983 2280 inerint
1086 2257 1207 2318 Crucis
1221 2256 1261 2316 de
1279 2256 1464 2324 sautem-„0¹
1483 2255 1622 2328 empne
1633 2253 1777 2329 patres,

83 2323 85 2327 “
184 2315 433 2393 deputabimus
458 2315 574 2377 ibaude
598 2331 638 2376 ao
661 2329 883 2392 expensarum
909 2315 981 2377 dis-

184 2414 340 2488 crimine,
374 2414 473 2492 prout
508 2413 549 2475 ad
585 2429 643 2474 eos
683 2413 844 2490 pertinet,
882 2429 982 2489 quam
1319 2383 1354 2442 ²⁸
1374 2381 1445 2442 ΜΓ·
1468 2383 1547 2442 ¹²¹⁷·

184 2513 263 2586 alja,
280 2513 378 2591 prout
392 2511 546 2590 superius
568 2511 645 2572 sunt
668 2510 844 2587 descripta,
868 2510 984 2572 effica,
1036 2491 1174 2556 [Jacobilli
1187 2490 1386 2542 llonumentadl
1396 2491 1420 2542 S.
1435 2489 1516 2540 cruce
1527 2489 1554 2538 di
1568 2490 1714 2548 sessaniae,
1725 2504 1753 2554 p.
1763 2489 1831 2555 aee]

184 2610 268 2673 citer
301 2610 435 2672 valeant
469 2608 659 2671 executioni
693 2607 858 2670 mandari,
895 2609 982 2668 sane
1035 2598 1190 2659 Conllrmat
1204 2597 1378 2656 monasterio
1398 2597 1542 2655 saxovivo
1551 2597 1700 2671 privilegia
1713 2597 1834 2656 allorum

184 2708 360 2786 pecuniam
373 2707 545 2769 collectam
561 2707 593 2769 et
605 2705 826 2781 colligendam
841 2704 877 2766 in
892 2705 983 2766 trun·
1070 2702 1187 2792 suorum
1207 2686 1460 2788 Ρῑῑθᾷθθθῡθθξϋῐξ),
1483 2693 1512 2743 et
1534 2687 1719 2788 maestitia,
1739 2688 1835 2746 eccle·

186 2806 234 2868 ois
264 2821 325 2883 per
357 2804 590 2867 distributores
623 2803 800 2882 praedictos
828 2801 982 2864 distribui
1071 2793 1140 2848 ⁸¹³⁸,
1155 2774 1620 2850 P⁰⁸⁸⁰⁸⁸¹⁰¹¹0⁵d¹⁰²¹¹¹¹⁰¹¹⁸⁸¹⁰f¹b

186 2905 339 2968 volumus
359 2904 393 2966 et
410 2902 606 2965 mandamus
634 2901 982 2992 iuter‘crucesignatos
1075 2894 1244 2957 Honorius
1283 2893 1470 2970 episcopus,
1500 2907 1620 2952 servus
1657 2907 1832 2955 servorum

187 3004 341 3064 streames
365 3001 398 3063 et
423 3001 601 3078 prudentes
627 2999 668 3061 de
688 2998 810 3077 populo
834 2999 910 3072 illo,
926 2999 982 3061 nbi
1036 2994 1107 3066 Dei,
1123 2991 1253 3053 dilectis
1268 2991 1347 3052 liliis
1360 2989 1500 3052 Nicolao
1516 2988 1628 3050 abbati
1639 2991 1834 3053 monasterii

187 3100 289 3163 luerit
302 3099 443 3178 pecunia
462 3099 535 3177 ipsa
546 3098 695 3170 collecta,
710 3096 829 3174 quibus
845 3097 886 3159 ad
901 3111 981 3173 per·
1037 3092 1161 3155 sancta
1176 3089 1292 3152 Crucis
1314 3088 1354 3150 de
1373 3089 1550 3160 saxovivo,
1568 3089 1706 3166 eJusque
1718 3089 1834 3152 iratri-

189 3199 353 3275 agendum
367 3199 480 3259 votum
499 3213 595 3258 suum
611 3196 744 3274 proprie
767 3211 834 3257 non
856 3211 980 3273 suppe—
1035 3190 1108 3263 bus,
1122 3190 1190 3252 tarn
1202 3187 1421 3266 presentibus
1435 3203 1537 3264 quum
1550 3185 1682 3260 tuturis,
1693 3188 1833 3264 regula-

184 3297 261 3358 tunt
274 3293 467 3368 facultates;
485 3311 558 3371 quae
570 3294 703 3370 recepta
716 3293 777 3354 sub
795 3292 982 3355 testimonio
1038 3305 1109 3351 rem
1124 3288 1227 3350 vitam
1243 3285 1414 3364 professis.

184 3393 334 3455 virorum
362 3391 509 3453 fidelium
533 3391 773 3466 crucesignatis
796 3390 881 3467 ipsis
913 3389 984 3450 dis-
1076 3388 1324 3464 inperpetuum
1344 3382 1535 3457 religiosam
1555 3383 1657 3445 vitam
1678 3383 1835 3459 eligenti-

185 3489 350 3552 tribuatur
369 3489 518 3567 tempore
533 3487 717 3565 arripiendi
729 3487 860 3548 itineris
872 3486 924 3548 rel
947 3487 982 3546 in
1035 3485 1108 3556 bus,
1144 3481 1362 3560 apostolicum
1390 3479 1546 3540 convenit
1569 3479 1685 3541 adesse
1713 3482 1836 3556 praesi-

184 3589 293 3666 portu,
319 3587 417 3665 prout
439 3585 606 3649 videbitur
628 3585 797 3662 expedire,
809 3585 892 3664 ipsis
913 3584 983 3645 dis-
1036 3583 1137 3653 dium,
1154 3596 1196 3642 ne
1211 3579 1295 3640 lorte
1310 3577 1487 3654 cujuslibet
1501 3577 1700 3639 temeritatis
1714 3579 1833 3640 incur·

184 3685 414 3758 tributoribus,
430 3684 595 3745 rationem
613 3683 654 3744 de
672 3682 841 3754 illa,'sicut
857 3681 897 3742 de
914 3681 982 3743 alia
1035 3697 1103 3754 sus,
1117 3679 1175 3741 aut
1189 3694 1246 3739 eos
1262 3693 1282 3738 a
1296 3674 1466 3753 proposito
1485 3677 1629 3747 revocet,
1643 3676 1701 3737 aut
1715 3675 1828 3750 robur,

184 3782 368 3861 inscriptis
389 3781 530 3843 lideliter
544 3779 735 3842 reddituris.
750 3779 869 3839 Datum
884 3777 983 3839 Late-
1035 3779 1122 3860 quod
1145 3776 1243 3848 absit,
1271 3789 1375 3836 saorae
1397 3773 1570 3850 religionis
1588 3773 1761 3851 infringat.
1785 3779 1832 3838 Ea

184 3881 272 3954 rani,
289 3879 434 3941 secundo
449 3876 610 3939 kalendas
631 3876 755 3949 martii,
771 3875 984 3954 pontificatus
1035 3878 1182 3957 propter,
1194 3871 1307 3936 dilecti
1333 3873 1368 3933 in
1382 3871 1521 3934 Domino
1536 3871 1609 3945 lilii,
1624 3873 1745 3935 vestris
1755 3876 1833 3952 jus-

184 3978 291 4042 uostri
304 3992 394 4038 anno
408 3975 528 4054 primo.
1034 3977 1078 4039 tis
1092 3970 1369 4052 postulationibus
1391 3970 1572 4032 clementer
1590 3971 1781 4045 annuimus,
1799 3975 1832 4034 et

1035 4073 1208 4152 praelatum
1223 4069 1473 4140 monasterium,
1491 4068 1526 4129 in
1540 4083 1605 4146 quo
1620 4069 1733 4131 divino
1748 4070 1833 4131 estis

1035 4170 1192 4248 obsequio
1226 4167 1417 4244 mancipati,
1454 4165 1496 4227 ad
1522 4165 1694 4242 exemplar
1722 4166 1832 4227 felicis

224 4284 268 4344 In
289 4283 448 4344 eumdem
472 4283 612 4342 modam
637 4277 845 4342 patriarchis
873 4277 980 4356 Aqui·
1035 4269 1203 4330 memoriae
1235 4263 1418 4326 innocentii
1452 4264 1492 4334 ll,
1528 4262 1723 4336 Alexandri,
1754 4261 1836 4324 Cle-

185 4379 314 4452 leiensi,
332 4379 497 4441 Gradensi
509 4379 542 4441 et
556 4377 779 4454 suffraganeis
793 4392 918 4438 eorum.
1035 4365 1165 4437 mentis,
1182 4361 1362 4442 Coelestini‚
1376 4359 1409 4421 et
1433 4358 1616 4420 innocentii
1632 4361 1689 4431 lli,
1710 4362 1834 4421 Roam-

225 4475 493 4555 archiepiscopis
513 4476 545 4537 et
567 4473 731 4552 episcopis
753 4472 893 4545 Siciliae,
914 4473 980 4533 Ga·
1035 4479 1154 4525 norum
1169 4458 1377 4529 Pontificum,
1399 4455 1681 4534 plaedessfflssol‘um
1696 4457 1833 4519 nosnos

185 4572 312 4643 marm,
328 4575 457 4652 Apuliae
472 4574 505 4634 ot
518 4575 630 4635 Terrae
646 4571 796 4633 Laboris,
1035 4577 1121 4633 rum,
1150 4558 1211 4620 sub
1241 4560 1278 4618 B.
1304 4554 1406 4627 Petri,
1433 4555 1466 4616 et
1491 4554 1605 4616 nostra
1628 4554 1834 4632 protectione

226 4672 493 4748 archiepiscopis
507 4671 673 4743 taurensi,
691 4667 892 4747 spalatensi,
910 4669 981 4730 aa·
1037 4657 1251 4736 suscipimus,
1275 4653 1309 4716 ct
1331 4652 1505 4729 presentis
1518 4651 1632 4730 scripti
1647 4653 1834 4730 patrocinio

187 4767 346 4844 gustensi,
361 4768 562 4839 Coloniensi,
578 4768 760 4842 Bremensi,
777 4764 981 4842 Magdebur-
1036 4755 1290 4825 communimus,
1321 4750 1519 4822 statuentes,
1542 4750 1580 4813 Ut
1609 4766 1835 4829 quascumque

187 4865 294 4941 gensi,
313 4863 577 4939 salzeburgensi,
597 4864 799 4937 Trevirensi,
815 4863 982 4925 Taranta-
1036 4851 1279 4930 POSSOSSiffllOS,
1295 4862 1513 4925 lluaessumllue
1533 4844 1632 4918 Mna,
1655 4847 1743 4908 idem
1761 4865 1835 4910 mo·

188 4961 308 5035 sienst,
335 4961 525 5032 mantino,
550 4961 791 5032 pergamensi,
820 4961 980 5039 Aquom,
1037 4947 1222 5009 nasterium
1237 4945 1272 5005 in
1288 4942 1500 5020 praesentiam
1508 4941 1610 5018 juste,
1623 4957 1663 5002 ao
1673 4943 1835 5004 canonice

186 5059 392 5131 Arelatensi,
410 5058 607 5130 Viennensi,
627 5059 856 5133 Lugdunensi,
878 5059 985 5118 Seno-
1039 5044 1197 5124 possidet,
1213 5043 1271 5104 aul
1287 5041 1322 5102 in
1339 5039 1497 5110 futurum,
1514 5039 1731 5100 concessione
1744 5043 1836 5100 Pon·

187 5159 296 5232 nensi,
313 5156 482 5229 Remensi,
499 5153 768 5230 Rothomagensi,
785 5153 982 5222 turonensi,
1037 5143 1174 5214 filicum,
1201 5137 1379 5214 largitione
1401 5150 1529 5212 legum,
1558 5136 1611 5198 iel
1635 5135 1834 5214 Principum,

188 5255 401 5328 Bituricensi,
422 5251 673 5329 Burdogalensi,
696 5251 873 5324 auxitano,
897 5253 986 5312 Nan-
1038 5240 1206 5302 oblatione
1227 5233 1385 5307 fidelium,
1410 5249 1470 5294 seu
1493 5232 1572 5293 allis
1592 5233 1833 5310 justismodis,

188 5353 340 5427 bonensi,
360 5347 603 5422 cantuariensi,
629 5347 841 5418 Eboraoensl‚
862 5347 986 5409 Nidro-
1040 5335 1217 5416 praestante
1229 5331 1378 5404 Domino,
1395 5329 1552 5408 POtOlillS
1571 5329 1723 5407 adipisci,
1741 5331 1836 5395 firma

190 5451 304 5524 siensi,
321 5449 527 5522 Dublinensi,
542 5447 763 5518 Armacbano,
777 5444 983 5512 castellensi,
1038 5435 1143 5508 robis
1159 5433 1346 5508 vestrisque
1371 5427 1631 5500 successoribus,
1654 5445 1693 5491 ea
1705 5429 1835 5494 illibata

190 5547 590 5622 Tnamensl,Galaritano,
603 5544 792 5616 Turritano,
803 5541 985 5604 arborensi
1039 5530 1266 5611 permaneant,
1289 5529 1325 5590 in
1347 5525 1466 5605 quibus
1482 5526 1554 5588 ¹1aess
1572 5527 1717 5604 ΡΙὈΡΓῙῘ8
1731 5528 1834 5591 (ἲῦῐὶ-

191 5647 226 5708 et
239 5644 460 5722 suffraganeis
473 5659 598 5709 eornm.
1040 5647 1113 5692 mus
1125 5626 1341 5707 exprimenda
1357 5623 1528 5688 vocabulis
1546 5645 1553 5686 :
1580 5627 1703 5690 Locum
1714 5626 1833 5704 ipsum,
1888 5695 1894 5708 p
