4234 6442
312 205 374 265 403
921 204 1097 266 HONORII
1119 203 1164 264 111
1185 204 1332 266 OPERA.

757 283 771 310 θ

1923 207 2004 264 404

350 361 582 425 interdicimus
590 377 670 423 vero
685 361 860 439 episcopis,
871 361 904 424 et
915 362 992 424 aliis
1007 362 1108 426 eccle

311 461 436 523 siarum
469 460 627 538 praelatis,
662 459 729 521 nisi
761 461 892 523 servato
926 461 1107 524 evectionis

310 575 459 630 numero,
476 559 512 618 in
526 558 742 620 Lateranensl
760 559 901 620 concilio
917 559 1106 632 constituto,

309 656 345 716 in
370 656 490 718 vestris
514 656 725 718 monasteriis
740 656 917 734 hospitari.-
936 657 985 718 Ad
1006 672 1110 734 gran-

309 754 382 830 gias
398 756 507 815 autem
522 756 661 826 vestras,
679 758 711 817 et
724 755 766 816 ad
786 755 896 817 curtes
919 754 1108 832 hospitandi

310 851 429 927 gratia,
447 866 513 912 non
528 851 594 911 nisi
606 851 639 911 in
650 867 771 928 magna
786 851 987 913 necessitate
1002 851 1109 913 diver·

311 949 403 1023 tant;
419 951 451 1010 et
464 951 541 1010 tunc
555 950 701 1011 contenti
715 949 781 1010 sint
797 950 945 1026 ipsarum
960 949 1109 1010 mansio-

1162 363 1268 424 detur.
1285 365 1389 425 Porro
1404 361 1434 424 si
1445 361 1503 440 qui
1518 359 1668 440 episcopi
1679 362 1737 425 aut
1750 377 1879 425 eorum
1902 362 2008 424 ofli-

1163 461 1265 526 ciales
1293 461 1328 522 in
1355 475 1516 540 personas
1541 459 1670 522 vestras
1698 460 1751 522 vel
1782 460 2003 532 ecclesias,

1163 559 1360 620 sententiam
1384 558 1531 636 aliquam
1553 559 1670 620 contra
1687 557 1887 620 libertatem
1907 557 2004 618 eis-

1163 657 1237 718 dem
1259 672 1279 717 a
1299 655 1599 734 predecessoribus
1615 656 1746 727 vestris,
1766 656 1819 718 vel
1835 673 1862 716 a
1880 656 2004 717 nohis

1163 754 1327 816 indultam
1351 753 1646 832 promulgaverint,
1664 755 1814 816 eamdem
1830 755 2005 816 senten-

1163 851 1256 924 tiam,
1269 853 1427 930 tanquam
1441 853 1555 914 contra
1572 852 1667 914 Sedis
1688 851 1899 929 apostolicae
1934 853 2003 912 in-

1165 949 1256 1012 dulta
1270 950 1444 1026 prolatam,
1462 949 1640 1012 statuimus
1664 949 1882 1010 irritandam.
1915 952 2003 1010 De-

312 1063 391 1108 num
415 1046 550 1108 cibariis
562 1047 742 1119 consuetis,
760 1063 835 1108 cum
853 1047 1038 1120 honestate,
1054 1048 1109 1110 at-

311 1159 374 1222 que
391 1145 530 1206 caritate
545 1144 715 1207 exhibitis.
732 1145 824 1207 Nulli
839 1147 949 1208 autem
965 1144 1110 1206 seculari

312 1257 461 1318 personae
474 1242 526 1305 vel
540 1243 786 1317 ecclesiasticae,
807 1244 843 1304 in
862 1243 974 1322 aliqua
995 1242 1111 1304 domo-

310 1355 385 1400 rum
409 1344 598 1403 vestrarum
622 1340 722 1403 liceat
747 1341 903 1403 carnibus
922 1341 1024 1413 vesci,
1043 1340 1110 1401 nisi

310 1437 478 1499 manifesti
493 1439 703 1515 aegritudinis
718 1454 831 1512 causa,
847 1439 878 1501 et
892 1439 928 1500 in
943 1438 1024 1501 solis
1039 1454 1112 1499 1111-

310 1535 468 1599 111111111
483 1536 757 1599 conventualibus
772 1537 904 1600 vestris.

351 1633 570 1694 Prohibemus
589 1634 727 1712 insuper
753 1650 794 1695 ne
818 1634 931 1711 aliqua
956 1649 1108 1711 persona,

310 1729 431 1792 1111111
455 1731 583 1792 ordinis
602 1732 707 1794 vestri
731 1731 853 1794 audeat
875 1731 917 1792 11
945 1730 1111 1794 secularia

307 1829 439 1904 justitia
455 1845 637 1906 provocare
655 1847 662 1890 :
679 1829 736 1891 sed
748 1831 776 1892 si
792 1829 867 1908 quis
879 1829 1039 1892 adversus
1052 1844 1111 1890 vos

313 1925 439 2002 aliquid
467 1926 530 1986 sibi
550 1927 739 1999 crediderit,
758 1927 798 1988 de
815 1929 893 2004 y'ure
913 1930 1109 2005 competere,

312 2021 373 2082 sub
388 2022 606 2086 ecclesiastici
619 2025 773 2085 examine
782 2024 902 2102 judicii
917 2022 1112 2100 experiendi

315 2118 437 2180 habeat
451 2118 652 2182 facultatem.
675 2121 816 2182 Licitum
838 2124 1000 2198 praeterea
1019 2120 1112 2182 vobis

314 2214 403 2278 sitin
417 2216 528 2278 causis
543 2218 674 2290 vestris,
684 2219 804 2281 iratres
818 2219 947 2280 vestros
962 2219 1112 2290 idoneos,

315 2311 356 2373 ad
378 2314 621 2376 testificandum
644 2315 821 2389 adducere,
842 2318 875 2379 et
889 2332 1004 2377 eorum
1018 2316 1114 2378 testi-

315 2411 426 2472 monio
441 2411 528 2473 sicut
534 2414 661 2475 rectum
670 2397 780 2486 111111,
793 2415 825 2476 11
837 2413 1032 2491 propulsare
1040 2412 1114 2474 vio·

314 2507 462 2581 lentiam,
480 2511 682 2588 etjustitiam
698 2511 879 2574 vindicare.
895 2511 1112 2572 Prohibemus

315 2620 445 2683 quoque
468 2623 511 2667 ne
532 2608 668 2671 cuilibet
686 2608 922 2670 ecclesiasticae
943 2609 996 2671 vel
1012 2624 1111 2669 secu-

314 2701 377 2763 lari
390 2720 542 2780 personae
553 2706 602 2767 111
618 2707 1017 2780 111111111111111111111,
1032 2723 1114 2768 con-

313 2801 367 2861 tra
397 2803 520 2864 statuta
555 2805 791 2866 lateranensis
823 2805 973 2871 Concilii.
1001 2803 1113 2866 tallias

315 2912 474 2960 exercere
488 2900 540 2960 vel
554 2901 718 2976 quaslibet
732 2901 816 2962 alias
831 2902 926 2970 vobis
940 2903 1115 2978 111111111

316 2993 448 3071 iniquas
470 2998 662 3058 exactiones
683 2998 863 3075 imponere.
883 2998 1113 3061 interdicimus

316 3091 416 3152 etiam
431 3092 524 3154 vobis
544 3110 586 3156 ne
606 3095 705 3168 11111,
722 3111 812 3169 1111,
830 3112 941 3168 11111,
958 3095 1113 3158 111111·-

315 3189 387 3250 1111
402 3189 592 3267 hujusmodi
609 3193 814 3256 curiositatis
828 3194 987 3256 animalia
1004 3210 1116 3271 aquo-

315 3285 396 3349 libet
415 3290 590 3352 nutrienda
608 3292 679 3353 sive
699 3292 966 3354 custodiendam
984 3292 1115 3355 111111-

315 3384 437 3476 tionem
449 3388 552 3450 vestrl
567 3390 693 3452 ordinis
709 3391 879 3468 suscipere
889 3391 1114 3468 praesumatis.

357 3487 460 3546 Porro
474 3486 510 3548 ut
531 3486 674 3563 quietius
689 3490 755 3550 Deo
771 3489 898 3550 servire
913 3488 1059 3566 possitis,
1083 3489 1117 3552 11

316 3581 525 3644 11111111111
549 3601 569 3645 1
594 3585 689 3646 vobis
717 3586 900 3648 necessitas
928 3585 1113 3659 auferatur,

318 3681 474 3758 praesenti
491 3681 614 3759 scripto
635 3684 789 3744 duximus
809 3684 1058 3759 indulgendum,
1081 3683 1116 3745 ut

319 3775 349 3838 si
364 3778 529 3855 episcopis
539 3780 670 3852 vestris,
681 3781 738 3841 aul
749 3780 913 3842 malitiose
924 3781 1114 3843 differenti-

316 3872 391 3946 bus,
400 3874 454 3935 vel
467 3889 526 3952 pro
536 3876 878 3952 justoimpedimento
893 3893 959 3940 non
971 3878 1116 3940 valenti-

317 3970 392 4043 bus,
418 3972 657 4046 ordinationes,
686 3974 720 4034 et
742 3975 863 4036 caetera
889 3974 1116 4038 ecclesiastica

317 4069 577 4146 mysteriarchis
587 4071 902 4150 conterrealiquem
911 4073 1114 4150 episcopum,

318 4166 359 4227 de
372 4168 1117 4246 11111111111111111111111111111111111111

318 4264 447 4338 notitia,
465 4266 628 4344 hospitem
643 4283 702 4330 vos
723 4267 847 4331 habere
868 4269 1055 4344 contigerit,
1073 4267 1117 4328 li-

318 4359 435 4424 berum
461 4363 506 4424 sit
529 4363 622 4426 vobis
649 4365 690 4426 ab
710 4381 749 4426 eo
774 4366 807 4427 et
830 4366 1069 4437 ordinationes,
1086 4366 1118 4428 11

318 4460 439 4521 caetera
465 4463 675 4523 sacramenta
697 4462 885 4540 suscipere,
908 4464 985 4524 dum
1007 4465 1118 4526 tamen

318 4557 507 4619 dioecesano
518 4558 673 4636 episcopo
685 4560 916 4637 praeiudicium
924 4561 1118 4622 nondebeat

317 4668 490 4730 generare.
506 4656 673 4717 Praeterea
688 4655 903 4732 postulationi
916 4658 1034 4719 vestrae
1051 4659 1120 4720 cle·

318 4752 462 4813 mentius
482 4752 635 4815 inclinati
650 4755 806 4832 praesenti
828 4755 951 4832 pagina
964 4755 1119 4818 duximus

318 4843 544 4924 inhibendum,
583 4867 625 4912 ne
653 4852 727 4931 quis
762 4853 1033 4932 archiepiscopus
1065 4855 1117 4917 vel

318 4948 492 5027 episcopus
503 4954 561 5010 aut
571 4965 686 5012 eorum
695 4950 867 5023 officiales,
880 4953 1040 5014 ecclesias
1049 4969 1120 5014 ves-

318 5047 398 5119 tras,
418 5063 478 5108 seu
492 5047 664 5124 regulares
689 5065 848 5125 personas
864 5065 979 5112 earum
993 5049 1120 5127 absque

319 5146 506 5218 manifesta,
524 5147 557 5208 el
577 5146 770 5208 rationabili
785 5163 887 5209 causa
901 5148 1114 5220 interdicere,

318 5261 378 5305 111
388 5243 591 5321 suspendere
605 5247 793 5321 praesumat,
811 5245 870 5307 sed
885 5245 913 5306 si
929 5246 1008 5322 quid
1022 5245 1058 5305 in
1072 5245 1120 5306 eis

319 5340 419 5402 111111
427 5341 671 5418 corrigendum,
684 5342 725 5403 ad
737 5343 942 5404 audientiam
952 5343 1120 5418 generalis

319 5437 457 5513 capituli
478 5439 807 5500 praemonstratensis
831 5439 1007 5511 reseratur,
1024 5441 1057 5502 el
1074 5440 1120 5502 ibi

319 5535 417 5612 prout
426 5535 567 5612 justitiae
582 5537 615 5598 et
625 5536 788 5598 honestati
801 5537 1002 5613 congruerit,
1013 5553 1123 5600 emen·

1165 1048 1331 1110 cernimus
1358 1063 1449 1124 ergo,
1471 1048 1508 1110 ut
1532 1047 1616 1109 nulli
1639 1047 1773 1109 omnino
1793 1047 1999 1109 hominurn

1165 1146 1266 1207 liceat
1279 1145 1438 1207 ecclesias
1461 1145 1591 1208 vestras
1605 1146 1731 1207 temere
1754 1144 1993 1222 perturbare,

1165 1244 1223 1306 aut
1237 1259 1352 1307 earum
1364 1245 1594 1321 possessiones
1608 1243 1753 1315 1111111,
1768 1243 1821 1305 111
1836 1242 1993 1304 ablatas

1165 1343 1320 1416 retinere,
1336 1342 1498 1413 minuere,
1516 1357 1576 1402 seu
1590 1340 1792 1420 quibuslibet
1810 1342 1992 1402 vexatio-

1165 1438 1263 1502 nibus
1283 1438 1440 1515 fatigare3
1465 1439 1524 1500 sed
1553 1439 1664 1501 omnia
1685 1438 1817 1515 integra
1832 1454 1994 1500 conser-

1165 1540 1284 1600 ventur
1298 1552 1424 1610 eorum,
1437 1553 1497 1614 pro
1515 1552 1655 1616 quorum
1669 1534 1920 1612 gubernatione
1942 1553 1988 1598 ac

1166 1635 1407 1698 sustentatione
1421 1650 1580 1696 concessa
1591 1635 1667 1696 sunt
1681 1633 1795 1694 usibus
1809 1635 1987 1696 omnimo-

1166 1732 1217 1794 dis
1233 1732 1416 1810 protutura,
1433 1731 1527 1793 salva
1549 1731 1644 1794 Sedis
1666 1732 1868 1808 apostolicae
1886 1749 1983 1793 auc-

1166 1830 1310 1893 toritate.
1327 1831 1361 1892 si
1372 1846 1436 1908 qua
1452 1830 1555 1906 igitur
1569 1829 1606 1890 in
1620 1828 1768 1892 futurum
1782 1829 1982 1891 ecclesias-

1165 1929 1232 1992 tica
1247 1928 1450 1990 secularisve
1465 1942 1618 2004 persona,
1631 1927 1721 1988 hanc
1733 1928 1857 1989 nostrae
1873 1943 1983 1988 cons·

1166 2025 1330 2088 titutionis
1341 2025 1496 2103 paginam
1504 2024 1613 2088 sciens
1624 2027 1740 2086 contra
1752 2040 1827 2085 eam
1843 2027 1981 2086 temere

1167 2123 1281 2185 venire
1307 2123 1496 2194 tentaverit,
1526 2121 1682 2194 secundo,
1709 2121 1850 2184 tertiove
1879 2138 1982 2182 com·
2070 2145 2071 2192 ς

1167 2221 1304 2292 monita,
1321 2221 1388 2282 nisi
1400 2221 1528 2282 reatum
1544 2236 1639 2282 suum
1655 2235 1803 2296 congrua
1817 2219 1977 2282 satisfac-

1166 2319 1257 2381 tione
1281 2317 1476 2390 correxerit,
1504 2317 1676 2394 potestatis
1692 2317 1897 2393 honorisque
1916 2316 1976 2378 sui

1168 2416 1281 2478 careat
1295 2415 1469 2492 dignitate,
1490 2431 1649 2492 reamque
1663 2430 1699 2476 se
1716 2414 1829 2476 divino
1838 2414 1975 2491 judicio

1168 2513 1367 2576 1111111111
1384 2512 1572 2591 perpetrata
1587 2513 1764 2590 iniquitate
1777 2515 1974 2587 cognoscat,

1168 2614 1201 2673 et
1225 2628 1246 2672 a
1263 2611 1490 2673 sacratissimo
1510 2625 1651 2686 corpore
1665 2611 1698 2671 et
1715 2609 1883 2686 sanguine
1897 2610 1977 2682 Dei,

1169 2711 1202 2770 et
1216 2708 1347 2770 Domini
1371 2706 1602 2785 Redemptoris
1623 2707 1731 2768 nostri
1749 2709 1829 2768 Jesu
1847 2707 1977 2768 Christi

1168 2805 1279 2868 aliena
1303 2805 1372 2878 ilat,
1402 2805 1501 2883 atque
1513 2805 1549 2865 in
1564 2805 1714 2866 extremo
1733 2803 1888 2865 examine
1901 2804 1977 2864 111-

1169 2903 1274 2965 trictae
1283 2901 1589 2981 subjaceatultioni.
1600 2901 1733 2962 Cunctis
1741 2902 1851 2962 autem
1861 2900 1975 2962 eidem

1169 3000 1240 3061 loco
1265 3002 1415 3076 suajura
1441 2998 1663 3072 servantibus,
1685 2998 1728 3060 sit
1744 3015 1810 3075 pax
1833 2997 1972 3058 Domini

1169 3097 1274 3159 nostri
1287 3099 1306 3158 J
1308 3113 1368 3158 esu
1379 3097 1513 3169 Christi,
1534 3097 1698 3175 quatenus
1713 3098 1747 3157 11
1760 3095 1815 3158 hic
1827 3095 1973 3156 fructum

1168 3195 1263 3256 bonae
1278 3194 1419 3257 actionis
1430 3194 1629 3272 percipiant,
1637 3195 1670 3255 et
1682 3194 1769 3272 apud
1783 3193 1973 3255 districtum

1166 3293 1312 3369 judicem
1340 3291 1479 3370 praemia
1512 3293 1644 3354 aeternae
1666 3292 1757 3368 pacis
1785 3291 1971 3352 inveniant.

1168 3394 1285 3451 Amen.

1210 3491 1278 3564 ligo
1293 3486 1415 3550 Lucius
1431 3487 1603 3550 catholicae
1614 3485 1770 3549 Ecclesiae
1779 3486 1964 3563 episcopus.

1210 3587 1278 3660 Ego
1297 3584 1465 3646 Honorius
1487 3583 1667 3646 Catholicae
1695 3583 1845 3645 ecclesiae
1873 3582 1962 3660 epis-

1171 3697 1285 3760 oopus.

1211 3783 1279 3856 Ego
1295 3779 1455 3841 Nicolaus
1471 3779 1680 3842 Tusculanus
1693 3777 1878 3857 episcopus.

1211 3881 1279 3954 Ego
1293 3876 1449 3953 Pelagius
1461 3875 1659 3939 albanensis
1677 3876 1865 3956 episcopus.

1212 3977 1279 4051 ligo
1296 3974 1401 4036 Guido
1419 3975 1598 4036 Praenestae
1614 3974 1799 4052 episcopus.

1212 4075 1280 4148 ligo
1302 4072 1420 4134 Petrus
1435 4075 1468 4133 S.
1486 4071 1701 4134 pudentiana
1718 4071 1809 4134 tituli
1823 4071 1961 4147 pastoris

1173 4169 1348 4248 presbyter
1361 4169 1557 4232 cardinalia.

1213 4270 1281 4344 ligo
1296 4267 1460 4329 Robertus
1481 4267 1570 4328 tituli
1587 4269 1620 4328 S.
1638 4265 1798 4346 Stephani
1813 4265 1848 4326 in
1866 4264 1961 4326 Coelio

1173 4366 1283 4428 monte
1296 4364 1469 4443 presbyter
1484 4365 1675 4426 cardinalis.

1212 4467 1281 4540 Ego
1296 4463 1475 4540 Gregorius
1493 4463 1581 4526 tituli
1607 4465 1639 4524 S.
1665 4461 1852 4524 anastasiae
1869 4475 1960 4538 pres-

1172 4561 1268 4639 byter
1282 4560 1474 4622 cardinalis.

1213 4661 1280 4733 Ego
1304 4658 1447 4722 Thomas
1469 4656 1557 4720 tituli
1584 4659 1618 4719 S.
1643 4655 1775 4720 Sabinae
1799 4655 1962 4733 presbyter

1174 4754 1368 4818 cardinalis.

1214 4854 1282 4928 Ego
1298 4852 1394 4914 Guid.
1413 4855 1446 4913 S.
1465 4851 1598 4915 Nicolai
1613 4852 1647 4913 in
1668 4866 1803 4915 carcere
1825 4847 1961 4912 Tulliani

1174 4949 1335 5012 diaconus
1350 4949 1542 5012 cardinalis.

1215 5050 1283 5124 Ego
1304 5048 1506 5110 Octavianus
1530 5049 1587 5109 SS.
1608 5046 1718 5124 Sergii
1732 5047 1764 5108 et
1779 5045 1880 5108 Bachi
1891 5043 1959 5105 dia-

1175 5161 1279 5208 conus
1294 5145 1487 5208 cardinalis.

1215 5246 1283 5320 Ego
1296 5244 1484 5322 Raynerius
1497 5245 1529 5304 S.
1540 5240 1655 5304 Mariae
1668 5241 1704 5302 in
1715 5239 1961 5304 1111111111-

1176 5357 1279 5402 conus
1295 5340 1486 5403 cardinalis.

1216 5441 1284 5517 Ego
1301 5442 1470 5503 Romanus
1494 5441 1526 5501 S.
1548 5437 1666 5516 angeli
1688 5437 1848 5499 diaconus
1862 5435 1962 5498 cardi·

1177 5537 1275 5599 nalis.
