4200 6404
143 311 212 374 269
587 311 705 372 xxnl.
721 312 822 373 -IN
844 313 1123 379 bnbldaulorla
1144 315 1369 382 ECGLESIAEL
1743 331 1804 392 270

145 471 299 552 quinon
322 468 488 542 observat,
512 485 573 549 per
597 473 723 534 scalam
747 472 845 536 istam
870 473 950 536 des·
1006 477 1097 540 atala
1113 480 1351 556 superterram
1364 479 1807 564 starerid‘etur,quianemo

144 577 274 638 cendit.
1005 573 1092 637 banc
1107 577 1231 638 scalam
1245 578 1427 642 ascendere
1441 581 1575 658 poterit,
1596 585 1653 662 qui
1665 586 1701 646 in
1717 600 1805 662 prae-

191 676 321 738 Aliter:
336 679 373 738 ln
387 675 451 738 bac
475 677 566 739 scala
586 677 674 739 varii
697 678 776 740 sunt
798 679 951 740 ordinum
1005 673 1092 735 senti
1116 689 1217 752 super
1238 679 1363 738 terram
1378 695 1444 740 non
1459 681 1598 742 steterit.
1617 685 1722 759 Super
1734 685 1805 745 ter-

143 774 286 851 gradus
322 772 461 846 Quidam
483 773 690 852 incipientes,
719 776 852 853 quidam
873 793 954 854 pro-
1005 785 1077 832 ram
1093 772 1170 844 stat,
1184 775 1316 850 quando
1331 777 1442 838 omnia
1457 778 1590 840 terrena
1614 779 1755 858 despicit
1772 783 1806 846 et
1844 847 1845 852 ,

145 872 353 949 gradientes,
381 872 414 934 et
432 872 567 951 quidam
595 874 837 950 pervenientes.
865 875 953 937 luci·
1004 869 1117 930 carnis
1128 871 1293 934 desideria
1305 873 1401 948 rugit.
1416 875 1512 938 Etita
1524 877 1666 952 primam
1681 879 1804 941 terram

145 969 281 1047 pientes
294 969 328 1030 in
341 969 447 1045 gradu
464 971 543 1032 sunt
559 969 713 1043 humiles,
730 972 951 1048 progredien-
1004 966 1137 1042 transit,
1162 969 1341 1032 secundam
1364 972 1479 1046 vincit,
1495 974 1628 1036 tertiam
1649 979 1802 1054 acquirit.

143 1069 201 1129 tes
212 1067 249 1129 in
261 1067 367 1144 gradu
377 1067 524 1140 altiores,
537 1067 770 1145 pervenientes
777 1083 859 1131 vero
869 1069 950 1132 sunt
1005 1065 1127 1128 Primae
1141 1067 1242 1130 terrm
1255 1068 1342 1130 bona
1357 1070 1508 1148 despicit,
1529 1073 1607 1150 quia
1621 1089 1708 1136 rana
1728 1077 1805 1138 sunt

143 1164 309 1242 supremi.
326 1167 367 1228 ut
380 1165 421 1228 de
435 1165 509 1227 istis
524 1165 659 1244 quidam
687 1167 822 1228 suntin
847 1167 947 1241 mola,
1005 1179 1078 1239 quae
1101 1165 1275 1241 promittit,
1301 1167 1380 1244 qula
1405 1169 1538 1232 sanitas
1562 1172 1747 1236 vanitatum
1772 1175 1805 1236 et

147 1263 290 1342 quidam
305 1264 341 1325 in
358 1277 450 1340 agro,
466 1265 601 1342 quidam
629 1265 778 1328 inlecto.
795 1265 884 1327 Mola
899 1265 951 1328 est
1003 1261 1116 1322 omnia
1130 1263 1273 1326 sannas.
1294 1266 1454 1328 Secundae
1471 1269 1570 1330 terrae
1588 1268 1675 1332 bona
1696 1272 1806 1348 repri-

143 1361 268 1422 saeculi
284 1362 553 1437 circuibasnger
561 1362 613 1424 est
622 1360 789 1425 audientis
804 1363 949 1424 animus.
1004 1358 1074 1430 mit,
1091 1360 1172 1437 quia
1186 1360 1275 1422 mala
1292 1363 1370 1424 sunt
1381 1379 1455 1440 quas
1473 1366 1634 1442 suggerit,
1645 1369 1743 1446 Juxta
1761 1369 1805 1430 il-

143 1460 270 1521 Lectus
281 1459 332 1521 est
345 1459 516 1535 diligentis
525 1459 710 1538 amplexus.
725 1463 762 1522 lu
775 1460 864 1522 mola
874 1461 951 1522 sunt
1003 1455 1061 1516 lud
1075 1476 1083 1516 ε
1099 1458 1309 1530 Mortificate
1329 1463 1618 1526 memoraverim
1633 1480 1711 1540 macr
1722 1468 1805 1529 suat

143 1555 303 1618 homines
329 1557 455 1628 saecull,
477 1557 512 1618 iu
531 1551 613 1633 agro
628 1556 779 1618 doctores
793 1557 898 1630 verbi,
915 1558 949 1618 in
1003 1567 1111 1629 super
1136 1555 1272 1618 terram
1295 1553 1435 1634 (coloss.
1451 1573 1502 1632 m,
1518 1557 1563 1640 5).
1579 1561 1804 1628 meretritio

143 1653 236 1716 lecto
251 1653 351 1716 amici
373 1653 497 1732 spousi.
514 1654 710 1726 Quisuutin
724 1654 812 1716 mola
825 1655 949 1718 terram
1003 1649 1105 1712 terrae
1117 1653 1306 1730 spiritualia
1328 1656 1451 1732 gaudia
1472 1657 1624 1735 recipiet,
1646 1662 1804 1738 quoniam

143 1751 369 1823 circumeunt,
395 1765 473 1812 nam
495 1751 693 1829 temporalia
706 1753 871 1830 quaerunt.
888 1753 950 1824 Qui
1002 1748 1681 1835 inpraesenticarnaliacunotasuperarit
1692 1760 1802 1822 Unde:

143 1848 182 1909 in
193 1863 275 1925 agro
283 1849 361 1910 sunt
368 1848 493 1910 terram
504 1848 627 1921 colunt,
640 1864 718 1910 nam
729 1865 843 1911 semen
854 1850 949 1912 serbi
1003 1848 1181 1922 Eprcdcre
1194 1851 1347 1912 deterre
1366 1853 1401 1913 'et
1412 1855 1456 1915 da
1467 1857 1806 1931 scemmenstete

142 1947 207 2007 Dei
232 1947 268 2006 in
290 1945 456 2008 audientis
473 1947 586 2010 animo
609 1947 781 2024 spargunt.
798 1948 951 2020 Quisunt
1002 1947 1084 2005 cent
1108 1947 1146 2006 ta
1173 1947 1309 2010 terram
1336 1965 1440 2024 quom
1466 1953 1710 2016 nwmtrcoero
1744 1957 1807 2018 ttbt

141 2044 182 2104 ln
205 2043 292 2106 lecto
311 2044 496 2121 quiescunt
525 2045 588 2116 Qui
607 2045 684 2107 sunt
704 2045 740 2105 in
756 2045 855 2118 mola,
872 2045 949 2106 tur·
1003 2038 1100 2120 (Gen.
1116 2058 1179 2115 xu,
1193 2041 1237 2123 t).

141 2141 270 2204 bantur
298 2158 342 2204 ex
364 2143 599 2204 sollicitudine.
628 2144 690 2214 Qui
711 2143 750 2203 ln
772 2144 950 2220 agrc,tur-
1043 2139 1230 2217 Sequitur:
1259 2143 1349 2204 Vidit
1372 2147 1474 2207 Jacob
1499 2151 1628 2210 scalam
1651 2149 1821 2212 starttem.
1859 2143 1865 2155 '

140 2237 269 2310 bantur
295 2253 339 2302 ex
358 2239 485 2300 labore.
510 2239 573 2311 Qui
596 2239 631 2301 iu
657 2240 756 2314 lecto,
779 2239 950 2302 delectan—
1001 2251 1108 2312 super
1129 2239 1263 2301 terram
1284 2237 1380 2320 (Gen.
1396 2257 1515 2317 nvait,
1533 2244 1597 2325 12).
1612 2247 1803 2310 Notandum
1848 2232 1858 2241 ’

139 2337 257 2400 turin
284 2336 405 2415 quiete.
430 2338 519 2399 Inter
537 2351 652 2399 omnes
675 2339 758 2400 istos
781 2339 860 2400 snut
874 2337 950 2415 qui·
1002 2349 1082 2396 vero
1110 2336 1197 2413 quod
1211 2337 1292 2400 dicit
1314 2359 1322 2399 ε
1343 2341 1501 2404 Staratem
1522 2345 1797 2420 superterram.

140 2435 223 2498 darn
249 2434 330 2496 boni
357 2434 546 2512 etquidem
569 2435 660 2497 mali.
682 2435 777 2500 Unde
801 2436 834 2498 et
857 2435 949 2500 scala
1002 2433 1089 2494 Nam
1108 2433 1222 2496 contra
1248 2435 1403 2499 naturam
1419 2439 1675 2516 etsuperusum
1690 2443 1802 2504 carnis

141 2549 248 2610 super
262 2534 386 2596 terram
400 2537 489 2595 stare
504 2533 636 2606 dicitur,
660 2533 718 2596 sed
733 2548 801 2595 non
815 2532 857 2594 ab
872 2547 946 2594 om·
1002 2529 1059 2606 qui
1082 2532 1180 2594 natus
1208 2533 1259 2594 θεῖ
1285 2547 1329 2594 ex
1352 2534 1501 2610 Virgine,
1529 2551 1630 2615 super
1649 2539 1802 2602 homines

141 2631 244 2693 nibus
265 2631 308 2692 ad
322 2647 425 2692 uuum
439 2631 572 2693 virtutis
587 2632 727 2708 gadum
741 2629 946 2710 pervenitur.
1001 2625 1074 2688 luit.
1102 2628 1208 2690 Natus
1225 2631 1276 2692 est
1298 2631 1414 2693 oontm
1426 2633 1592 2707 naturam,
1609 2637 1688 2712 quia
1702 2639 1800 2699 natus

143 2729 207 2792 ilis
218 2730 331 2791 autem
345 2729 608 2806 operationibus,
632 2729 728 2807 quasi
748 2727 947 2807 quibusdam
1001 2723 1103 2786 enus
1114 2726 1220 2788 matre
1235 2727 1354 2790 nonde
1372 2730 1466 2805 patre
1480 2731 1661 2794 secundun
1676 2732 1800 2796 buma-

142 2827 247 2888 scalae
275 2825 434 2903 gradibus
468 2827 695 2890 conscendunt
724 2827 877 2908 nomines
905 2827 946 2888 ad
1000 2821 1149 2884 maten.
1179 2825 1221 2886 ut
1247 2825 1429 2888 notandum
1453 2829 1504 2890 est
1527 2830 1614 2905 prod
1638 2831 1802 2895 natusest

143 2941 287 3001 reguum
302 2925 448 2988 ooeleste.
465 2927 505 2986 nt
526 2925 596 3003 ipse
619 2925 770 2994 Christus
785 2939 822 2986 aa
835 2925 949 3002 ipsum
1000 2919 1122 2997 praeter
1146 2921 1312 2994 naturam,
1341 2923 1398 2986 sed
1424 2926 1522 2987 natm
1544 2929 1680 3004 propter
1702 2931 1801 2990 natu-

143 3023 290 3102 pracbuit
307 3023 404 3101 quasi
427 3023 551 3085 scalam
566 3023 608 3084 ad
623 3021 743 3085 coelum
758 3023 897 3096 bomini,
914 3025 947 3085 et
1000 3033 1083 3080 ram.
1113 3017 1313 3096 Obsequium
1338 3019 1402 3084 luit
1428 3023 1557 3098 gratim,
1587 3041 1654 3086 non
1682 3041 1800 3089 cursus

143 3121 235 3184 riam
260 3121 422 3183 redeundi
445 3121 559 3183 diceus
576 3143 583 3181 :
599 3123 674 3198 Epo
697 3135 777 3183 sum
797 3121 871 3186 otc..
884 3123 947 3187 Qut
1001 3115 1184 3179 nativitatis
1208 3117 1373 3192 bumana,
1397 3120 1504 3182 Virtus
1527 3123 1706 3196 1101111110,
1731 3125 1801 3200 Sitt-
1832 3177 1835 3183 ι

141 3221 304 3295 senuaar
316 3234 384 3293 me,
407 3233 476 3282 non
494 3219 646 3282 ambalat
659 3222 697 3281 ta
710 3217 870 3292 terwbrts,
886 3222 946 3280 sad
1000 3229 1079 3275 num
1100 3231 1167 3277 non
1195 3218 1409 3290 consuetudo,
1427 3217 1575 3294 dignatio
1589 3235 1657 3282 non
1676 3221 1799 3284 eondi-

143 3321 277 3380 nanctus
306 3321 422 3380 tumen
453 3317 550 3390 εῖῖιε,
581 3318 615 3379 et
641 3331 742 3379 nemo
775 3317 871 3378 venit
901 3320 947 3379 cd
998 3313 1057 3386 tio,
1074 3313 1206 3390 pietatis
1222 3317 1476 3390 sacramentum,
1494 3333 1561 3378 non
1580 3319 1719 3382 Deitatis
1739 3320 1800 3382 de·

143 3417 293 3480 Patrem
318 3419 387 3478 alst
411 3429 551 3490 parma
575 3413 685 3493 (Joau.
709 3429 778 3487 xrs,
804 3412 851 3494 6).
867 3412 946 3476 llaec
999 3411 1203 3486 trimentum,
1224 3429 1292 3473 non
1317 3429 1493 3475 commune
1515 3415 1574 3476 sed
1595 3417 1713 3490 solum,
1732 3433 1799 3480 non

142 3515 237 3576 scala
252 3516 491 3591 superterram
506 3515 595 3575 stare
608 3513 747 3576 dicitur.
761 3513 820 3576 list
834 3513 949 3574 autem
1000 3507 1182 3570 humanum
1197 3510 1255 3571 sed
1278 3509 1439 3572 divinum.
1458 3513 1565 3588 Super
1585 3528 1682 3574 usum
1701 3517 1799 3578 nature

143 3613 269 3690 triplex
296 3613 387 3674 terra
402 3613 510 3675 :terra
537 3625 610 3688 quae
635 3611 687 3674 est
713 3610 775 3672 sub
796 3611 944 3682 bomine,
1000 3608 1053 3669 est
1065 3607 1105 3669 de
1117 3607 1265 3683 Virgine,
1285 3623 1351 3669 non
1366 3608 1407 3669 de
1428 3609 1594 3686 corrupta,
1607 3611 1799 3689 quiavirgo

145 3713 236 3775 terra
251 3725 325 3788 quae
354 3710 404 3772 est
425 3709 536 3781 bomo,
554 3711 646 3771 terra
670 3723 745 3786 quae
769 3710 819 3770 est
846 3723 948 3785 super
1000 3703 1509 3782 ruitantepartum,etinpartu,
1521 3708 1640 3785 etpost
1654 3711 1797 3786 partum.

146 3808 325 3870 bominem.
341 3809 479 3867 Terram
491 3821 565 3882 quae
578 3807 630 3867 est
644 3805 705 3866 sub
721 3805 866 3876 bomine,
884 3803 948 3865 bo-
1002 3801 1095 3863 Unde
1104 3801 1262 3878 scriptum
1273 3803 1324 3864 est
1335 3803 1371 3864 in
1381 3803 1583 3880 Evangelio:
1598 3809 1710 3870 Nacta
1719 3810 1798 3872 arat

146 3903 473 3966 mccalcat'lerram
486 3900 624 3980 quaest
637 3901 747 3971 bomo,
763 3899 947 3976 bomopor
1000 3903 1037 3960 tn
1061 3903 1173 3962 medio
1200 3905 1321 3974 amris,
1348 3901 1381 3964 et
1405 3905 1508 3965 lesus
1527 3907 1621 3967 sotus
1639 3907 1676 3966 ta
1698 3907 1797 3968 terra

144 4003 204 4066 tat.
217 4003 354 4063 Terram
369 4015 443 4077 qaas
464 4000 629 4076 estsuper
643 3998 823 4069 bominem,
847 3997 946 4060 bomo
1000 3995 1118 4076 (Marc.
1134 4013 1179 4070 vr,
1194 3997 1259 4077 47).
1277 3998 1376 4061 Solus
1389 4001 1463 4062 erat
1483 4001 1633 4071 interra,
1647 4004 1725 4082 quia
1738 4020 1797 4066 so-

146 4099 323 4162 desiderat.
340 4099 502 4175 Deprima
516 4097 607 4159 terra
621 4095 844 4174 scriptumest
858 4098 947 4157 :Do-
1000 4095 1052 4158 lus
1071 4095 1146 4156 sine
1157 4095 1292 4172 peccato
1306 4097 1390 4160 vixit
1413 4097 1448 4158 in
1470 4098 1533 4160 boc
1552 4099 1685 4162 mundo.
1703 4102 1797 4165 Unde

145 4201 235 4260 mint
255 4199 307 4259 est
325 4197 424 4258 tarra
438 4197 472 4257 at
483 4195 659 4270 plenitude
673 4198 748 4269 aas
759 4192 828 4273 (Ps.
845 4209 945 4265 xxrn,
999 4193 1118 4254 Petrus
1147 4215 1155 4255 ι
1171 4195 1234 4260 Qut
1244 4197 1423 4268 pcocctwa
1435 4211 1505 4257 raon
1517 4199 1608 4271 fecit,
1629 4213 1692 4259 aec
1705 4203 1801 4261 dotus

147 4294 191 4375 i).
219 4297 267 4356 De
290 4293 436 4356 secunda
458 4291 531 4364 lob,
549 4309 625 4354 cum
640 4290 845 4353 describeret
867 4305 947 4368 pas-
999 4291 1231 4352 incestasset
1251 4294 1289 4351 ta
1315 4306 1375 4353 cra
1395 4295 1471 4364 aas
1498 4291 1531 4362 (l
1555 4295 1643 4356 Petr.
1671 4295 1798 4375 1i,22).

145 4394 272 4455 sionem
292 4390 455 4468 unigeniti
476 4391 546 4463 bel,
563 4391 635 4452 ait:
655 4393 764 4451 Terra
789 4389 872 4450 data
894 4388 946 4450 est
1000 4387 1230 4450 Nouiuterra
1246 4387 1303 4449 sed
1323 4390 1558 4464 superterram
1584 4390 1674 4453 scala
1697 4393 1798 4468 stetit,

144 4495 184 4552 ta
213 4505 340 4552 manus
366 4491 466 4563 impii
487 4486 573 4567 (lob.
593 4502 641 4560 rx,
666 4486 733 4566 24),
747 4486 852 4555 idest,
868 4499 947 4548 caro
1001 4485 1081 4564 quia
1098 4484 1191 4545 nulla
1215 4483 1337 4546 nostrae
1360 4486 1472 4547 carnis
1498 4487 1657 4566 iniquitas
1681 4506 1800 4569 corpus

148 4589 271 4651 Christi
290 4587 367 4650 data
382 4587 433 4649 est
450 4585 486 4648 iu
505 4585 666 4664 potestate
690 4583 949 4663 persecutionis.
1001 4582 1203 4644 dominicum
1216 4583 1414 4660 macularit3
1432 4585 1510 4663 quia
1524 4587 1587 4648 etsi
1601 4587 1701 4650 bomo
1712 4590 1802 4651 inter

147 4688 187 4748 Et
212 4687 247 4746 in
265 4685 386 4746 Genea
401 4706 408 4746 ε
426 4687 594 4767 Tarraca
615 4685 653 4746 at
675 4685 713 4744 tn
734 4684 871 4744 terram
883 4683 949 4743 ibls
1002 4679 1153 4741 homiues
1166 4681 1330 4758 apparuit,
1343 4680 1431 4745 inter
1445 4683 1546 4760 butus
1566 4686 1680 4747 mundi
1694 4689 1801 4750 motus

149 4783 244 4865 (Gen.
258 4797 307 4857 111,
322 4781 391 4862 19).
404 4785 452 4843 De
471 4781 570 4846 tertia
591 4781 671 4842 filiis
684 4780 789 4843 Israel
804 4780 945 4842 dicitur:
1002 4778 1138 4840 immota
1152 4779 1294 4855 veabgm
1312 4781 1472 4843 servavit.
1496 4781 1592 4844 Stetit
1614 4786 1726 4846 autem
1740 4789 1801 4848 Je-

148 4882 211 4943 ‹Si
227 4881 372 4943 feceritis
387 4895 461 4958 quae
471 4880 615 4957 praecepi
629 4877 736 4950 robis,
752 4877 839 4939 bona
849 4879 948 4939 terrae
1002 4891 1060 4938 sus
1082 4892 1143 4954 per
1164 4877 1476 4940 manifestationem.
1502 4879 1598 4941 Unde
1623 4881 1745 4943 dicitur
1766 4884 1802 4943 in

149 4979 325 5041 comedetis
352 4995 381 5038 s.
413 4977 526 5040 Prima
552 4980 644 5039 terra
670 4977 722 5038 est
750 4975 950 5037 elementum
1004 4973 1184 5050 Evangelio
1201 4996 1208 5035 ε
1224 4975 1442 5038 steteram
1462 4981 1500 5040 tn
1522 4981 1635 5040 medio
1653 4982 1804 5054 asema-

149 5077 289 5150 visibile,
307 5075 453 5138 secunda
469 5090 589 5151 corpus
604 5073 755 5146 mortale,
771 5073 872 5134 tertia
887 5088 951 5133 coe·
1003 5077 1117 5134 lorum
1139 5085 1286 5133 auorum
1315 5075 1430 5134 diceres
1454 5091 1466 5134 .·
1489 5077 1563 5152 Epo
1589 5089 1683 5149 sum,
1699 5077 1803 5139 aetite

150 5174 216 5238 lum
231 5174 415 5252 spirituale.
429 5172 541 5233 Prima
555 5171 647 5233 terra
663 5173 882 5244 mortuorum,
897 5185 952 5231 se-
1003 5168 1129 5230 ttmera
1145 5165 1239 5246 (Luc.
1254 5183 1347 5241 ura,
1363 5167 1429 5249 36).
1448 5170 1545 5234 Stetit
1566 5188 1625 5250 per
1645 5173 1731 5234 lucis
1750 5173 1805 5235 da·

151 5273 255 5336 cunda
267 5272 470 5341 mortalium,
482 5269 580 5331 tertia
594 5267 788 5331 viventium.
800 5268 951 5330 Secunda
1005 5266 1141 5327 tionem.
1157 5265 1252 5326 Unde
1266 5266 1388 5342 legitur
1412 5267 1448 5330 in
1476 5270 1655 5344 Evangelio
1675 5271 1804 5333 :Stans

149 5371 327 5433 revertitur
353 5369 394 5430 ad
419 5369 561 5445 primam
588 5381 647 5444 per
671 5381 802 5442 poenam
822 5365 950 5437 mortis,
1005 5365 1124 5426 autem
1144 5367 1360 5438 Jaaajusstt
1383 5381 1513 5428 crocum
1528 5371 1650 5431 adduct
1669 5373 1803 5431 adse...

152 5469 205 5531 sed
221 5469 280 5529 illa
297 5467 448 5544 rapietur
464 5465 505 5526 ad
517 5464 651 5527 tertiam
668 5477 727 5540 per
740 5463 883 5540 gloriam
897 5477 954 5523 re-
1006 5460 1102 5540 (Luc.
1125 5477 1221 5535 xvnr,
1238 5460 1302 5541 40).
1322 5463 1420 5525 Stetit
1434 5479 1493 5540 per
1505 5465 1616 5526 carnis
1630 5466 1804 5542 glorifica-

152 5565 377 5638 surrectionis,
409 5579 508 5642 quiam
536 5563 586 5623 illi
610 5562 701 5623 recte
725 5563 871 5637 sperant,
898 5561 954 5637 qui
1007 5559 1141 5620 bouem.
1160 5559 1253 5622 Unde
1274 5561 1310 5622 in
1334 5562 1515 5637 Evangelio
1532 5583 1539 5624 ε
1555 5579 1575 5623 t
1591 5563 1688 5627 Stetit
1707 5566 1806 5626 lesus

145 5682 226 5728 ,cum
241 5663 311 5726 sint
322 5663 425 5736 terra,
439 5660 714 5725 terramcalcant.
733 5658 825 5724 Unde
836 5659 869 5722 ct
882 5658 954 5722 baec
1008 5659 1043 5720 in
1058 5658 1169 5724 littore
1183 5675 1219 5732 a,
1235 5659 1333 5734 idest,
1352 5659 1510 5738 ingloria
1531 5660 1804 5727 immortalitatis.
