4234 6442
140 294 206 354 405

187 455 256 529 Ego
280 451 468 530 Stephanus
491 451 523 512 S.
538 449 676 512 Adriani
692 448 851 513 diaconus
867 467 943 512 car-

73 565 76 568 ·
142 549 280 612 dinahs.

188 650 255 724 Ego
271 647 406 724 Egidius
423 647 481 708 SS.
502 647 630 708 Cosmee
646 647 678 709 et
696 647 849 708 Damiani
864 647 940 709 dia-

145 761 251 807 conus
266 744 455 807 cardinalis.

190 843 308 904 Datum
320 842 477 904 Laterani
493 857 552 920 per
566 857 700 906 manum
716 842 864 912 Rauerii
881 845 942 904 Ro·

145 955 256 1001 manae
271 939 428 1001 Ecclesiae
452 940 721 1002 vicecancellarii
742 941 856 1018 quinto
871 941 940 1002 idi-

143 1036 209 1098 bus
233 1037 326 1110 Maii,
349 1038 531 1100 indictione
560 1040 666 1111 senta,
698 1039 940 1100 incarnationis

145 1134 329 1197 Dominicae
345 1120 433 1196 anno
448 1136 624 1196 millesimo
644 1136 869 1199 ducentesimo
889 1137 942 1197 de

143 1232 234 1293 cimo
272 1233 432 1310 septimo,
466 1233 677 1310 pontificatus
706 1249 785 1296 vero
815 1233 940 1295 domini

143 1329 285 1391 Honorii
301 1333 400 1408 Papae
414 1331 505 1393 tertii
520 1347 608 1392 anno
621 1331 740 1408 primo.

443 1518 645 1606 cccxxii

196 1672 249 1730 Ad
260 1673 444 1732 Falconem
456 1674 651 1746 episcopum
665 1675 885 1746 Papieusem.

439 1795 471 1850 ll
488 1793 555 1851 maii
572 1795 650 1852 titt.

292 1905 411 1971 [Ughelli,
424 1907 499 1959 ltalia
511 1909 595 1966 Sacra,
608 1914 628 1958 t.
643 1911 662 1968 1,
674 1924 700 1972 p.
712 1909 794 1975 lese]

144 2015 289 2071 Honorem
300 2020 329 2070 et
341 2013 510 2086 dignitatem
524 2015 728 2088 episcopalem,
744 2017 892 2090 privilegiu
909 2031 942 2072 ac

177 2101 241 2173 iura
254 2102 413 2171 oonhrmat,
431 2102 617 2176 conceditque
637 2103 740 2173 eidem,
760 2111 791 2161 ut
810 2105 883 2160 inter
899 2119 943 2162 sa·

181 2205 228 2248 cra
244 2192 396 2248 missarum
411 2192 551 2251 solemnia
561 2193 646 2264 pallio
658 2194 709 2262 uti,
719 2194 748 2250 in
759 2193 942 2266 processione

92 2297 94 2302 ·
180 2281 342 2336 Palmarum
357 2287 387 2337 et
397 2278 475 2337 leriae
489 2281 623 2338 secundus
638 2288 701 2354 post
716 2281 826 2340 Pascha
836 2297 941 2354 equum

180 2367 275 2425 album
284 2368 379 2427 udone
393 2378 559 2442 coopertum
574 2372 703 2442 equitare
715 2372 815 2443 possit.

187 2495 351 2556 Honorius
373 2495 548 2573 episcopus
570 2513 687 2559 servus
704 2496 815 2569 Dei...,
832 2497 894 2558 etc,

184 2593 224 2653 nt
236 2592 310 2668 ipsa
332 2592 473 2668 justitiae
487 2593 573 2654 ratio
588 2595 621 2655 et
637 2593 834 2669 Apostolicae
848 2591 942 2654 Sedis

146 2689 294 2764 deposcit
316 2688 523 2766 benignitas,
551 2690 588 2752 ut
613 2691 708 2759 locis,
738 2691 771 2751 et
790 2688 942 2767 personis

143 2790 179 2847 B.
196 2789 306 2858 Petro,
322 2787 355 2848 et
367 2790 400 2850 S.
418 2789 456 2850 R.
474 2789 510 2848 E.
527 2787 755 2865 spiritualibus
771 2787 944 2849 adhaeren-

143 2884 242 2957 tibus,
271 2887 304 2947 et
328 2885 363 2945 in
383 2888 455 2961 ejus
475 2885 664 2958 devotione,
692 2885 726 2947 et
753 2884 942 2946 obedientia

143 2981 406 3059 persistentibus,
424 2983 612 3060 patrocinii,
626 2985 659 3045 et
671 2983 853 3045 evectionis
870 2999 943 3043 nos·

143 3081 203 3142 trae
217 3096 350 3141 manum
365 3080 600 3154 abundantius,
616 3080 649 3143 et
669 3081 866 3159 propensius
882 3095 944 3140 ex-

143 3178 280 3240 tendere
310 3177 503 3254 debeamus;
534 3179 634 3257 hujus
665 3179 777 3256 itaque
801 3177 942 3244 rahonis

145 3274 252 3338 debito
268 3277 421 3352 promoti,
441 3277 602 3340 honorem
622 3279 653 3340 et
668 3279 862 3355 dignitatem
883 3284 943 3342 Pa·

144 3373 252 3450 piensi
263 3374 412 3434 ecclesiae
425 3375 582 3451 tanquam
594 3376 747 3452 propriae,
763 3379 794 3438 et
805 3378 942 3452 speciali

142 3471 339 3548 Apostolicae
356 3472 450 3532 Sedis
465 3473 544 3534 filiae
563 3473 717 3533 volumus
729 3489 941 3535 conservare.

144 3569 317 3641 Quocirca,
342 3585 454 3630 vener.
481 3571 515 3631 in
545 3569 675 3631 Christo
699 3569 813 3641 irater,
841 3571 943 3632 Fuico

144 3666 308 3743 episcope,
323 3682 420 3744 quem
435 3667 567 3729 sincera
582 3667 617 3728 in
632 3667 762 3729 Christo
778 3668 943 3730 charitate

145 3763 321 3840 diligimus,
355 3765 422 3826 tuis
442 3765 543 3841 justis
563 3763 841 3842 postulationibus
860 3781 942 3841 gra-

145 3862 212 3922 tum
243 3861 472 3938 impartientes
502 3877 675 3922 assensum
704 3863 745 3922 ad
773 3863 944 3940 exemplar

144 3959 423 4035 praedecessorum
439 3959 627 4020 nostrorum
647 3958 754 4022 felicis
774 3961 943 4022 memoriae

145 4054 275 4126 calixti,
304 4054 500 4127 Innocentii,
525 4055 675 4133 Eugenii,
703 4057 882 4132 anastasii,
911 4059 945 4121 et

145 4153 328 4215 Innocentii
353 4156 577 4215 Romanorum
606 4155 821 4227 Pontificum,
852 4173 942 4234 prae-

144 4251 264 4313 dictam
283 4251 480 4328 Papieusem
500 4251 687 4322 ecclesiam,
708 4253 761 4314 cui
776 4256 844 4314 Deo
857 4271 941 4315 auc-

145 4351 214 4410 tore
229 4366 373 4428 praeesse
388 4349 626 4426 dignoscimus
639 4351 813 4426 praesentis
828 4352 942 4429 scripti

145 4447 316 4526 privilegio
342 4448 596 4520 communimus,
623 4449 656 4511 et
683 4462 814 4509 ornnem
838 4449 943 4526 ipsius

145 4545 292 4606 ecclesiae
318 4545 515 4622 dignitatem
536 4562 597 4623 per
615 4547 805 4608 eorumdem
820 4549 944 4609 Roma-

146 4655 263 4702 norum
274 4643 666 4721 Pontificumprivilegia,
682 4644 733 4705 vel
747 4645 941 4706 authentica

146 4737 268 4813 scripta
290 4755 491 4811 concessam,
509 4758 569 4802 nos
588 4757 718 4819 quoque
734 4742 942 4806 auctoritatis

145 4836 268 4898 nostrae
294 4833 407 4896 lavore
444 4838 662 4900 nihilominus
694 4841 939 4902 confirmamus.

145 4932 356 4996 Fraternitati
377 4933 539 5010 siquidem
557 4938 624 4997 tuae
643 4937 731 4999 inter
745 4955 841 5000 sacra
861 4939 944 5000 mis·

145 5046 255 5094 sarum
271 5019 434 5091 solem‘nia
449 5030 550 5106 pallio
563 5033 622 5104 uti,
635 5034 668 5096 et
681 5035 748 5096 tam
759 5035 831 5107 tibi,
844 5052 942 5114 quam

145 5126 390 5192 successoribus
401 5127 466 5189 tuis
475 5127 509 5188 in
519 5131 941 5206 processionePalmarum,

145 5230 176 5290 et
189 5227 280 5290 seriae
296 5229 326 5288 II
337 5226 412 5304 post
427 5226 556 5288 Pascha
572 5243 692 5304 equum
708 5229 819 5290 album
835 5230 942 5292 udone

145 5329 333 5404 coopertum
347 5324 508 5404 equitare,
523 5340 653 5386 necnon
666 5327 699 5387 et
714 5341 844 5388 crucem
856 5329 943 5390 inter

145 5423 378 5485 ambulandum
399 5421 557 5502 praeferre
574 5422 797 5496 concedimus,
812 5424 853 5484 ob
871 5441 943 5487 ma-

142 5523 247 5598 jorem
281 5537 412 5600 quoque
449 5521 555 5599 ipsius
584 5521 757 5598 Papiensis
791 5523 942 5586 ecclesiae

145 5617 336 5696 dignitatem
365 5619 600 5682 confirmantes
628 5619 814 5694 statuimur,
852 5620 887 5682 nt
908 5621 942 5682 in

778 281 1007 354 EPISTOLAE.
1031 292 1109 351 LIB.
1132 291 1157 350 1.

1730 293 1797 357 ⁴06

996 448 1205 528 synodalium
1224 446 1448 511 celebratione
1469 447 1708 516 conventuum,
1727 449 1796 510 tam

996 551 1032 611 tu
1058 563 1155 625 quam
1180 562 1389 610 successores
1412 547 1463 610 tui
1486 546 1527 608 ad
1548 547 1719 610 sinistrum
1736 549 1798 610 lto·

996 647 1085 706 mani
1100 644 1271 706 pontilicis
1286 645 1385 716 latus,
1402 646 1544 721 primum
1560 645 1719 706 sessionis
1740 644 1796 706 lo-

996 759 1071 804 cum
1095 743 1333 820 perpetualiter
1356 742 1517 814 habeatis,
1535 743 1570 803 in
1583 743 1797 804 monasteriis

996 841 1238 922 auctoritatem,
1259 841 1317 902 aut
1331 841 1469 918 capellis
1488 839 1655 917 aliquibus
1676 841 1798 916 praeter

996 939 1168 1001 matricem
1195 938 1369 1000 ecclesiam
1388 938 1588 1015 baptismum
1607 938 1798 1014 generalem

996 1036 1069 1098 lieri
1106 1037 1239 1114 penitus
1273 1036 1499 1114 prohibemus.
1538 1036 1573 1096 in
1606 1035 1737 1112 quibus,
1766 1035 1795 1096 si

996 1151 1069 1212 quae
1093 1135 1177 1197 forte
1203 1136 1368 1212 praecepta
1383 1135 1499 1197 contra
1514 1149 1627 1196 sacros
1649 1149 1793 1196 canones

995 1233 1109 1294 elicita
1121 1232 1266 1294 inveniri
1284 1232 1471 1308 contigerit,
1487 1231 1609 1293 vestris
1627 1231 1796 1293 canonicis

994 1346 1062 1391 non
1075 1331 1293 1407 praeJudicent
1304 1330 1480 1404 institutis;
1502 1330 1656 1401 clericos,
1674 1329 1795 1390 sancti·

996 1426 1170 1494 moniales,
1197 1425 1316 1488 viduas
1338 1425 1431 1486 urbis
1453 1426 1583 1498 vestrae,
1598 1425 1670 1488 sine
1683 1425 1795 1487 vestra

901 1537 904 1548 ’
995 1524 1201 1586 conscientia
1228 1539 1326 1585 nemo
1358 1523 1540 1600 praesumat
1569 1523 1604 1584 in
1632 1522 1796 1600 judicium

995 1620 1129 1682 trahere
1152 1621 1210 1684 aut
1224 1621 1291 1682 vim
1312 1637 1428 1682 eorum
1447 1619 1546 1682 rebus
1568 1620 1704 1682 interra.
1726 1621 1796 1682 Nec

996 1719 1261 1781 coemeteriorum
1274 1735 1348 1796 qnae
1371 1719 1475 1791 intra,
1499 1718 1551 1780 vel
1578 1719 1672 1780 extra
1706 1718 1796 1780 circa

996 1817 1163 1879 civitatem
1176 1819 1263 1890 sunt,
1279 1833 1393 1880 curam
1408 1817 1512 1889 vobis,
1528 1818 1586 1878 aut
1601 1817 1796 1895 potestatem

997 1914 1192 1976 subtrahere
1207 1915 1362 1992 quaelibet
1376 1931 1517 1997 persona
1533 1915 1722 1992 praesumat,
1735 1929 1797 1976 nec

996 2012 1085 2073 ullus
1101 2028 1246 2088 unquam
1255 2015 1306 2089 cuj
1313 2027 1492 2090 uscumque
1507 2012 1679 2073 saecularis
1692 2011 1799 2086 digni·

996 2109 1084 2180 tatis,
1102 2111 1161 2170 aut
1175 2110 1330 2186 potentiae
1352 2110 1451 2171 homo
1466 2110 1564 2187 quasi
1584 2108 1645 2169 sub
1660 2108 1797 2170 obtentu

996 2205 1245 2282 hospitalitatis,
1270 2206 1323 2268 vel
1347 2207 1541 2284 patronatus
1558 2205 1735 2268 occasione
1761 2205 1796 2265 in

996 2302 1053 2364 tuo
1070 2304 1250 2381 episcopio,
1266 2305 1373 2366 autin
1396 2304 1547 2366 domibus
1572 2304 1795 2374 sacerdotum,

997 2415 1056 2460 sen
1069 2401 1267 2462 clericorum
1279 2405 1411 2463 tuorum
1424 2403 1497 2463 sine
1511 2402 1578 2474 tua,
1595 2403 1793 2478 tuorumque

997 2514 1227 2560 successorum
1262 2499 1433 2560 voluntate
1458 2500 1579 2560 audeat
1603 2498 1794 2576 applicare,

997 2596 1106 2656 necin
1122 2597 1220 2658 rebus
1234 2596 1410 2657 mobilibus
1425 2598 1458 2659 et
1471 2595 1705 2667 immobilibus,
1724 2595 1797 2658 sive

997 2693 1795 2771 personisqu'ucumqueconditionisadvestram

997 2791 1173 2852 ecclesiam
1203 2791 1446 2869 pertinentibus
1478 2791 1698 2862 invasionem,
1738 2790 1798 2852 aut

996 2887 1190 2950 violentiam
1221 2889 1316 2950 vobis
1345 2889 1460 2951 invitis
1489 2889 1562 2950 fleri
1594 2888 1667 2950 sine
1695 2888 1795 2964 legali

997 2987 1126 3048 ratione
1139 2987 1359 3063 permittimus
1378 2986 1558 3064 :praeterea
1574 3001 1797 3064 quascumque

997 3085 1237 3162 possessiones,
1254 3100 1471 3162 quaecumque
1486 3083 1584 3158 bona,
1597 3100 1670 3163 quae
1681 3084 1798 3146 eadem

997 3183 1139 3244 ecclesia
1163 3183 1199 3244 in
1217 3183 1471 3260 praesentiarum
1487 3184 1577 3259 Juste
1592 3182 1626 3244 et
1637 3182 1797 3244 canonice

997 3280 1157 3357 possidet,
1174 3281 1277 3342 autin
1291 3281 1437 3341 futurum
1456 3280 1670 3342 concessione
1682 3281 1796 3356 ponti-

998 3378 1113 3447 licum,
1154 3378 1332 3454 largitione
1361 3393 1494 3455 regum,
1522 3377 1575 3438 vel
1597 3377 1794 3453 principum,

998 3475 1165 3536 oblatione
1193 3474 1352 3547 fidelium,
1370 3491 1429 3536 seu
1458 3473 1535 3535 aliis
1560 3474 1660 3550 justis
1691 3474 1797 3535 modis

998 3574 1065 3632 Deo
1090 3571 1233 3648 propitio
1260 3571 1381 3648 poterit
1415 3569 1568 3647 adipisci,
1601 3570 1696 3632 firma
1721 3570 1795 3640 tibi,

999 3670 1129 3746 tuisque
1159 3667 1427 3742 successoribus,
1450 3667 1484 3729 et
1508 3668 1637 3732 illibata
1665 3683 1799 3745 perma-

997 3767 1109 3838 neant,
1131 3767 1166 3828 in
1181 3766 1301 3846 quibus
1315 3766 1388 3828 haec
1408 3766 1553 3844 propriis
1572 3765 1727 3827 duximus
1742 3781 1800 3828 ex·

998 3865 1172 3942 primenda
1187 3863 1369 3926 vocabulis.

1037 3963 1276 4024 Monasterium
1299 3963 1332 4024 S.
1356 3960 1593 4024 Bartholomaei
1616 3961 1652 4022 in
1674 3962 1795 4034 Strata,

998 4061 1236 4122 monasterium
1257 4060 1387 4121 Sanctae
1408 4059 1525 4120 Mariae
1549 4058 1630 4120 loris
1650 4059 1794 4136 portam;

998 4159 1236 4220 monasterium
1262 4157 1374 4218 Sancti
1397 4156 1624 4233 Appollinaris
1648 4171 1723 4216 cum
1744 4171 1798 4218 ca·

997 4255 1112 4333 pellis,
1154 4256 1187 4317 et
1221 4253 1390 4331 parochiis
1429 4253 1517 4325 suis,
1559 4252 1797 4314 monasterium

999 4352 1112 4413 Sancti
1147 4351 1257 4423 Petri,
1295 4350 1382 4430 quod
1419 4350 1543 4412 dicitur
1576 4351 1796 4427 Leprosorum

998 4465 1073 4511 cum
1098 4449 1246 4527 capellis,
1272 4449 1306 4510 et
1328 4448 1497 4526 parochiis
1523 4448 1604 4519 suiS,
1629 4448 1799 4508 monaste-

997 4547 1084 4608 rium
1101 4546 1214 4608 Sancti
1230 4545 1376 4618 Martini,
1393 4561 1467 4607 cum
1483 4543 1631 4622 capellis,
1648 4545 1681 4607 ei
1694 4560 1798 4621 paro-

997 4645 1083 4707 chiis
1118 4643 1202 4716 suis,
1234 4644 1472 4706 monasterium
1499 4643 1613 4706 Sancti
1645 4641 1797 4704 Gervasii

997 4758 1072 4804 cum
1098 4741 1237 4820 capellis
1265 4742 1298 4803 et
1321 4741 1490 4818 parochiis
1514 4742 1595 4815 suis,
1624 4740 1796 4802 monaste-

997 4840 1083 4902 rium
1100 4839 1213 4902 Sancti
1233 4839 1329 4901 Pauli
1344 4842 1377 4901 et
1391 4839 1505 4900 Sancti
1525 4838 1640 4902 Jacobi
1655 4838 1695 4899 de
1710 4840 1796 4899 'ler-

998 4937 1132 5005 nabula,
1158 4937 1398 4998 monasterium
1422 4938 1530 5007 vetus,
1558 4934 1796 4996 monasterium

997 5033 1162 5096 senatoris
1190 5049 1265 5095 cum
1293 5032 1431 5110 capellis
1454 5031 1488 5093 et
1512 5031 1680 5109 parochiis
1707 5030 1793 5098 stus,

997 5131 1235 5193 monasterium
1256 5131 1369 5202 Leuni,
1385 5132 1417 5192 et
1430 5128 1667 5191 monasterium
1683 5127 1796 5188 Sancti

996 5231 1131 5291 Thomas
1160 5244 1234 5290 cum
1268 5226 1424 5306 capellis,
1454 5228 1487 5288 ei
1513 5225 1682 5304 parochiis
1711 5225 1793 5294 suis,

997 5326 1235 5389 monasterinm
1260 5326 1373 5387 Sancti
1397 5324 1517 5386 Felicis
1544 5339 1618 5385 cum
1644 5322 1794 5400 capellis,

996 5427 1030 5487 et
1053 5423 1221 5502 parochiis
1237 5423 1308 5485 suis
1326 5444 1333 5483 :
1350 5423 1498 5500 ipsorum
1524 5437 1604 5483 vero
1627 5421 1796 5482 monaste-

997 5523 1139 5595 riorum,
1170 5537 1243 5600 quae
1268 5519 1354 5582 inira
1381 5521 1502 5582 vestrae
1531 5517 1685 5580 dioecesis
1711 5517 1795 5580 dues

998 5621 1085 5692 sunt,
1108 5620 1269 5682 canonica
1296 5617 1471 5696 dispositio
1496 5617 1530 5680 et
1550 5616 1717 5688 abbatum,
1740 5615 1796 5694 qui
