4234 6408
347 289 406 352 211

347 444 555 512 secutoribus
576 403 814 518 circumduxit3
842 443 886 514 et,
923 443 959 506 ut
990 443 1031 504 de
1065 442 1142 506 alite

346 545 461 608 mundi
477 543 625 623 partibus
640 541 809 604 taceamus
823 539 930 602 bestia
942 541 978 602 in
994 540 1141 604 Livonoa
1173 541 1174 548 ’

309 701 312 706 .
347 644 484 720 regione
499 640 655 710 surrexit,
676 656 748 717 quae
768 655 826 701 ore
849 639 964 716 aperto
988 639 1142 703 absorbet

347 742 519 818 plurimos,
545 738 671 800 habens
700 737 865 810 fiduciam,
881 737 967 815 quod
986 738 1141 800 Jordauis

346 838 466 900 induat
484 839 519 898 in
536 853 573 898 os
593 839 664 914 eJ'us
677 859 685 911 ;
700 836 923 914 contraquam
946 835 994 897 stc
1009 836 1140 910 accingi

345 951 484 998 necesse
495 935 545 997 est
554 935 711 1012 populum
727 933 1051 1011 christianum‚quod
1064 933 1141 994 dum

345 1033 388 1094 ab
420 1049 487 1094 una
514 1033 608 1110 parte
631 1031 803 1110 propulsat
836 1030 990 1109 iujurias
1005 1029 1046 1092 ab
1072 1031 1140 1092 alia

344 1132 531 1209 promptum
556 1130 740 1207 periculum
766 1145 834 1190 non
860 1129 1020 1191 incurrat.
1051 1128 1141 1191 Inter

344 1243 403 1290 eos
415 1228 526 1289 autem
548 1227 604 1305 qui
619 1229 730 1289 Terrae
747 1227 798 1288 illi
813 1227 861 1288 sic
885 1226 1019 1290 afflictae
1031 1227 1140 1304 parati

343 1326 424 1389 sunt
433 1325 622 1400 subvenire,
635 1325 672 1387 tu
683 1325 724 1386 ad
734 1325 996 1387 subveniendum
1007 1325 1038 1386 ei
1048 1325 1140 1388 tanto

343 1423 377 1484 te
405 1423 582 1484 accinxisti
607 1423 752 1486 viriliter
773 1423 806 1484 et
833 1423 995 1500 potenter,
1017 1423 1139 1501 quanto

342 1533 404 1595 per
427 1517 677 1580 subventionem
702 1519 794 1578 tuam
821 1519 949 1595 majora
968 1533 1140 1596 speramus

343 1614 451 1676 eidem
480 1614 652 1676 commoda
682 1615 894 1692 proventura.
917 1616 1040 1676 Verum
1062 1614 1139 1692 quia

342 1712 430 1773 sIcut
454 1711 521 1774 tuis
556 1711 653 1774 nobis
685 1711 804 1773 litteris
831 1711 997 1784 indicasti,
1019 1712 1052 1773 te
1076 1727 1137 1790 pro

342 1809 554 1886 expeditione
568 1810 661 1886 regia
673 1809 853 1872 irremotis
871 1808 990 1884 agente
1005 1809 1137 1870 eumad

342 1905 440 1968 bonae
461 1908 630 1969 memoriae
651 1909 676 1968 I.
692 1908 971 1984 praedecessorem
990 1907 1139 1968 nostrum

343 2003 690 2076 litterasdestinasses
704 2004 739 2065 ut
747 2003 807 2065 tibi
815 2003 930 2066 liceret
937 2005 1139 2089 caracterem

343 2100 1140 2180 crucisaccipere,volenticontrapaganosLivo-

343 2198 437 2258 nicos
461 2198 637 2275 proiiciSci.
665 2198 774 2260 Medio
804 2201 952 2276 tempore
978 2199 1073 2260 multi
1098 2199 1138 2260 de

343 2295 473 2356 familia
486 2297 544 2357 tua
555 2297 648 2358 tuum
659 2297 863 2373 propositum
880 2297 1065 2358 nescientes
1077 2312 1138 2374 pro

343 2393 563 2456 subventione
577 2395 676 2456 terrae
697 2394 944 2472 Hierosolymit.
962 2395 1070 2456 crucis
1086 2395 1137 2454 si-

342 2491 520 2566 gnaculum
544 2493 751 2567 receperunt.
776 2491 869 2552 Unde
891 2508 965 2552 cum
981 2493 1017 2554 tu
1040 2491 1139 2552 iami-

342 2587 481 2648 liaribus
501 2586 568 2649 tuis
595 2602 710 2649 carere
734 2603 800 2649 non
829 2589 948 2664 possis,
976 2605 1037 2650 nec
1063 2589 1136 2649 sine

341 2685 423 2764 ipsis
446 2685 615 2746 commode
638 2684 750 2747 votum
771 2685 1050 2762 peregrinationis
1071 2687 1138 2748 irn-

341 2781 432 2858 plere
448 2781 575 2865 anobis
592 2781 764 2843 humiliter
773 2782 958 2858 postulasti,
971 2783 1007 2844 ut
1019 2782 1136 2844 saltem

341 2877 456 2940 decem
468 2877 508 2939 de
521 2877 648 2940 familia
662 2880 719 2940 tua
737 2879 946 2956 specialibus,
964 2881 1021 2956 qui
1041 2881 1136 2957 quasi

340 2977 1135 3056 perstuicorporisesseridentur,darelicenb'am

342 3075 556 3151 dignaremur
570 3075 606 3134 ut
622 3073 731 3135 tecum
752 3073 788 3134 in
803 3074 976 3135 Livoniam
990 3074 1136 3136 transire

341 3171 569 3244 valeant‚voto
585 3171 863 3248 peregrinationis
878 3173 989 3232 Terrae
1006 3172 1135 3233 Sanctae

341 3269 376 3330 in
407 3267 497 3330 aliud
524 3269 734 3330 commutato.
752 3268 844 3330 Licet
873 3268 985 3330 autem
1015 3268 1135 3348 majori

338 3365 426 3429 bono
444 3367 566 3443 opponi
579 3381 645 3426 non
661 3365 778 3428 debeat
792 3365 901 3427 minus
911 3365 1044 3439 bonum,
1057 3367 1135 3444 quia

339 3463 450 3526 tamen
472 3463 558 3524 sicut
581 3462 710 3540 oportet
732 3479 793 3525 nos
818 3479 1012 3525 succurrere
1022 3467 1134 3525 'ferrae

341 3561 481 3634 Sanctae,
510 3562 546 3623 ut
570 3560 727 3638 pusillum
752 3577 886 3638 gregem
908 3562 1017 3636 gentis
1034 3561 1135 3623 Livo-

338 3660 434 3730 nIoae,
452 3659 507 3719 cui
522 3659 720 3735 complacuit
733 3660 892 3720 Dominus
907 3659 986 3720 dare
994 3674 1133 3735 regnum

338 3756 528 3838 nullatenus
571 3755 763 3816 omittamus
780 3779 788 3831 3
805 3756 969 3818 'volentes
1006 3757 1134 3818 nihilo-

338 3853 451 3913 miuus
464 3853 495 3912 te
513 3853 634 3923 virum,
649 3852 735 3912 sicut
749 3853 871 3914 dicitur
881 3854 1084 3926 timoratum,
1100 3855 1134 3916 et

339 3949 538 4026 Apostolicae
561 3949 637 4010 sedi
659 3947 812 4010 devotum
836 3950 872 4010 iu
890 3950 955 4011 tuis
979 3952 1132 4026 precibus

340 4047 516 4118 exaudire,
541 4046 726 4107 verierabili
750 4044 847 4107 fratri
871 4050 985 4108 nostro
1008 4048 1134 4110 Slevis-

338 4144 432 4206 censi
460 4144 626 4221 episcopo,
656 4145 690 4206 et
714 4144 834 4206 dilecto
861 4143 931 4205 fllio
959 4144 1070 4206 abbati
1092 4145 1132 4206 de

337 4244 447 4304 Aurea
462 4243 572 4304 insula
588 4243 806 4304 Sleviscensis
821 4241 985 4314 dioecesis,
1001 4243 1040 4304 de
1055 4257 1133 4320 quo-

336 4355 410 4402 rum
432 4340 631 4403 discretione
650 4342 796 4417 gerimus
821 4341 975 4402 fiduciam
1002 4341 1133 4417 plenio-

337 4454 420 4510 rem,
435 4439 550 4499 damus
565 4439 687 4500 nostris
709 4439 828 4500 litteris
852 4439 887 4499 in
904 4438 1079 4512 mandatis,
1097 4437 1132 4499 ut

337 4537 486 4612 pensatis
501 4536 534 4598 et
552 4535 772 4597 consideratis
794 4535 1052 4598 circumstantiis
1071 4551 1133 4598 ne-

338 4633 421 4708 gotii
435 4632 614 4702 universis,
633 4633 660 4693 si
675 4633 774 4694 terras
787 4634 837 4693 illi
859 4633 1027 4694 Livonicae
1038 4633 1133 4695 uide·

338 4729 407 4791 rint
427 4729 595 4806 expedire,
619 4745 659 4790 ac
684 4730 765 4790 utile
790 4730 849 4791 tibi
871 4730 942 4790 iore
965 4731 1002 4792 ut
1019 4730 1131 4791 decem

339 4827 379 4889 de
394 4828 585 4888 bominibus
598 4827 676 4900 tuis,
691 4843 830 4906 quorum
842 4828 1038 4904 electionem
1050 4829 1131 4906 ipsis

337 4926 372 4989 et
398 4926 464 4987 tuae
490 4925 674 5003 prudentiae
698 4926 853 4987 duximus
879 4926 1131 5004 relinquendam

966 282 1141 346 HONORII
1162 283 1208 346 III
1230 285 1377 358 OPERA.

1498 462 1691 556 CLXXIII

1428 670 1480 731 Ad
1497 673 1534 732 θ.
1553 673 1594 734 cie
1606 677 1743 738 Aeonis

1488 837 1596 912 26111.
1613 841 1692 901 1217.

1236 953 1354 1021 [Regcst.,
1366 957 1411 1010 lib.
1426 960 1446 1020 1,
1457 960 1530 1026 epist.
1541 961 1597 1015 200.
1611 963 1669 1018 lise.
1681 968 1719 1019 La
1728 968 1845 1022 Portedu
1855 971 1948 1038 TheilJ.

1195 1087 1228 1146 G.
1243 1087 1280 1191 de
1293 1089 1400 1151 Aeonis
1422 1095 1534 1167 scribit,
1553 1112 1585 1156 se
1607 1099 1659 1158 sub
1680 1101 1842 1175 Apostolica
1867 1117 1984 1180 proteo·

1230 1186 1307 1237 tione
1323 1195 1483 1256 personam,
1496 1185 1560 1259 jura
1574 1195 1603 1246 et
1616 1188 1691 1248 bona
1707 1191 1778 1266 ejus,
1795 1191 1862 1252 dum
1875 1195 1912 1254 ad
1926 1201 1990 1256 'ler-

1229 1281 1292 1326 ram
1306 1269 1440 1331 Sanctam
1455 1288 1487 1332 se
1496 1276 1657 1350 transierat,
1674 1295 1738 1338 esse
1750 1289 1941 1356 recepturum.

1233 1431 1412 1506 Honorius,
1429 1431 1504 1506 etc„
1524 1433 1643 1497 dilecto
1657 1433 1727 1498 filio
1741 1439 1778 1500 G.
1794 1436 1985 1517 densante,

1194 1529 1420 1602 salutemeto.

1235 1627 1326 1699 Quod
1340 1643 1407 1689 non
1425 1628 1600 1690 immemor
1617 1630 1797 1693 DominIcae
1818 1629 1985 1710 passionIs

1195 1724 1228 1786 et
1252 1725 1317 1788 tuae
1345 1724 1581 1803 redemptionis
1615 1725 1766 1802 affectus,
1803 1729 1984 1794 salutifera

1193 1823 1303 1884 crucis
1314 1823 1521 1900 assumpsisti
1535 1825 1706 1899 vexillum,
1729 1827 1771 1888 ad
1783 1826 1873 1888 illius
1887 1828 1986 1892 obse-

1194 1921 1307 1997 quium
1339 1920 1547 1998 profecturus
1585 1922 1621 1984 in
1654 1922 1838 1984 subsidium
1873 1928 1985 1989 Terrae

1194 2019 1335 2091 Sanctae,
1352 2019 1409 2096 qui
1422 2019 1559 2082 tradidit
1579 2021 1791 2098 semetipsum
1809 2038 1868 2100 pro
1886 2023 1985 2086 nobis

1193 2115 1394 2179 oblationem
1423 2117 1456 2178 et
1482 2117 1625 2179 hostiam
1650 2120 1717 2181 Deo
1740 2119 1776 2180 in
1811 2121 1985 2183 suavitatis

1193 2213 1338 2286 odorem,
1356 2213 1564 2277 devotionem
1577 2215 1668 2277 tuam
1680 2217 1716 2278 iu
1734 2217 1874 2279 Domino
1888 2234 1984 2280 com-

1192 2311 1397 2372 mendamus.
1421 2313 1464 2374 Ut
1487 2313 1589 2388 igitur
1603 2330 1622 2375 a
1637 2313 1732 2375 nobis
1745 2314 1849 2392 inpio
1863 2331 1986 2393 propo·

1192 2407 1255 2468 sito
1285 2407 1442 2482 fovearis,
1476 2409 1759 2486 praedecessorum
1795 2413 1985 2475 nostrorum

1191 2504 1342 2580 vestigiis
1356 2506 1550 2567 inhaerendo
1564 2507 1750 2581 statuimus,
1771 2509 1807 2572 ut
1821 2509 1888 2571 tam
1902 2527 1984 2587 per-

1191 2617 1273 2663 sona
1289 2618 1388 2680 quam
1403 2604 1515 2664 omnia
1528 2602 1616 2665 bona
1626 2603 1683 2666 tua
1695 2605 1820 2683 pariter
1832 2607 1865 2668 et
1885 2606 1985 2668 fami-

1191 2698 1276 2772 lia,a
1292 2700 1439 2776 tempore
1454 2701 1562 2762 crucis
1577 2703 1835 2778 assumptae,sub
1842 2705 1986 2780 Aposto-

1190 2796 1263 2858 licae
1280 2796 1374 2858 Sedis
1389 2797 1422 2859 et
1436 2798 1550 2859 nostra
1569 2799 1772 2876 protectione
1788 2800 1982 2875 conststant,

1191 2895 1224 2956 et
1246 2894 1350 2956 donec
1374 2894 1414 2955 de
1431 2895 1487 2956 tuo
1499 2895 1608 2957 reditu
1620 2895 1674 2957 vel
1686 2895 1777 2958 obitu
1799 2897 1984 2960 certissime

1190 2993 1419 3068 cognoscatur,
1448 2993 1578 3069 integra
1612 2995 1769 3056 maneant
1795 2995 1828 3056 et
1859 2994 1981 3074 quieta,

1190 3089 1406 3150 nihilominus
1420 3089 1608 3151 inhibentes
1623 3107 1664 3152 ne
1677 3091 1751 3169 quis
1760 3091 1795 3152 in
1807 3107 1984 3168 pomonam

1190 3186 1248 3247 aut
1259 3185 1421 3256 homines,
1434 3203 1493 3248 seu
1503 3187 1602 3249 etiam
1612 3189 1735 3250 terram
1745 3189 1837 3250 tuam
1849 3205 1985 3252 excom-

1189 3283 1423 3346 municationis
1438 3284 1491 3346 vel
1512 3284 1679 3348 interdicti
1698 3285 1896 3348 sententIam
1910 3287 1984 3349 sine

1189 3380 1365 3443 manifesta
1389 3381 1421 3444 et
1435 3382 1626 3444 rationabili
1646 3399 1747 3444 causa
1769 3384 1983 3460 promulgare

1189 3479 1378 3555 praesumat.
1403 3479 1495 3540 Nulli
1510 3495 1600 3556 ergo,
1621 3481 1697 3553 etc,
1713 3482 1833 3542 nostrae
1854 3481 1985 3542 consti-

1188 3575 1325 3637 tutionis
1359 3577 1393 3638 et
1426 3576 1646 3650 inhibitionis,
1672 3577 1733 3640 etc.
1752 3577 1788 3639 Si
1813 3577 1887 3654 quis
1916 3594 1982 3640 au-

1187 3673 1266 3746 tem,
1292 3673 1354 3736 etc.
1390 3675 1508 3735 Datum
1536 3673 1703 3747 Laterani,
1732 3677 1793 3736 Vll
1820 3674 1982 3738 kalendas

1188 3771 1360 3844 februarii,
1376 3770 1587 3848 pontificatus
1600 3772 1705 3835 nostri
1719 3787 1807 3835 anno
1822 3773 1941 3851 primo.

1493 3965 1682 4054 CLXXIV

1186 4183 1238 4244 Ad
1255 4181 1442 4252 carttorem,
1465 4179 1701 4241 succentorem
1722 4179 1757 4240 et
1779 4181 1819 4241 ,1.
1841 4183 1983 4242 corroni-

1408 4293 1487 4340 cum
1506 4279 1782 4340 Nootomcnsem.

1484 4417 1518 4476 26
1533 4416 1595 4490 iau.
1613 4417 1692 4474 1217.

1217 4559 1393 4627 [1113111.,111).
1404 4559 1424 4618 l,
1437 4558 1510 4623 epist.
1526 4557 1580 4608 1111.
1594 4559 1650 4609 llss.
1667 4559 1704 4609 La
1715 4557 1791 4608 Porta
1804 4557 1839 4609 du
1854 4557 1949 4622 TbellJ.

1185 4696 1228 4754 lt'c
1250 4695 1414 4768 permittant
1439 4705 1569 4762 uxorem,
1591 4689 1737 4762 laniiliem,
1758 4691 1804 4748 vel
1829 4689 1905 4749 boue
1933 4693 1981 4748 W.

1221 4783 1334 4840 comitis
1352 4780 1388 4838 de
1400 4780 1506 4838 Aveuis
1521 4781 1723 4854 orusesignuti,
1735 4780 1860 4854 aliquam
1875 4781 1905 4837 iu
1919 4781 1984 4854 ejus

1222 4871 1349 4929 absentia
1366 4870 1423 4942 pati
1438 4869 1607 4927 molestiam.

334 5025 446 5088 tecum
461 5023 633 5086 transeant
658 5024 699 5085 ad
722 5025 893 5086 servitium
913 5027 992 5086 Jesu
1010 5024 1132 5086 Christi
1226 5032 1403 5106 Honorius,
1418 5032 1493 5102 etc,
1510 5029 1639 5092 dilectis
1653 5029 1732 5090 filiis
1746 5031 1887 5104 cantori,
1905 5045 1984 5093 suo-

336 5124 455 5196 eidem,
479 5121 675 5184 auctoritate
705 5124 818 5184 nostra
852 5123 1131 5200 peregrinationis
1187 5131 1323 5200 cantori,
1342 5129 1375 5190 et
1387 5132 1425 5189 A.
1445 5127 1604 5190 canonico
1617 5127 1812 5188 Noviomen.

336 5223 413 5283 voto
429 5222 565 5292 mutato,
577 5221 659 5297 ipsis
677 5219 825 5282 tribuant
839 5221 947 5282 tecum
962 5219 1131 5282 licentiam
1226 5229 1307 5288 cum
1322 5225 1476 5287 dilectum
1500 5223 1606 5285 fllium
1627 5223 1771 5286 nobilem
1791 5225 1903 5286 virum
1925 5226 1982 5286 W.

336 5319 542 5390 transeundi,
557 5319 691 5395 proviso
705 5318 885 5394 prudenter
903 5333 945 5378 ne
955 5319 991 5377 in
1004 5318 1132 5378 elusio·
1187 5325 1226 5386 de
1239 5323 1362 5386 avenis
1383 5323 1647 5398 crucesignatum
1662 5337 1736 5382 cum
1751 5336 1868 5394 uxore,
1882 5322 1986 5383 iami—
2085 5343 2086 5348 ¹

337 5431 412 5476 nem
422 5417 491 5477 voti
503 5417 594 5492 prius
603 5415 716 5477 emissi
726 5416 852 5492 aliquid
861 5413 1049 5480 attentetur·
1058 5415 1129 5474 Dat·
1186 5423 1232 5484 lia
1246 5423 1279 5483 et
1301 5421 1452 5482 omnibus
1466 5420 1562 5481 bonis
1582 5420 1652 5480 suis
1676 5419 1857 5495 atempore
1871 5419 1985 5480 crucis
2085 5475 2086 5478 ,

338 5512 505 5584 Laterani,
522 5513 597 5576 VIII
619 5513 686 5576 kal.
701 5511 782 5575 iebr.
795 5511 1005 5591 pontificatus
1025 5511 1131 5575 nostri
1186 5519 1363 5598 assumptas
1385 5517 1445 5580 suh
1469 5517 1672 5596 protectione
1687 5515 1879 5593 Apostolica
1902 5532 1985 5576 sus-
2085 5551 2086 5554 =

338 5609 551 5686 annoprimo·
1186 5618 1382 5697 ceperimus,
1397 5616 1444 5690 ut,
1459 5615 1562 5680 donec
1576 5615 1617 5678 de
1632 5629 1692 5678 suo
1708 5613 1874 5678 redituvel
1889 5611 1986 5677 obitu
2085 5655 2086 5660 κ
