4200 6404
313 195 373 264 aas
772 183 949 248 nononu
971 183 1016 246 111
1037 181 1187 244 ornan.
1202 211 1243 228 -
1258 179 1492 244 saumones.
1640 279 1644 286 1
1909 181 1976 246 23,

315 352 467 434 pretatur
487 347 599 412 hiatus
612 347 723 419 terre,
747 358 917 423 perquem
941 342 1112 420 significa·-
1206 341 1353 414 Quatuor
1377 339 1467 403 enim
1491 342 1569 404 sunt
1594 338 1842 420 expositionum
1864 340 1973 406 modi.

315 453 371 514 tur
385 447 573 518 Matthaeus,
600 444 656 523 qui
675 443 855 504 humanam
871 441 993 506 Christi
1008 456 1112 518 gene-
1165 440 1297 502 Primus
1324 439 1519 512 historicus,
1550 439 1716 501 secundus
1745 439 1974 518 allegoricus,

314 549 479 612 rationem
494 541 663 612 describit,
680 541 720 603 de
735 557 800 619 qua
821 540 902 602 dicit
921 539 1109 617 Propheta:
1164 538 1284 599 tertius
1309 537 1447 598 moralis
1468 537 1539 598 sive
1562 535 1798 615 tropologicus,
1827 539 1976 616 quastus

321 648 457 709 Veritas
477 647 519 705 de
534 644 633 705 terra
646 641 727 702 orta
741 638 792 701 est
808 636 878 717 (Psi.
893 639 944 709 84,
969 637 1033 717 12),
1055 637 1110 696 id·
1165 636 1380 712 anagogicus.
1408 634 1469 697 Vel
1492 651 1579 696 unus
1601 634 1685 707 lons,
1715 651 1781 696 una
1805 635 1975 704 charitas,

316 746 376 817 est,
394 741 543 804 Christus
566 739 664 800 natus
679 736 781 798 astde
796 736 899 798 Beata
913 735 1031 796 Maria.
1054 734 1111 796 Ti·
1162 733 1259 810 juxta
1284 732 1368 794 illud
1393 731 1616 795 :atlharitas
1639 734 1691 796 est
1713 732 1787 795 tous
1811 733 1977 811 proprius

315 841 385 918 gris
400 837 638 917 iuterpretatur
647 834 756 906 velox,
772 833 939 910 significat
949 834 1109 905 Marcum,
1165 829 1339 904 bonorum,
1367 830 1422 892 cui
1446 846 1512 894 non
1536 831 1760 900 communicat
1782 830 1932 892 alienus.
1958 847 1977 890 s

315 939 374 1017 qui
390 937 521 1000 caeteris
534 933 694 1004 velocius,
711 931 809 1003 idest,
831 931 964 992 brevius
983 931 1112 992 deseri·
1166 927 1316 1001 Quatuor
1342 929 1492 1000 flumina,
1528 929 1671 1006 quatuor
1704 928 1866 990 virtutum
1891 943 1980 1004 ger-
2078 960 2079 967 ι

315 1038 365 1101 bit
378 1035 553 1098 historiam
575 1029 812 1106 evangelicam,
830 1029 884 1090 cui
897 1029 1003 1106 figura
1026 1043 1112 1106 quo·
1166 1025 1267 1096 mina,
1286 1027 1382 1103 juxta
1407 1026 1489 1087 illud
1511 1047 1519 1086 ι
1542 1026 1769 1089 «Benedicite
1790 1025 1977 1088 Dominum

317 1151 382 1215 que
394 1133 502 1196 leonis
515 1130 657 1208 aptatur,
674 1127 760 1206 quod
775 1126 958 1189 estanimal
973 1125 1113 1188 velocis·
1165 1123 1207 1185 de
1234 1123 1392 1196 sontibus,
1421 1123 1492 1186 sive
1520 1123 1560 1185 de
1588 1123 1780 1186 fluminibus
1807 1123 1930 1185 Israel.
1958 1140 1979 1182 s

318 1233 448 1296 simum.
478 1227 663 1306 Euphrates
692 1225 929 1302 interpretatur
959 1223 1110 1300 frugifer,
1166 1222 1313 1284 Virtutes
1335 1221 1417 1299 ipsae
1439 1222 1519 1284 sunt
1535 1243 1542 1282 ι
1560 1221 1752 1295 Prudentia,
1778 1225 1979 1300 temperan-
2019 1231 2023 1238 ·

317 1327 483 1408 siguificat
506 1327 640 1396 Lucam,
655 1324 710 1385 cui
736 1322 916 1384 secundum
949 1323 1111 1384 visionem
1165 1320 1230 1392 tia,
1259 1319 1417 1381 fortitudo
1442 1321 1478 1382 et
1505 1319 1647 1397 iustitia.
1679 1320 1750 1393 Vel,
1778 1336 1866 1380 unus
1892 1319 1978 1380 sons

316 1426 543 1506 propheticam
572 1421 680 1498 ligura
708 1420 804 1482 vituli
833 1421 1021 1497 coaptatur,
1055 1421 1112 1497 qui
1166 1433 1233 1478 una
1255 1417 1454 1490 Jerusalem,
1478 1417 1519 1479 de
1543 1434 1608 1495 qua
1631 1417 1728 1496 qnuasi
1755 1417 1796 1478 de
1817 1415 1913 1480 tonte
1939 1418 1977 1478 iu

318 1523 471 1600 frugibus
481 1518 673 1582 excolendis
684 1515 881 1591 inservit3et
892 1516 1112 1594 ipselructum
1166 1515 1275 1576 medio
1299 1515 1463 1593 paradisi,
1489 1513 1546 1576 ubi
1572 1518 1623 1578 est
1648 1517 1735 1578 Deus
1758 1517 1873 1576 noster
1896 1519 1979 1578 Rex

317 1621 446 1684 ventris
458 1615 623 1680 benedicti
634 1614 802 1676 describit.
817 1614 911 1676 Unde
923 1614 1007 1676 bene
1017 1615 1111 1676 dice·
1167 1614 1243 1675 ante
1256 1612 1390 1686 saecula,
1414 1614 1570 1691 operatus
1585 1614 1635 1676 est
1650 1613 1789 1676 salutem
1805 1614 1840 1676 in
1857 1611 1976 1675 medio
2080 1603 2081 1634 ¹

317 1719 416 1781 batur
431 1738 439 1777 ι
455 1721 548 1778 Foras
562 1713 803 1790 egredicbatur
817 1715 857 1773 da
871 1715 942 1774 tooo
956 1714 1113 1787 ootaopta-
1166 1713 1276 1774 terrae.
1299 1712 1371 1784 Vel,
1389 1727 1475 1772 unus
1498 1710 1583 1784 sons,
1601 1725 1667 1773 una
1687 1713 1837 1774 Romana
1852 1711 1978 1773 Eccle-

317 1817 419 1878 ttsad
436 1814 656 1888 irrigandum
671 1811 888 1885 paronnam,
909 1812 968 1882 pat
985 1811 1113 1871 dictat·
1167 1810 1217 1872 sia
1245 1810 1343 1887 juxta
1378 1809 1462 1872 illud
1485 1831 1493 1870 ε
1518 1810 1654 1873 Hortus
1683 1814 1862 1872 conclusus
1891 1811 1977 1884 fons

317 1915 377 1975 tur
391 1917 428 1973 tn
440 1909 589 1984 quotuor
600 1904 853 1984 nnmtncffian.
864 1921 899 1977 ιι,
917 1904 981 1984 10).
1165 1907 1334 1984 monotes,
1353 1922 1456 1970 soror
1469 1922 1546 1969 area
1565 1921 1692 1982 sponsa
1708 1905 1817 1986 (Cant.
1838 1921 1885 1974 nv,
1903 1904 1974 1984 12).

358 2009 451 2071 Unde
461 2007 549 2069 enim
560 2005 645 2077 lone,
659 2004 693 2066 et
707 2003 1009 2082 quatuortlumina3
1027 2003 1113 2065 unde
1167 2005 1315 2077 Quatuor
1344 2004 1498 2077 fiumina,
1525 2006 1668 2082 quatuor
1694 2003 1975 2066 Patriarcbarum

317 2107 481 2180 Christus,
505 2105 576 2167 sive
600 2117 667 2164 uua
693 2102 886 2178 evangelica
911 2102 1114 2172 historiast
1167 2103 1328 2175 culmina,
1356 2103 1413 2179 qui
1442 2103 1520 2164 sunt
1539 2123 1547 2161 ι
1567 2101 1973 2180 constantinopolitanus,

317 2205 460 2282 quatuor
481 2201 672 2279 Evangelia.
689 2199 761 2272 Vel,
778 2214 865 2260 unus
880 2197 953 2260 fons
978 2201 1012 2261 et
1025 2215 1111 2277 qua·
1166 2199 1408 2272 Antiochenus‚
1438 2199 1684 2261 Alexandrinus
1716 2200 1750 2262 et
1773 2199 1975 2277 Hierosoly·
2082 2271 2083 2290 ἦ

317 2305 394 2364 tuor
406 2301 565 2376 fiumina3
582 2314 648 2360 una
662 2300 765 2359 Sacra
780 2298 950 2375 Scriptura
970 2297 1003 2360 et
1025 2313 1112 2375 qua·-
1167 2298 1322 2358 mitanus.
1340 2297 1400 2359 Vel
1415 2313 1501 2360 uuus
1516 2296 1590 2359 fons
1605 2313 1690 2359 unus
1713 2297 1851 2374 spiritus
1869 2299 1975 2375 juxta

316 2399 645 2476 tuoreupositionum
654 2409 791 2472 genera.
801 2395 874 2464 Vel,
891 2411 978 2457 unus
992 2395 1066 2457 tons
1081 2395 1114 2456 et
1166 2395 1248 2456 illud
1264 2417 1271 2456 ε
1286 2397 1363 2458 Fiet
1380 2399 1418 2457 tn
1433 2410 1472 2457 eo
1485 2398 1563 2469 sons
1584 2411 1683 2471 aquae
1701 2399 1791 2458 otvae
1810 2397 1975 2457 solientis

317 2498 460 2575 quatuor
483 2495 621 2558 fiumina
633 2516 642 2570 ς
656 2509 723 2555 uua
745 2493 903 2565 charitas,
919 2494 952 2555 et
971 2495 1113 2571 quatuor
1167 2494 1330 2554 tranitem
1343 2495 1514 2555 etenum
1538 2491 1647 2572 (ioan.
1666 2491 1793 2572 rv,14).
1819 2495 1974 2564 Quatuor

319 2593 540 2661 cardinalium
567 2593 726 2654 virtutum
754 2605 889 2668 genera.
923 2590 1000 2664 Vel,
1027 2605 1112 2653 unus
1168 2590 1305 2652 flumina
1324 2589 1457 2652 diversa
1481 2590 1677 2663 chrismata,
1701 2606 1775 2668 quae
1797 2589 1973 2652 homiuem

316 2695 391 2758 lons
406 2694 440 2754 et
453 2691 596 2770 quatuor
608 2689 766 2764 tlumina3
783 2703 850 2750 una
862 2688 1064 2761 Jerusalem,
1081 2688 1115 2750 et
1167 2689 1333 2766 quadrant
1347 2689 1379 2751 et
1396 2688 1530 2751 firmant
1539 2689 1636 2765 juxta
1659 2687 1740 2750 illud
1761 2688 1943 2766 Evangelii
1962 2703 1971 2750 :

317 2791 460 2870 quatuor
485 2786 575 2850 orbis
599 2786 743 2848 climata.
773 2785 845 2858 Vel,
873 2801 959 2846 unus
988 2784 1061 2847 tons
1081 2785 1114 2847 et
1168 2787 1329 2848 Flumina
1349 2788 1390 2847 da
1409 2787 1531 2848 centra
1548 2787 1623 2858 ejus
1642 2785 1751 2860 duent
1765 2801 1865 2860 opaca
1879 2791 1974 2848 vtcae

316 2889 458 2968 quatuor
480 2884 633 2959 humina,
650 2899 717 2945 una
733 2885 884 2945 Romana
905 2883 1065 2955 Ecclesia,
1081 2883 1114 2946 et
1168 2881 1351 2962 (Joan.v11,
1367 2882 1434 2962 38).

316 2986 460 3065 quatuor
478 2981 744 3060 patriarcharum
757 2979 915 3043 culmina.
938 2981 1011 3052 Vel,
1028 2997 1113 3042 unus
1207 2983 1303 3042 Hunc
1333 2979 1525 3058 paradisum
1562 2980 1722 3044 Dominus
1757 2981 1974 3060 plantaverat

317 3084 392 3145 fons
416 3082 449 3144 et
466 3079 610 3158 quatuor
633 3077 787 3152 tlumiua3
815 3092 901 3138 unus
921 3077 1058 3155 spiritus
1081 3079 1115 3141 at
1168 3077 1210 3139 ab
1229 3078 1324 3140 initio
1339 3077 1507 3141 nascentis
1522 3079 1690 3152 Ecclesiae,
1716 3079 1848 3156 quando
1871 3092 1974 3141 soror

318 3180 450 3242 diversa
481 3176 671 3239 chrismata.
700 3177 792 3236 Unus
816 3173 890 3236 fons
916 3175 950 3236 et
972 3179 1115 3252 quatuor
1168 3178 1281 3238 nostra
1296 3175 1436 3254 parvula
1454 3178 1526 3239 erat
1543 3175 1576 3239 et
1597 3175 1699 3239 ubera
1721 3192 1787 3238 non
1810 3176 1971 3250 hahebat,

318 3277 477 3350 fiumina3
494 3289 580 3334 unus
595 3271 745 3334 Christus
760 3272 793 3334 et
807 3272 949 3350 quatuor
958 3275 1113 3350 Evanga-
1169 3274 1300 3350 quando
1316 3274 1453 3350 sanguis
1467 3273 1549 3335 Abel
1568 3275 1695 3351 positus
1716 3276 1768 3337 est
1787 3275 1824 3337 in
1846 3273 1974 3336 lunda·
2085 3249 2086 3306 ἶ

317 3374 376 3445 lia,
385 3371 577 3451 juxtaquod
593 3369 763 3431 dicituriu
776 3370 937 3431 zacharia
952 3391 959 3432 :
972 3373 1113 3445 Ipsaest
1169 3371 1287 3433 mentis
1316 3387 1375 3449 pro
1397 3372 1557 3434 cemento.
1587 3375 1625 3434 ln
1652 3373 1716 3434 hoc
1739 3373 1896 3450 paradiso
1919 3373 1973 3435 sic

316 3475 394 3548 foas
409 3470 533 3548 patens
551 3471 669 3530 domm
689 3470 811 3540 David,
829 3467 863 3530 at
884 3469 1114 3532 babitantibus
1167 3470 1253 3532 vivis
1267 3469 1442 3531 arboribus
1466 3469 1605 3541 consita,
1622 3469 1671 3533 sic
1690 3471 1849 3532 virtutum
1873 3470 1974 3533 flori-

313 3572 511 3633 Jerusalem
555 3568 592 3627 tn
639 3565 848 3627 ablutionem
893 3567 1114 3641 peccatorum
1167 3567 1229 3628 bus
1243 3567 1418 3645 picturata,
1440 3567 1489 3629 sic
1510 3583 1672 3646 aquarum
1687 3569 1823 3644 irriguis
1838 3568 1973 3630 foecun-

317 3667 443 3748 (Zach.‚
455 3680 530 3736 ιιιιι,
544 3662 587 3742 1).
600 3664 639 3724 Et
648 3663 683 3722 iu
696 3662 823 3740 psalmo
838 3664 974 3725 :sitivit
994 3669 1114 3727 aalma
1168 3665 1256 3737 data,
1283 3665 1394 3742 posuit
1416 3666 1503 3726 Deus
1523 3665 1689 3728 hominem
1715 3681 1812 3744 quem
1836 3666 1970 3728 torma-

315 3779 405 3836 men,
427 3766 472 3824 ad
485 3761 737 3834 Deumsontam
751 3763 905 3822 vivum...
921 3759 993 3839 (Ps.
1006 3761 1110 3840 tha),
1166 3764 1277 3835 verat,
1305 3762 1342 3824 ut
1364 3764 1560 3839 operaretur
1582 3764 1616 3826 et
1649 3763 1830 3826 custodiret
1857 3764 1968 3828 illum.

317 3863 351 3924 et
364 3859 546 3924 secundum
561 3857 647 3935 quod
662 3856 717 3918 hic
731 3857 863 3929 dicitur,
874 3862 952 3934 sons
962 3864 1113 3937 epredte·
1169 3861 1324 3938 Sequitur
1341 3860 1382 3923 de
1402 3876 1491 3922 areae
1505 3861 1737 3938 triturationa;
1761 3877 1849 3924 areae
1868 3864 1972 3924 tritu-

318 3960 478 4022 haturad
492 3957 713 4034 irrigandum
725 3958 1003 4030 paradisumque·
1019 3961 1111 4019 attat-
1167 3959 1253 4020 ratio
1277 3959 1327 4022 est
1355 3958 1495 4020 extremi
1513 3959 1633 4037 iudicii
1656 3959 1840 4034 ventilatio,
1868 3961 1968 4034 idest,

316 4057 413 4118 ditur
431 4059 468 4116 tn
482 4053 799 4128 quatuorstumtno.
820 4053 892 4124 Vel,
919 4068 1004 4115 unus
1025 4053 1110 4126 tons,
1167 4057 1381 4129 examinatio,
1402 4057 1438 4118 in
1459 4073 1524 4134 qua
1553 4073 1657 4134 grana
1682 4057 1926 4136 separabuntur
1947 4076 1969 4122 a

316 4169 402 4216 unus
418 4153 589 4229 Scriptura
612 4153 726 4223 Sacra,
739 4150 836 4226 juxta
860 4149 966 4212 illud:
991 4153 1112 4213 ‹Eons
1167 4154 1283 4232 paleis,
1313 4153 1409 4226 idest,
1436 4153 1514 4215 boni
1540 4170 1561 4216 a
1587 4155 1764 4232 perversis,
1790 4158 1823 4218 et
1841 4157 1968 4234 justia

316 4268 411 4330 aquae
425 4251 512 4314 vivae
526 4250 570 4312 sit
579 4248 640 4310 tibi
650 4248 817 4326 proprius,
830 4248 967 4311 etnemo
982 4249 1112 4311 alienus
1167 4251 1413 4329 peccatoribus,
1448 4252 1481 4315 et
1514 4266 1620 4329 grana
1648 4252 1890 4316 transferentur
1923 4255 1968 4316 ad

309 4346 801 4418 Ι(ιοιιιιιιιιιιιιιθῐῖίὶιί.ιΟιιιιιιιοι
815 4345 1113 4426 flumina,quatuor
1167 4349 1335 4422 horreum,
1363 4349 1460 4422 idest,
1485 4349 1565 4412 boni
1589 4351 1630 4412 ad
1654 4352 1787 4413 coeleste
1813 4367 1966 4429 regnum,

307 4447 561 4526 expositionum
587 4460 722 4521 genera,
745 4444 842 4521 juxta
867 4445 951 4507 illud
968 4467 976 4506 ι
996 4450 1112 4521 Aquas
1167 4447 1271 4525 paleae
1295 4463 1386 4520 vero,
1406 4446 1503 4520 idest,
1530 4449 1609 4510 mali
1633 4449 1868 4511 comburentur
1890 4450 1969 4526 igne

316 4547 395 4607 tuas
407 4549 459 4605 oct
470 4543 617 4614 fiumina
631 4545 668 4602 in
682 4543 808 4614 plateis
821 4545 935 4605 divide
950 4542 1063 4623 (Prov.
1077 4561 1110 4616 v,
1166 4545 1425 4623 inextinguibili.
1456 4545 1550 4608 Unde
1580 4549 1727 4609 ioannes
1754 4547 1903 4625 Baptista
1931 4548 1968 4608 iu

311 4639 383 4719 16).
398 4637 639 4700 Tuncenimin
665 4637 786 4714 plateis
804 4639 1109 4715 aquasdividimus,
1167 4643 1347 4719 Evangelio
1373 4665 1380 4704 ε
1407 4646 1512 4717 Cattos
1540 4645 1769 4706 oerttthahrum
1794 4647 1831 4706 tn
1858 4661 1969 4708 rnnnu

317 4751 392 4800 cum
411 4735 616 4812 scripturam
632 4733 738 4809 ipsam
757 4734 863 4795 modis
882 4736 987 4797 variis
1002 4738 1113 4815 expla-
1166 4743 1303 4803 siccasi
1331 4741 1366 4802 ct
1387 4744 1633 4816 permanserunt
1651 4757 1774 4804 aream
1799 4757 1912 4815 meam,
1933 4745 1969 4805 et

316 4831 639 4904 namusssnaenim
653 4833 727 4894 erat
745 4847 860 4894 mensa
875 4835 1111 4911 propositionis
1165 4840 1384 4916 congregabit
1413 4839 1569 4900 triticeam
1601 4843 1639 4901 tn
1670 4843 1837 4902 borreum
1863 4855 1970 4904 suum

314 4935 351 4996 in
362 4929 576 4997 tabernaculo
587 4929 731 5002 Domini,
750 4931 785 4991 in
796 4947 860 5008 quo
872 4947 975 5010 panes
986 4931 1113 4997 duode-
1167 4935 1260 5016 (Luc.
1277 4951 1327 5008 ιιι,
1345 4934 1410 5016 17).
1427 4935 1538 4999 Paleae
1553 4953 1644 5010 vero,
1661 4937 1757 5012 idest,
1775 4939 1855 5000 mali
1870 4954 1966 5001 com-

315 5033 380 5095 cim
395 5028 614 5109 ponebantur,
629 5043 701 5105 quaa
721 5029 831 5090 amen
853 5031 997 5108 quatuor
1011 5033 1111 5111 pedes
1165 5033 1327 5096 busentur
1349 5033 1426 5110 igne
1447 5032 1710 5111 inextinguibili.
1737 5035 1968 5100 ventilabrum

315 5128 469 5201 babebat,
482 5125 601 5206 quibus
614 5125 686 5204 ipsa
695 5123 912 5206 protempore
923 5129 1108 5205 terebatnr3
1166 5131 1217 5192 est
1238 5145 1380 5192 examen
1404 5130 1548 5194 districti
1571 5131 1702 5209 iudicii,
1734 5134 1821 5212 quod
1849 5135 1901 5198 est
1931 5135 1968 5196 iu

315 5229 394 5307 quia
408 5242 474 5288 una
490 5225 523 5288 et
545 5224 718 5302 Scriptura
745 5227 927 5300 sacrandi
944 5243 1110 5306 superpo·
1166 5243 1277 5300 manu,
1301 5227 1397 5300 idest,
1417 5229 1452 5290 in
1469 5231 1631 5307 potestate
1650 5229 1785 5305 Christi,
1803 5233 1839 5294 ut
1860 5233 1966 5295 mise—

315 5326 378 5388 sita
385 5323 592 5387 astdoctrina
605 5321 1110 5404 duodecimapostolorum,quae
1165 5328 1280 5390 raatur
1293 5328 1389 5403 cujus
1403 5326 1475 5390 vult
1491 5327 1656 5402 misereri,
1682 5329 1715 5392 et
1733 5331 1851 5407 puniat
1868 5347 1967 5409 quem

313 5423 425 5486 amen
447 5421 588 5499 quatuor
606 5421 849 5498 expositionem
876 5423 982 5484 modis
1005 5423 1111 5486 tertm
1163 5423 1235 5487 vult
1259 5423 1388 5503 punire.
1410 5427 1497 5486 Area
1520 5427 1572 5488 est
1592 5426 1758 5504 Ecclesia3
1780 5427 1858 5506 quia
1880 5429 1967 5492 sicut

315 5520 356 5582 ad
369 5519 495 5582 mantes
508 5517 706 5581 auditorum.
1164 5523 1199 5584 in
1223 5537 1303 5584 area
1319 5531 1485 5600 ponuntur
1498 5537 1602 5600 grana
1626 5539 1701 5587 cum
1725 5525 1841 5603 paleis,
1859 5527 1905 5590 ita
1930 5527 1966 5588 in
