<?xml version="1.0" encoding="UTF-8"?>
<!DOCTYPE html PUBLIC "-//W3C//DTD XHTML 1.0 Transitional//EN"
    "http://www.w3.org/TR/xhtml1/DTD/xhtml1-transitional.dtd">
<html xmlns="http://www.w3.org/1999/xhtml" xml:lang="en" lang="en">
 <head>
  <title>
</title>
<meta http-equiv="Content-Type" content="text/html;charset=utf-8" />
  <meta name='ocr-system' content='tesseract 3.04.00' />
  <meta name='ocr-capabilities' content='ocr_page ocr_carea ocr_par ocr_line ocrx_word'/>
</head>
<body>
  <div class='ocr_page' id='page_1' title='image "./mediiaevibiblio02unkngoog/mediiaevibiblio02unkngoog_0413.png"; bbox 0 0 4234 6442; ppageno 0'>
   <div class='ocr_carea' id='block_1_1' title="bbox 319 325 2002 394">
    <p class='ocr_par' dir='ltr' id='par_1_1' title="bbox 319 325 2002 394">
     <span class='ocr_line' id='line_1_1' title="bbox 319 325 2002 394; baseline -0.004 -1"><span class='ocrx_word' id='word_1_1' title='bbox 319 329 379 394; x_wconf 79' lang='lat'>343</span> <span class='ocrx_word' id='word_1_2' title='bbox 927 328 1104 390; x_wconf 90' lang='lat' dir='ltr'>HONORII</span> <span class='ocrx_word' id='word_1_3' title='bbox 1126 325 1171 386; x_wconf 93' lang='lat' dir='ltr'>III</span> <span class='ocrx_word' id='word_1_4' title='bbox 1192 326 1341 387; x_wconf 76' lang='lat' dir='ltr'>opsita.</span> <span class='ocrx_word' id='word_1_5' title='bbox 1912 327 2002 388; x_wconf 79' lang='lat'>344</span> 
     </span>
    </p>
   </div>
   <div class='ocr_carea' id='block_1_2' title="bbox 318 484 2032 3404">
    <p class='ocr_par' dir='ltr' id='par_1_2' title="bbox 318 484 2032 3404">
     <span class='ocr_line' id='line_1_2' title="bbox 321 484 2007 569; baseline -0.002 -16"><span class='ocrx_word' id='word_1_6' title='bbox 321 490 425 569; x_wconf 85' lang='lat' dir='ltr'>sylvis</span> <span class='ocrx_word' id='word_1_7' title='bbox 439 490 475 552; x_wconf 87' lang='lat' dir='ltr'>iu</span> <span class='ocrx_word' id='word_1_8' title='bbox 489 488 671 552; x_wconf 88' lang='lat' dir='ltr'>Tordarolo</span> <span class='ocrx_word' id='word_1_9' title='bbox 687 489 718 552; x_wconf 91' lang='lat' dir='ltr'>et</span> <span class='ocrx_word' id='word_1_10' title='bbox 742 489 867 568; x_wconf 83' lang='lat' dir='ltr'>septem</span> <span class='ocrx_word' id='word_1_11' title='bbox 889 490 1021 568; x_wconf 88' lang='lat' dir='ltr'>Pregio,</span> <span class='ocrx_word' id='word_1_12' title='bbox 1038 490 1117 552; x_wconf 86' lang='lat' dir='ltr'>tun·</span> <span class='ocrx_word' id='word_1_13' title='bbox 1170 499 1301 564; x_wconf 82' lang='lat' dir='ltr'>perros</span> <span class='ocrx_word' id='word_1_14' title='bbox 1317 484 1467 548; x_wconf 86' lang='lat' dir='ltr'>ecclesiae</span> <span class='ocrx_word' id='word_1_15' title='bbox 1482 486 1602 548; x_wconf 85' lang='lat' dir='ltr'>restrae</span> <span class='ocrx_word' id='word_1_16' title='bbox 1615 485 1812 549; x_wconf 88' lang='lat' dir='ltr'>auctoritate</span> <span class='ocrx_word' id='word_1_17' title='bbox 1826 487 2007 564; x_wconf 84' lang='lat' dir='ltr'>Aposto-</span> 
     </span>
     <span class='ocr_line' id='line_1_3' title="bbox 321 583 2000 669; baseline 0.002 -19"><span class='ocrx_word' id='word_1_18' title='bbox 321 589 399 650; x_wconf 92' lang='lat' dir='ltr'>dum</span> <span class='ocrx_word' id='word_1_19' title='bbox 406 589 676 666; x_wconf 81' lang='lat' dir='ltr'>Pompegiijnxta</span> <span class='ocrx_word' id='word_1_20' title='bbox 683 591 901 652; x_wconf 89' lang='lat' dir='ltr'>tenimentum</span> <span class='ocrx_word' id='word_1_21' title='bbox 908 591 1031 669; x_wconf 85' lang='lat' dir='ltr'>cryptae</span> <span class='ocrx_word' id='word_1_22' title='bbox 1039 592 1116 653; x_wconf 87' lang='lat' dir='ltr'>Fer·</span> <span class='ocrx_word' id='word_1_23' title='bbox 1170 585 1234 646; x_wconf 87' lang='lat' dir='ltr'>lica</span> <span class='ocrx_word' id='word_1_24' title='bbox 1251 584 1471 656; x_wconf 82' lang='lat' dir='ltr'><strong>concedimus,</strong></span> <span class='ocrx_word' id='word_1_25' title='bbox 1489 584 1522 646; x_wconf 74' lang='lat' dir='ltr'>et</span> <span class='ocrx_word' id='word_1_26' title='bbox 1537 583 1757 661; x_wconf 62' lang='lat' dir='ltr'>praesentibus</span> <span class='ocrx_word' id='word_1_27' title='bbox 1779 585 1896 662; x_wconf 80' lang='lat' dir='ltr'>scripti</span> <span class='ocrx_word' id='word_1_28' title='bbox 1913 602 2000 646; x_wconf 74' lang='lat'>1¹0-</span> 
     </span>
     <span class='ocr_line' id='line_1_4' title="bbox 320 682 2001 767; baseline -0.003 -20"><span class='ocrx_word' id='word_1_29' title='bbox 320 687 403 748; x_wconf 84' lang='lat' dir='ltr'>ratae</span> <span class='ocrx_word' id='word_1_30' title='bbox 417 685 476 765; x_wconf 88' lang='lat'>(1).</span> <span class='ocrx_word' id='word_1_31' title='bbox 492 689 629 747; x_wconf 84' lang='lat' dir='ltr'><strong>Terram</strong></span> <span class='ocrx_word' id='word_1_32' title='bbox 639 688 674 747; x_wconf 95' lang='lat' dir='ltr'>in</span> <span class='ocrx_word' id='word_1_33' title='bbox 688 689 849 751; x_wconf 83' lang='lat' dir='ltr'>Tavarolo</span> <span class='ocrx_word' id='word_1_34' title='bbox 863 707 937 750; x_wconf 92' lang='lat' dir='ltr'>cum</span> <span class='ocrx_word' id='word_1_35' title='bbox 950 691 1117 767; x_wconf 88' lang='lat' dir='ltr'>pertinen·</span> <span class='ocrx_word' id='word_1_36' title='bbox 1170 683 1250 744; x_wconf 88' lang='lat' dir='ltr'>bore</span> <span class='ocrx_word' id='word_1_37' title='bbox 1265 682 1507 745; x_wconf 87' lang='lat' dir='ltr'>confirmamus.</span> <span class='ocrx_word' id='word_1_38' title='bbox 1518 683 1734 744; x_wconf 89' lang='lat' dir='ltr'>Decernimus</span> <span class='ocrx_word' id='word_1_39' title='bbox 1743 698 1833 758; x_wconf 88' lang='lat' dir='ltr'>ergo,</span> <span class='ocrx_word' id='word_1_40' title='bbox 1842 682 2001 745; x_wconf 88' lang='lat' dir='ltr'>utnulli</span> 
     </span>
     <span class='ocr_line' id='line_1_5' title="bbox 320 779 2001 866; baseline 0.002 -20"><span class='ocrx_word' id='word_1_41' title='bbox 320 784 376 846; x_wconf 89' lang='lat' dir='ltr'>tiis</span> <span class='ocrx_word' id='word_1_42' title='bbox 392 784 473 845; x_wconf 90' lang='lat' dir='ltr'>suis.</span> <span class='ocrx_word' id='word_1_43' title='bbox 491 786 638 857; x_wconf 89' lang='lat' dir='ltr'>Quatuor</span> <span class='ocrx_word' id='word_1_44' title='bbox 659 787 792 862; x_wconf 83' lang='lat' dir='ltr'>pedicas</span> <span class='ocrx_word' id='word_1_45' title='bbox 811 790 909 850; x_wconf 85' lang='lat' dir='ltr'>terrae</span> <span class='ocrx_word' id='word_1_46' title='bbox 932 805 1006 850; x_wconf 92' lang='lat' dir='ltr'>cum</span> <span class='ocrx_word' id='word_1_47' title='bbox 1021 790 1116 866; x_wconf 88' lang='lat' dir='ltr'>prato</span> <span class='ocrx_word' id='word_1_48' title='bbox 1172 781 1306 841; x_wconf 78' lang='lat' dir='ltr'>Omnino</span> <span class='ocrx_word' id='word_1_49' title='bbox 1331 779 1502 840; x_wconf 79' lang='lat' dir='ltr'>hOminum</span> <span class='ocrx_word' id='word_1_50' title='bbox 1531 779 1631 842; x_wconf 70' lang='lat' dir='ltr'>licoat</span> <span class='ocrx_word' id='word_1_51' title='bbox 1665 779 1836 858; x_wconf 61' lang='lat' dir='ltr'>praefatam</span> <span class='ocrx_word' id='word_1_52' title='bbox 1863 780 2001 842; x_wconf 77' lang='lat' dir='ltr'>eccle-</span> 
     </span>
     <span class='ocr_line' id='line_1_6' title="bbox 320 876 2002 963; baseline -0.002 -21"><span class='ocrx_word' id='word_1_53' title='bbox 320 881 354 942; x_wconf 89' lang='lat' dir='ltr'>et</span> <span class='ocrx_word' id='word_1_54' title='bbox 365 881 490 958; x_wconf 81' lang='lat' dir='ltr'><strong>cryptis</strong></span> <span class='ocrx_word' id='word_1_55' title='bbox 505 881 541 942; x_wconf 95' lang='lat' dir='ltr'>in</span> <span class='ocrx_word' id='word_1_56' title='bbox 554 884 691 943; x_wconf 88' lang='lat' dir='ltr'>Centum</span> <span class='ocrx_word' id='word_1_57' title='bbox 706 882 806 944; x_wconf 87' lang='lat' dir='ltr'>Callis</span> <span class='ocrx_word' id='word_1_58' title='bbox 813 882 858 963; x_wconf 84' lang='lat'>(2)</span> <span class='ocrx_word' id='word_1_59' title='bbox 874 900 895 945; x_wconf 92' lang='lat' dir='ltr'>a</span> <span class='ocrx_word' id='word_1_60' title='bbox 913 885 1017 946; x_wconf 85' lang='lat' dir='ltr'>strata</span> <span class='ocrx_word' id='word_1_61' title='bbox 1030 902 1118 947; x_wconf 83' lang='lat' dir='ltr'>nova</span> <span class='ocrx_word' id='word_1_62' title='bbox 1173 879 1256 940; x_wconf 90' lang='lat' dir='ltr'>siam</span> <span class='ocrx_word' id='word_1_63' title='bbox 1268 879 1393 940; x_wconf 88' lang='lat' dir='ltr'>temere</span> <span class='ocrx_word' id='word_1_64' title='bbox 1406 876 1612 954; x_wconf 87' lang='lat' dir='ltr'>perturbare,</span> <span class='ocrx_word' id='word_1_65' title='bbox 1628 879 1685 938; x_wconf 87' lang='lat' dir='ltr'>aui</span> <span class='ocrx_word' id='word_1_66' title='bbox 1700 881 1772 957; x_wconf 87' lang='lat' dir='ltr'>ejus</span> <span class='ocrx_word' id='word_1_67' title='bbox 1784 879 2002 955; x_wconf 89' lang='lat' dir='ltr'>possessio-</span> 
     </span>
     <span class='ocr_line' id='line_1_7' title="bbox 320 974 1999 1060; baseline -0.002 -20"><span class='ocrx_word' id='word_1_68' title='bbox 320 978 509 1042; x_wconf 87' lang='lat' dir='ltr'>Tusoulana</span> <span class='ocrx_word' id='word_1_69' title='bbox 521 995 626 1057; x_wconf 89' lang='lat' dir='ltr'>usque</span> <span class='ocrx_word' id='word_1_70' title='bbox 640 980 682 1041; x_wconf 88' lang='lat' dir='ltr'>ad</span> <span class='ocrx_word' id='word_1_71' title='bbox 695 982 833 1043; x_wconf 87' lang='lat' dir='ltr'>stratam</span> <span class='ocrx_word' id='word_1_72' title='bbox 848 984 1018 1060; x_wconf 88' lang='lat' dir='ltr'>antiquam</span> <span class='ocrx_word' id='word_1_73' title='bbox 1033 985 1119 1044; x_wconf 85' lang='lat' dir='ltr'>Tus·</span> <span class='ocrx_word' id='word_1_74' title='bbox 1173 992 1232 1036; x_wconf 88' lang='lat' dir='ltr'>aas</span> <span class='ocrx_word' id='word_1_75' title='bbox 1245 976 1388 1047; x_wconf 88' lang='lat' dir='ltr'>auterre,</span> <span class='ocrx_word' id='word_1_76' title='bbox 1410 974 1464 1036; x_wconf 85' lang='lat' dir='ltr'>vel</span> <span class='ocrx_word' id='word_1_77' title='bbox 1488 974 1616 1037; x_wconf 90' lang='lat' dir='ltr'>ablatas</span> <span class='ocrx_word' id='word_1_78' title='bbox 1631 975 1793 1048; x_wconf 90' lang='lat' dir='ltr'>retinere,</span> <span class='ocrx_word' id='word_1_79' title='bbox 1811 976 1999 1044; x_wconf 86' lang='lat' dir='ltr'>minuere,</span> 
     </span>
     <span class='ocr_line' id='line_1_8' title="bbox 321 1071 1997 1156; baseline -0.004 -16"><span class='ocrx_word' id='word_1_80' title='bbox 321 1077 486 1142; x_wconf 88' lang='lat' dir='ltr'>culauam.</span> <span class='ocrx_word' id='word_1_81' title='bbox 501 1079 601 1139; x_wconf 80' lang='lat' dir='ltr'>Extra</span> <span class='ocrx_word' id='word_1_82' title='bbox 614 1079 743 1156; x_wconf 90' lang='lat' dir='ltr'>portam</span> <span class='ocrx_word' id='word_1_83' title='bbox 758 1079 958 1142; x_wconf 80' lang='lat' dir='ltr'>Lauicanam</span> <span class='ocrx_word' id='word_1_84' title='bbox 973 1081 1026 1144; x_wconf 85' lang='lat' dir='ltr'>vel</span> <span class='ocrx_word' id='word_1_85' title='bbox 1040 1083 1117 1143; x_wconf 84' lang='lat' dir='ltr'>Ma.</span> <span class='ocrx_word' id='word_1_86' title='bbox 1174 1090 1233 1135; x_wconf 90' lang='lat' dir='ltr'>seu</span> <span class='ocrx_word' id='word_1_87' title='bbox 1265 1072 1466 1150; x_wconf 85' lang='lat' dir='ltr'>quibuslibet</span> <span class='ocrx_word' id='word_1_88' title='bbox 1495 1071 1747 1147; x_wconf 76' lang='lat' dir='ltr'>fatigationibus</span> <span class='ocrx_word' id='word_1_89' title='bbox 1777 1089 1904 1134; x_wconf 80' lang='lat' dir='ltr'>vexare</span> <span class='ocrx_word' id='word_1_90' title='bbox 1953 1074 1997 1134; x_wconf 88' lang='lat' dir='ltr'>et</span> 
     </span>
     <span class='ocr_line' id='line_1_9' title="bbox 318 1170 1991 1257; baseline -0.002 -22"><span class='ocrx_word' id='word_1_91' title='bbox 318 1178 427 1253; x_wconf 89' lang='lat' dir='ltr'>jarem</span> <span class='ocrx_word' id='word_1_92' title='bbox 464 1175 568 1237; x_wconf 87' lang='lat' dir='ltr'>totum</span> <span class='ocrx_word' id='word_1_93' title='bbox 599 1177 827 1250; x_wconf 86' lang='lat' dir='ltr'>tenimentum,</span> <span class='ocrx_word' id='word_1_94' title='bbox 865 1180 951 1257; x_wconf 80' lang='lat' dir='ltr'>quod</span> <span class='ocrx_word' id='word_1_95' title='bbox 981 1181 1120 1244; x_wconf 76' lang='lat' dir='ltr'>vocatur</span> <span class='ocrx_word' id='word_1_96' title='bbox 1174 1170 1333 1247; x_wconf 78' lang='lat' dir='ltr'>latigar03</span> <span class='ocrx_word' id='word_1_97' title='bbox 1350 1170 1408 1232; x_wconf 91' lang='lat' dir='ltr'>sed</span> <span class='ocrx_word' id='word_1_98' title='bbox 1423 1170 1553 1232; x_wconf 89' lang='lat' dir='ltr'>illibata</span> <span class='ocrx_word' id='word_1_99' title='bbox 1566 1170 1677 1232; x_wconf 86' lang='lat' dir='ltr'>omnia</span> <span class='ocrx_word' id='word_1_100' title='bbox 1692 1171 1725 1232; x_wconf 90' lang='lat' dir='ltr'>at</span> <span class='ocrx_word' id='word_1_101' title='bbox 1738 1171 1870 1246; x_wconf 89' lang='lat' dir='ltr'>integra</span> <span class='ocrx_word' id='word_1_102' title='bbox 1886 1187 1991 1232; x_wconf 89' lang='lat' dir='ltr'>con-</span> 
     </span>
     <span class='ocr_line' id='line_1_10' title="bbox 321 1268 1994 1356; baseline -0.003 -21"><span class='ocrx_word' id='word_1_103' title='bbox 321 1273 521 1347; x_wconf 89' lang='lat' dir='ltr'>Tabernulo,</span> <span class='ocrx_word' id='word_1_104' title='bbox 531 1275 630 1352; x_wconf 77' lang='lat' dir='ltr'>Juxta</span> <span class='ocrx_word' id='word_1_105' title='bbox 642 1273 784 1338; x_wconf 86' lang='lat' dir='ltr'>sormam</span> <span class='ocrx_word' id='word_1_106' title='bbox 797 1274 845 1356; x_wconf 92' lang='lat'>(3)</span> <span class='ocrx_word' id='word_1_107' title='bbox 849 1321 909 1338; x_wconf 90' lang='grc'><strong>.....</strong></span> <span class='ocrx_word' id='word_1_108' title='bbox 926 1278 1120 1340; x_wconf 82' lang='lat' dir='ltr'>etvassaria</span> <span class='ocrx_word' id='word_1_109' title='bbox 1175 1271 1351 1331; x_wconf 88' lang='lat' dir='ltr'>serventur</span> <span class='ocrx_word' id='word_1_110' title='bbox 1364 1283 1490 1342; x_wconf 91' lang='lat' dir='ltr'>eorum,</span> <span class='ocrx_word' id='word_1_111' title='bbox 1505 1284 1565 1347; x_wconf 87' lang='lat' dir='ltr'>pro</span> <span class='ocrx_word' id='word_1_112' title='bbox 1576 1284 1716 1347; x_wconf 90' lang='lat' dir='ltr'>quorum</span> <span class='ocrx_word' id='word_1_113' title='bbox 1729 1268 1994 1345; x_wconf 77' lang='lat' dir='ltr'>gubernatione</span> 
     </span>
     <span class='ocr_line' id='line_1_11' title="bbox 322 1367 1989 1449; baseline -0.002 -17"><span class='ocrx_word' id='word_1_114' title='bbox 322 1371 356 1433; x_wconf 92' lang='lat' dir='ltr'>et</span> <span class='ocrx_word' id='word_1_115' title='bbox 364 1371 462 1449; x_wconf 82' lang='lat' dir='ltr'>juxta</span> <span class='ocrx_word' id='word_1_116' title='bbox 477 1371 577 1444; x_wconf 90' lang='lat' dir='ltr'>viam,</span> <span class='ocrx_word' id='word_1_117' title='bbox 601 1388 674 1449; x_wconf 90' lang='lat' dir='ltr'>quae</span> <span class='ocrx_word' id='word_1_118' title='bbox 693 1373 785 1435; x_wconf 86' lang='lat' dir='ltr'>venit</span> <span class='ocrx_word' id='word_1_119' title='bbox 799 1374 887 1436; x_wconf 84' lang='lat' dir='ltr'>inter</span> <span class='ocrx_word' id='word_1_120' title='bbox 900 1375 1120 1438; x_wconf 75' lang='lat' dir='ltr'>cancellatam</span> <span class='ocrx_word' id='word_1_121' title='bbox 1175 1369 1208 1432; x_wconf 90' lang='lat' dir='ltr'>et</span> <span class='ocrx_word' id='word_1_122' title='bbox 1234 1367 1476 1430; x_wconf 81' lang='lat' dir='ltr'>sustentatione</span> <span class='ocrx_word' id='word_1_123' title='bbox 1498 1383 1657 1430; x_wconf 88' lang='lat' dir='ltr'>concessa</span> <span class='ocrx_word' id='word_1_124' title='bbox 1686 1367 1773 1439; x_wconf 91' lang='lat' dir='ltr'>sunt,</span> <span class='ocrx_word' id='word_1_125' title='bbox 1799 1368 1833 1428; x_wconf 90' lang='lat' dir='ltr'>et</span> <span class='ocrx_word' id='word_1_126' title='bbox 1852 1367 1989 1428; x_wconf 89' lang='lat' dir='ltr'>usibus</span> 
     </span>
     <span class='ocr_line' id='line_1_12' title="bbox 321 1463 1993 1545; baseline -0.001 -17"><span class='ocrx_word' id='word_1_127' title='bbox 321 1467 481 1538; x_wconf 81' lang='lat' dir='ltr'>veterem,</span> <span class='ocrx_word' id='word_1_128' title='bbox 498 1466 531 1528; x_wconf 92' lang='lat' dir='ltr'>et</span> <span class='ocrx_word' id='word_1_129' title='bbox 545 1482 676 1538; x_wconf 83' lang='lat' dir='ltr'>noram,</span> <span class='ocrx_word' id='word_1_130' title='bbox 702 1468 736 1529; x_wconf 91' lang='lat' dir='ltr'>et</span> <span class='ocrx_word' id='word_1_131' title='bbox 752 1467 849 1545; x_wconf 77' lang='lat' dir='ltr'>Juxta</span> <span class='ocrx_word' id='word_1_132' title='bbox 864 1469 1003 1532; x_wconf 88' lang='lat' dir='ltr'>stratam</span> <span class='ocrx_word' id='word_1_133' title='bbox 1016 1471 1119 1532; x_wconf 88' lang='lat' dir='ltr'>Lavi·</span> <span class='ocrx_word' id='word_1_134' title='bbox 1175 1466 1374 1528; x_wconf 89' lang='lat' dir='ltr'>omnimodis</span> <span class='ocrx_word' id='word_1_135' title='bbox 1397 1464 1582 1543; x_wconf 84' lang='lat' dir='ltr'>profutura,</span> <span class='ocrx_word' id='word_1_136' title='bbox 1605 1464 1699 1527; x_wconf 87' lang='lat' dir='ltr'>salva</span> <span class='ocrx_word' id='word_1_137' title='bbox 1715 1463 1810 1526; x_wconf 85' lang='lat' dir='ltr'>Sedis</span> <span class='ocrx_word' id='word_1_138' title='bbox 1832 1465 1993 1542; x_wconf 81' lang='lat' dir='ltr'>Aposto—</span> 
     </span>
     <span class='ocr_line' id='line_1_13' title="bbox 321 1559 1991 1641; baseline 0.001 -19"><span class='ocrx_word' id='word_1_139' title='bbox 321 1576 458 1636; x_wconf 86' lang='lat' dir='ltr'>canam;</span> <span class='ocrx_word' id='word_1_140' title='bbox 472 1559 559 1638; x_wconf 91' lang='lat' dir='ltr'>quod</span> <span class='ocrx_word' id='word_1_141' title='bbox 579 1561 795 1624; x_wconf 90' lang='lat' dir='ltr'>tenimentum</span> <span class='ocrx_word' id='word_1_142' title='bbox 809 1578 869 1640; x_wconf 90' lang='lat' dir='ltr'>per</span> <span class='ocrx_word' id='word_1_143' title='bbox 882 1565 1030 1626; x_wconf 85' lang='lat' dir='ltr'>vestrum</span> <span class='ocrx_word' id='word_1_144' title='bbox 1043 1580 1119 1627; x_wconf 94' lang='lat' dir='ltr'>mo·</span> <span class='ocrx_word' id='word_1_145' title='bbox 1175 1563 1249 1627; x_wconf 86' lang='lat' dir='ltr'>licae</span> <span class='ocrx_word' id='word_1_146' title='bbox 1273 1564 1481 1628; x_wconf 85' lang='lat' dir='ltr'>auctoritate.</span> <span class='ocrx_word' id='word_1_147' title='bbox 1506 1564 1540 1625; x_wconf 89' lang='lat' dir='ltr'>si</span> <span class='ocrx_word' id='word_1_148' title='bbox 1558 1579 1624 1641; x_wconf 87' lang='lat' dir='ltr'>qua</span> <span class='ocrx_word' id='word_1_149' title='bbox 1642 1563 1746 1640; x_wconf 89' lang='lat' dir='ltr'>igitur</span> <span class='ocrx_word' id='word_1_150' title='bbox 1767 1564 1804 1624; x_wconf 91' lang='lat' dir='ltr'>in</span> <span class='ocrx_word' id='word_1_151' title='bbox 1827 1563 1991 1625; x_wconf 82' lang='lat' dir='ltr'>futurum</span> 
     </span>
     <span class='ocr_line' id='line_1_14' title="bbox 321 1658 1984 1740; baseline 0.001 -20"><span class='ocrx_word' id='word_1_152' title='bbox 321 1658 505 1720; x_wconf 88' lang='lat' dir='ltr'>nasterium</span> <span class='ocrx_word' id='word_1_153' title='bbox 519 1659 608 1722; x_wconf 89' lang='lat' dir='ltr'>tenet</span> <span class='ocrx_word' id='word_1_154' title='bbox 623 1660 768 1720; x_wconf 87' lang='lat' dir='ltr'>Basilica</span> <span class='ocrx_word' id='word_1_155' title='bbox 782 1662 1030 1724; x_wconf 87' lang='lat' dir='ltr'>Lateranensis.</span> <span class='ocrx_word' id='word_1_156' title='bbox 1175 1662 1401 1725; x_wconf 86' lang='lat' dir='ltr'>ecclesiastica</span> <span class='ocrx_word' id='word_1_157' title='bbox 1414 1661 1628 1724; x_wconf 73' lang='lat' dir='ltr'>saecularisve</span> <span class='ocrx_word' id='word_1_158' title='bbox 1639 1677 1781 1740; x_wconf 91' lang='lat' dir='ltr'>persona</span> <span class='ocrx_word' id='word_1_159' title='bbox 1792 1662 1984 1723; x_wconf 90' lang='lat' dir='ltr'>bancnos-</span> 
     </span>
     <span class='ocr_line' id='line_1_15' title="bbox 361 1757 1988 1838; baseline 0.001 -20"><span class='ocrx_word' id='word_1_160' title='bbox 361 1758 464 1818; x_wconf 81' lang='lat' dir='ltr'>Extra</span> <span class='ocrx_word' id='word_1_161' title='bbox 498 1757 626 1834; x_wconf 89' lang='lat' dir='ltr'>portam</span> <span class='ocrx_word' id='word_1_162' title='bbox 661 1760 693 1818; x_wconf 88' lang='lat' dir='ltr'>S.</span> <span class='ocrx_word' id='word_1_163' title='bbox 728 1758 890 1820; x_wconf 82' lang='lat' dir='ltr'>lobannis</span> <span class='ocrx_word' id='word_1_164' title='bbox 925 1761 1058 1822; x_wconf 77' lang='lat' dir='ltr'>vineam</span> <span class='ocrx_word' id='word_1_165' title='bbox 1085 1761 1122 1822; x_wconf 89' lang='lat' dir='ltr'>iu</span> <span class='ocrx_word' id='word_1_166' title='bbox 1175 1762 1260 1823; x_wconf 89' lang='lat' dir='ltr'>tram</span> <span class='ocrx_word' id='word_1_167' title='bbox 1276 1761 1524 1823; x_wconf 86' lang='lat' dir='ltr'>constitutionis</span> <span class='ocrx_word' id='word_1_168' title='bbox 1543 1759 1699 1838; x_wconf 86' lang='lat' dir='ltr'>paginam</span> <span class='ocrx_word' id='word_1_169' title='bbox 1715 1759 1836 1833; x_wconf 89' lang='lat' dir='ltr'>sciens,</span> <span class='ocrx_word' id='word_1_170' title='bbox 1857 1761 1988 1822; x_wconf 88' lang='lat' dir='ltr'>contra</span> 
     </span>
     <span class='ocr_line' id='line_1_16' title="bbox 322 1853 1989 1936; baseline 0.001 -20"><span class='ocrx_word' id='word_1_171' title='bbox 322 1855 433 1916; x_wconf 89' lang='lat' dir='ltr'>monte</span> <span class='ocrx_word' id='word_1_172' title='bbox 448 1854 587 1916; x_wconf 89' lang='lat' dir='ltr'>Honorii</span> <span class='ocrx_word' id='word_1_173' title='bbox 601 1853 660 1936; x_wconf 85' lang='grc'>(4).</span> <span class='ocrx_word' id='word_1_174' title='bbox 677 1857 828 1918; x_wconf 88' lang='lat' dir='ltr'>Castrum</span> <span class='ocrx_word' id='word_1_175' title='bbox 848 1859 984 1931; x_wconf 86' lang='lat' dir='ltr'>Morari,</span> <span class='ocrx_word' id='word_1_176' title='bbox 1001 1861 1035 1920; x_wconf 91' lang='lat' dir='ltr'>et</span> <span class='ocrx_word' id='word_1_177' title='bbox 1046 1875 1122 1922; x_wconf 91' lang='lat' dir='ltr'>cas·</span> <span class='ocrx_word' id='word_1_178' title='bbox 1176 1875 1249 1920; x_wconf 90' lang='lat' dir='ltr'>eam</span> <span class='ocrx_word' id='word_1_179' title='bbox 1262 1859 1386 1920; x_wconf 87' lang='lat' dir='ltr'>temere</span> <span class='ocrx_word' id='word_1_180' title='bbox 1400 1857 1517 1920; x_wconf 80' lang='lat' dir='ltr'>uenire</span> <span class='ocrx_word' id='word_1_181' title='bbox 1534 1857 1723 1930; x_wconf 82' lang='lat' dir='ltr'>tentaverit,</span> <span class='ocrx_word' id='word_1_182' title='bbox 1745 1857 1890 1919; x_wconf 90' lang='lat' dir='ltr'>secundo</span> <span class='ocrx_word' id='word_1_183' title='bbox 1906 1857 1989 1918; x_wconf 88' lang='lat' dir='ltr'>ter-</span> 
     </span>
     <span class='ocr_line' id='line_1_17' title="bbox 322 1951 1985 2034; baseline 0.001 -20"><span class='ocrx_word' id='word_1_184' title='bbox 322 1953 409 2014; x_wconf 86' lang='lat' dir='ltr'>trum</span> <span class='ocrx_word' id='word_1_185' title='bbox 422 1951 896 2026; x_wconf 89' lang='lat' dir='ltr'>Sorbi‚cumomnibuseorum</span> <span class='ocrx_word' id='word_1_186' title='bbox 908 1956 1118 2030; x_wconf 74' lang='lat' dir='ltr'>utilitatibus,</span> <span class='ocrx_word' id='word_1_187' title='bbox 1176 1958 1265 2020; x_wconf 85' lang='lat' dir='ltr'>tiore</span> <span class='ocrx_word' id='word_1_188' title='bbox 1276 1957 1486 2028; x_wconf 90' lang='lat' dir='ltr'>commonita,</span> <span class='ocrx_word' id='word_1_189' title='bbox 1501 1956 1568 2018; x_wconf 90' lang='lat' dir='ltr'>nisi</span> <span class='ocrx_word' id='word_1_190' title='bbox 1578 1955 1867 2034; x_wconf 87' lang='lat' dir='ltr'>praesumptionem</span> <span class='ocrx_word' id='word_1_191' title='bbox 1878 1971 1985 2016; x_wconf 89' lang='lat' dir='ltr'>suam</span> 
     </span>
     <span class='ocr_line' id='line_1_18' title="bbox 323 2050 1985 2132; baseline 0.002 -22"><span class='ocrx_word' id='word_1_192' title='bbox 323 2050 544 2128; x_wconf 88' lang='lat' dir='ltr'>pertinentiis,</span> <span class='ocrx_word' id='word_1_193' title='bbox 555 2051 1022 2128; x_wconf 84' lang='lat' dir='ltr'>possessionibus,territoria,</span> <span class='ocrx_word' id='word_1_194' title='bbox 1032 2056 1123 2117; x_wconf 90' lang='lat' dir='ltr'>colli·</span> <span class='ocrx_word' id='word_1_195' title='bbox 1176 2055 1277 2132; x_wconf 87' lang='lat' dir='ltr'>digna</span> <span class='ocrx_word' id='word_1_196' title='bbox 1312 2053 1539 2117; x_wconf 79' lang='lat' dir='ltr'>satisfactione</span> <span class='ocrx_word' id='word_1_197' title='bbox 1572 2053 1768 2122; x_wconf 85' lang='lat' dir='ltr'>correxerit,</span> <span class='ocrx_word' id='word_1_198' title='bbox 1801 2053 1985 2131; x_wconf 85' lang='lat' dir='ltr'>potestatis</span> 
     </span>
     <span class='ocr_line' id='line_1_19' title="bbox 324 2148 1983 2232; baseline 0.002 -23"><span class='ocrx_word' id='word_1_199' title='bbox 324 2148 388 2210; x_wconf 91' lang='lat' dir='ltr'>nis.</span> <span class='ocrx_word' id='word_1_200' title='bbox 407 2149 627 2226; x_wconf 86' lang='lat' dir='ltr'>Canapariam</span> <span class='ocrx_word' id='word_1_201' title='bbox 649 2166 722 2211; x_wconf 89' lang='lat' dir='ltr'>cum</span> <span class='ocrx_word' id='word_1_202' title='bbox 745 2151 842 2214; x_wconf 86' lang='lat' dir='ltr'>horto</span> <span class='ocrx_word' id='word_1_203' title='bbox 857 2152 890 2213; x_wconf 89' lang='lat' dir='ltr'>et</span> <span class='ocrx_word' id='word_1_204' title='bbox 910 2153 1121 2229; x_wconf 88' lang='lat' dir='ltr'>pertinentiis</span> <span class='ocrx_word' id='word_1_205' title='bbox 1176 2152 1378 2232; x_wconf 87' lang='lat' dir='ltr'>honorisque</span> <span class='ocrx_word' id='word_1_206' title='bbox 1401 2152 1454 2214; x_wconf 90' lang='lat' dir='ltr'>sui</span> <span class='ocrx_word' id='word_1_207' title='bbox 1476 2152 1636 2229; x_wconf 87' lang='lat' dir='ltr'>dignitate</span> <span class='ocrx_word' id='word_1_208' title='bbox 1665 2152 1788 2224; x_wconf 88' lang='lat' dir='ltr'>careat,</span> <span class='ocrx_word' id='word_1_209' title='bbox 1814 2167 1983 2229; x_wconf 87' lang='lat' dir='ltr'>reumque</span> 
     </span>
     <span class='ocr_line' id='line_1_20' title="bbox 325 2246 1983 2330; baseline 0.002 -23"><span class='ocrx_word' id='word_1_210' title='bbox 325 2246 406 2308; x_wconf 88' lang='lat' dir='ltr'>suis.</span> <span class='ocrx_word' id='word_1_211' title='bbox 420 2250 559 2308; x_wconf 85' lang='lat' dir='ltr'>Turrem</span> <span class='ocrx_word' id='word_1_212' title='bbox 576 2246 635 2328; x_wconf 86' lang='lat'>(5),</span> <span class='ocrx_word' id='word_1_213' title='bbox 653 2265 726 2327; x_wconf 88' lang='lat' dir='ltr'>quae</span> <span class='ocrx_word' id='word_1_214' title='bbox 739 2249 802 2311; x_wconf 84' lang='lat' dir='ltr'>tuit</span> <span class='ocrx_word' id='word_1_215' title='bbox 815 2251 965 2324; x_wconf 82' lang='lat' dir='ltr'>Maximi,</span> <span class='ocrx_word' id='word_1_216' title='bbox 979 2251 1122 2330; x_wconf 89' lang='lat' dir='ltr'>positam</span> <span class='ocrx_word' id='word_1_217' title='bbox 1177 2267 1212 2313; x_wconf 92' lang='lat' dir='ltr'>se</span> <span class='ocrx_word' id='word_1_218' title='bbox 1228 2251 1341 2314; x_wconf 86' lang='lat' dir='ltr'>divino</span> <span class='ocrx_word' id='word_1_219' title='bbox 1352 2251 1480 2329; x_wconf 90' lang='lat' dir='ltr'>judicio</span> <span class='ocrx_word' id='word_1_220' title='bbox 1496 2250 1640 2328; x_wconf 80' lang='lat' dir='ltr'>existere</span> <span class='ocrx_word' id='word_1_221' title='bbox 1653 2250 1693 2312; x_wconf 92' lang='lat' dir='ltr'>de</span> <span class='ocrx_word' id='word_1_222' title='bbox 1706 2250 1895 2328; x_wconf 90' lang='lat' dir='ltr'>perpetrata</span> <span class='ocrx_word' id='word_1_223' title='bbox 1905 2249 1983 2310; x_wconf 91' lang='lat' dir='ltr'>ini-</span> 
     </span>
     <span class='ocr_line' id='line_1_21' title="bbox 323 2345 1982 2427; baseline 0.002 -22"><span class='ocrx_word' id='word_1_224' title='bbox 323 2345 360 2405; x_wconf 91' lang='lat' dir='ltr'>in</span> <span class='ocrx_word' id='word_1_225' title='bbox 375 2345 486 2406; x_wconf 91' lang='lat' dir='ltr'>monte</span> <span class='ocrx_word' id='word_1_226' title='bbox 501 2347 574 2422; x_wconf 91' lang='lat' dir='ltr'>post</span> <span class='ocrx_word' id='word_1_227' title='bbox 590 2347 746 2408; x_wconf 89' lang='lat' dir='ltr'>Sanctum</span> <span class='ocrx_word' id='word_1_228' title='bbox 760 2349 949 2424; x_wconf 81' lang='lat' dir='ltr'>Georgium,</span> <span class='ocrx_word' id='word_1_229' title='bbox 971 2366 1046 2411; x_wconf 90' lang='lat' dir='ltr'>cum</span> <span class='ocrx_word' id='word_1_230' title='bbox 1059 2349 1121 2412; x_wconf 90' lang='lat' dir='ltr'>do·</span> <span class='ocrx_word' id='word_1_231' title='bbox 1177 2350 1301 2427; x_wconf 86' lang='lat' dir='ltr'>quitata</span> <span class='ocrx_word' id='word_1_232' title='bbox 1314 2348 1503 2425; x_wconf 87' lang='lat' dir='ltr'>cognoscat,</span> <span class='ocrx_word' id='word_1_233' title='bbox 1518 2352 1580 2410; x_wconf 91' lang='lat' dir='ltr'>eta</span> <span class='ocrx_word' id='word_1_234' title='bbox 1595 2347 1822 2410; x_wconf 89' lang='lat' dir='ltr'>sacratissimo</span> <span class='ocrx_word' id='word_1_235' title='bbox 1834 2363 1982 2424; x_wconf 90' lang='lat' dir='ltr'>corpore</span> 
     </span>
     <span class='ocr_line' id='line_1_22' title="bbox 324 2442 1979 2523; baseline 0.001 -19"><span class='ocrx_word' id='word_1_236' title='bbox 324 2442 433 2504; x_wconf 88' lang='lat' dir='ltr'>mibus</span> <span class='ocrx_word' id='word_1_237' title='bbox 454 2444 487 2504; x_wconf 91' lang='lat' dir='ltr'>et</span> <span class='ocrx_word' id='word_1_238' title='bbox 501 2445 665 2506; x_wconf 89' lang='lat' dir='ltr'>casarinis</span> <span class='ocrx_word' id='word_1_239' title='bbox 676 2444 809 2506; x_wconf 90' lang='lat' dir='ltr'>ibidem.</span> <span class='ocrx_word' id='word_1_240' title='bbox 822 2446 944 2508; x_wconf 83' lang='lat' dir='ltr'>Vincas</span> <span class='ocrx_word' id='word_1_241' title='bbox 960 2450 994 2510; x_wconf 90' lang='lat' dir='ltr'>et</span> <span class='ocrx_word' id='word_1_242' title='bbox 1008 2447 1121 2510; x_wconf 93' lang='lat' dir='ltr'>domos</span> <span class='ocrx_word' id='word_1_243' title='bbox 1177 2463 1216 2508; x_wconf 90' lang='lat' dir='ltr'>ac</span> <span class='ocrx_word' id='word_1_244' title='bbox 1246 2446 1419 2523; x_wconf 88' lang='lat' dir='ltr'>sanguime</span> <span class='ocrx_word' id='word_1_245' title='bbox 1461 2446 1540 2508; x_wconf 92' lang='lat' dir='ltr'>dicti</span> <span class='ocrx_word' id='word_1_246' title='bbox 1575 2445 1708 2508; x_wconf 89' lang='lat' dir='ltr'>Domini</span> <span class='ocrx_word' id='word_1_247' title='bbox 1742 2444 1979 2521; x_wconf 86' lang='lat' dir='ltr'>Redemptoris</span> 
     </span>
     <span class='ocr_line' id='line_1_23' title="bbox 323 2540 1980 2620; baseline 0 -18"><span class='ocrx_word' id='word_1_248' title='bbox 323 2540 361 2602; x_wconf 95' lang='lat' dir='ltr'>in</span> <span class='ocrx_word' id='word_1_249' title='bbox 376 2542 484 2603; x_wconf 90' lang='lat' dir='ltr'>castro</span> <span class='ocrx_word' id='word_1_250' title='bbox 500 2544 638 2603; x_wconf 87' lang='lat' dir='ltr'>Cesano.</span> <span class='ocrx_word' id='word_1_251' title='bbox 664 2545 786 2605; x_wconf 90' lang='lat' dir='ltr'>Demos</span> <span class='ocrx_word' id='word_1_252' title='bbox 807 2546 840 2606; x_wconf 89' lang='lat' dir='ltr'>et</span> <span class='ocrx_word' id='word_1_253' title='bbox 863 2545 1009 2608; x_wconf 88' lang='lat' dir='ltr'>castrum</span> <span class='ocrx_word' id='word_1_254' title='bbox 1033 2547 1122 2609; x_wconf 86' lang='lat' dir='ltr'>inira</span> <span class='ocrx_word' id='word_1_255' title='bbox 1177 2544 1283 2606; x_wconf 91' lang='lat' dir='ltr'>nostri</span> <span class='ocrx_word' id='word_1_256' title='bbox 1305 2547 1387 2608; x_wconf 84' lang='lat' dir='ltr'>Jesu</span> <span class='ocrx_word' id='word_1_257' title='bbox 1412 2543 1536 2605; x_wconf 87' lang='lat' dir='ltr'>Christi</span> <span class='ocrx_word' id='word_1_258' title='bbox 1564 2543 1695 2604; x_wconf 89' lang='lat' dir='ltr'>alienus</span> <span class='ocrx_word' id='word_1_259' title='bbox 1727 2543 1795 2612; x_wconf 87' lang='lat' dir='ltr'>iiat,</span> <span class='ocrx_word' id='word_1_260' title='bbox 1820 2543 1920 2620; x_wconf 89' lang='lat' dir='ltr'>atque</span> <span class='ocrx_word' id='word_1_261' title='bbox 1939 2543 1980 2602; x_wconf 91' lang='lat' dir='ltr'>in</span> 
     </span>
     <span class='ocr_line' id='line_1_24' title="bbox 323 2637 1980 2723; baseline -0.001 -23"><span class='ocrx_word' id='word_1_262' title='bbox 323 2639 449 2701; x_wconf 89' lang='lat' dir='ltr'>urbem.</span> <span class='ocrx_word' id='word_1_263' title='bbox 465 2641 544 2702; x_wconf 88' lang='lat' dir='ltr'>Octo</span> <span class='ocrx_word' id='word_1_264' title='bbox 563 2643 675 2718; x_wconf 88' lang='lat' dir='ltr'>partes</span> <span class='ocrx_word' id='word_1_265' title='bbox 692 2641 871 2703; x_wconf 88' lang='lat' dir='ltr'>filasalium</span> <span class='ocrx_word' id='word_1_266' title='bbox 887 2641 934 2722; x_wconf 89' lang='lat'>(6)</span> <span class='ocrx_word' id='word_1_267' title='bbox 954 2645 990 2705; x_wconf 92' lang='lat' dir='ltr'>in</span> <span class='ocrx_word' id='word_1_268' title='bbox 1006 2661 1121 2723; x_wconf 91' lang='lat' dir='ltr'>campo</span> <span class='ocrx_word' id='word_1_269' title='bbox 1177 2641 1324 2702; x_wconf 79' lang='lat' dir='ltr'>extremo</span> <span class='ocrx_word' id='word_1_270' title='bbox 1351 2640 1504 2701; x_wconf 83' lang='lat' dir='ltr'>examine</span> <span class='ocrx_word' id='word_1_271' title='bbox 1531 2640 1690 2701; x_wconf 83' lang='lat' dir='ltr'>districtae</span> <span class='ocrx_word' id='word_1_272' title='bbox 1716 2638 1835 2701; x_wconf 88' lang='lat' dir='ltr'>ultioni</span> <span class='ocrx_word' id='word_1_273' title='bbox 1858 2637 1980 2715; x_wconf 88' lang='lat' dir='ltr'>subja-</span> 
     </span>
     <span class='ocr_line' id='line_1_25' title="bbox 323 2737 1978 2819; baseline -0.001 -21"><span class='ocrx_word' id='word_1_274' title='bbox 323 2738 467 2799; x_wconf 86' lang='lat' dir='ltr'>Ostiensi</span> <span class='ocrx_word' id='word_1_275' title='bbox 481 2738 517 2798; x_wconf 94' lang='lat' dir='ltr'>in</span> <span class='ocrx_word' id='word_1_276' title='bbox 530 2738 647 2815; x_wconf 89' lang='lat' dir='ltr'>pedica</span> <span class='ocrx_word' id='word_1_277' title='bbox 662 2740 861 2817; x_wconf 86' lang='lat' dir='ltr'>canapariae,</span> <span class='ocrx_word' id='word_1_278' title='bbox 879 2741 913 2802; x_wconf 88' lang='lat' dir='ltr'>et</span> <span class='ocrx_word' id='word_1_279' title='bbox 932 2758 992 2803; x_wconf 82' lang='lat' dir='ltr'>sex</span> <span class='ocrx_word' id='word_1_280' title='bbox 1011 2744 1122 2819; x_wconf 88' lang='lat' dir='ltr'>partes</span> <span class='ocrx_word' id='word_1_281' title='bbox 1177 2738 1260 2801; x_wconf 89' lang='lat' dir='ltr'>ceat.</span> <span class='ocrx_word' id='word_1_282' title='bbox 1288 2737 1422 2800; x_wconf 88' lang='lat' dir='ltr'>Cunctis</span> <span class='ocrx_word' id='word_1_283' title='bbox 1441 2740 1563 2812; x_wconf 86' lang='lat' dir='ltr'>autem,</span> <span class='ocrx_word' id='word_1_284' title='bbox 1592 2737 1700 2799; x_wconf 91' lang='lat' dir='ltr'>eidem</span> <span class='ocrx_word' id='word_1_285' title='bbox 1725 2737 1798 2798; x_wconf 92' lang='lat' dir='ltr'>loco</span> <span class='ocrx_word' id='word_1_286' title='bbox 1812 2739 1890 2814; x_wconf 90' lang='lat' dir='ltr'>jnra</span> <span class='ocrx_word' id='word_1_287' title='bbox 1912 2752 1978 2796; x_wconf 90' lang='lat' dir='ltr'>sua</span> 
     </span>
     <span class='ocr_line' id='line_1_26' title="bbox 324 2835 1977 2918; baseline -0.002 -20"><span class='ocrx_word' id='word_1_288' title='bbox 324 2835 360 2898; x_wconf 89' lang='lat' dir='ltr'>in</span> <span class='ocrx_word' id='word_1_289' title='bbox 375 2837 958 2914; x_wconf 84' lang='lat' dir='ltr'>CampobdajoreinAroladeTiceli</span> <span class='ocrx_word' id='word_1_290' title='bbox 973 2844 1122 2918; x_wconf 85' lang='lat' dir='ltr'>exparte</span> <span class='ocrx_word' id='word_1_291' title='bbox 1177 2836 1398 2906; x_wconf 88' lang='lat' dir='ltr'>servantibus,</span> <span class='ocrx_word' id='word_1_292' title='bbox 1424 2836 1468 2898; x_wconf 88' lang='lat' dir='ltr'>sit</span> <span class='ocrx_word' id='word_1_293' title='bbox 1494 2851 1561 2914; x_wconf 81' lang='lat' dir='ltr'>pax</span> <span class='ocrx_word' id='word_1_294' title='bbox 1589 2836 1721 2898; x_wconf 87' lang='lat' dir='ltr'>Domini</span> <span class='ocrx_word' id='word_1_295' title='bbox 1753 2835 1859 2896; x_wconf 90' lang='lat' dir='ltr'>nostri</span> <span class='ocrx_word' id='word_1_296' title='bbox 1892 2837 1977 2896; x_wconf 72' lang='lat' dir='ltr'>,lesu</span> 
     </span>
     <span class='ocr_line' id='line_1_27' title="bbox 322 2931 1978 3013; baseline -0.002 -17"><span class='ocrx_word' id='word_1_297' title='bbox 322 2933 415 2996; x_wconf 89' lang='lat' dir='ltr'>trans</span> <span class='ocrx_word' id='word_1_298' title='bbox 436 2933 592 2995; x_wconf 89' lang='lat' dir='ltr'>Tiberim.</span> <span class='ocrx_word' id='word_1_299' title='bbox 617 2937 697 2996; x_wconf 87' lang='lat' dir='ltr'>Tres</span> <span class='ocrx_word' id='word_1_300' title='bbox 717 2935 852 3012; x_wconf 87' lang='lat' dir='ltr'>pedicas</span> <span class='ocrx_word' id='word_1_301' title='bbox 866 2940 964 2998; x_wconf 83' lang='lat' dir='ltr'>terrae</span> <span class='ocrx_word' id='word_1_302' title='bbox 985 2939 1026 3000; x_wconf 88' lang='lat' dir='ltr'>ad</span> <span class='ocrx_word' id='word_1_303' title='bbox 1050 2955 1123 3000; x_wconf 90' lang='lat' dir='ltr'>mo-</span> <span class='ocrx_word' id='word_1_304' title='bbox 1177 2934 1311 3007; x_wconf 86' lang='lat' dir='ltr'>Christi,</span> <span class='ocrx_word' id='word_1_305' title='bbox 1324 2934 1487 3013; x_wconf 82' lang='lat' dir='ltr'>quatenus</span> <span class='ocrx_word' id='word_1_306' title='bbox 1510 2934 1544 2996; x_wconf 90' lang='lat' dir='ltr'>et</span> <span class='ocrx_word' id='word_1_307' title='bbox 1559 2933 1615 2994; x_wconf 89' lang='lat' dir='ltr'>hic</span> <span class='ocrx_word' id='word_1_308' title='bbox 1639 2932 1782 2994; x_wconf 82' lang='lat' dir='ltr'>fructum</span> <span class='ocrx_word' id='word_1_309' title='bbox 1805 2931 1901 2993; x_wconf 88' lang='lat' dir='ltr'>bonae</span> <span class='ocrx_word' id='word_1_310' title='bbox 1916 2947 1978 2993; x_wconf 91' lang='lat' dir='ltr'>ac-</span> 
     </span>
     <span class='ocr_line' id='line_1_28' title="bbox 323 3029 2032 3110; baseline 0 -20"><span class='ocrx_word' id='word_1_311' title='bbox 323 3031 516 3091; x_wconf 91' lang='lat' dir='ltr'>numantum</span> <span class='ocrx_word' id='word_1_312' title='bbox 531 3032 705 3093; x_wconf 87' lang='lat' dir='ltr'>Prazatum</span> <span class='ocrx_word' id='word_1_313' title='bbox 721 3049 799 3093; x_wconf 86' lang='lat' dir='ltr'>cum¹</span> <span class='ocrx_word' id='word_1_314' title='bbox 817 3032 889 3110; x_wconf 91' lang='lat' dir='ltr'>ipso</span> <span class='ocrx_word' id='word_1_315' title='bbox 909 3037 1121 3099; x_wconf 89' lang='lat' dir='ltr'>monumento</span> <span class='ocrx_word' id='word_1_316' title='bbox 1176 3032 1277 3093; x_wconf 90' lang='lat' dir='ltr'>tionis</span> <span class='ocrx_word' id='word_1_317' title='bbox 1298 3032 1495 3110; x_wconf 91' lang='lat' dir='ltr'>percipiant,</span> <span class='ocrx_word' id='word_1_318' title='bbox 1519 3032 1552 3095; x_wconf 89' lang='lat' dir='ltr'>et</span> <span class='ocrx_word' id='word_1_319' title='bbox 1575 3031 1662 3110; x_wconf 91' lang='lat' dir='ltr'>apud</span> <span class='ocrx_word' id='word_1_320' title='bbox 1686 3029 1872 3092; x_wconf 90' lang='lat' dir='ltr'>districtum</span> <span class='ocrx_word' id='word_1_321' title='bbox 1887 3029 1977 3107; x_wconf 90' lang='lat' dir='ltr'>judi·</span> <span class='ocrx_word' id='word_1_322' title='bbox 2028 3069 2032 3076; x_wconf 90' lang='lat'><em>-</em></span> 
     </span>
     <span class='ocr_line' id='line_1_29' title="bbox 324 3124 1973 3208; baseline -0.001 -19"><span class='ocrx_word' id='word_1_323' title='bbox 324 3124 384 3207; x_wconf 86' lang='lat'>(7),</span> <span class='ocrx_word' id='word_1_324' title='bbox 401 3128 437 3190; x_wconf 93' lang='lat' dir='ltr'>in</span> <span class='ocrx_word' id='word_1_325' title='bbox 452 3128 555 3190; x_wconf 89' lang='lat' dir='ltr'>strata</span> <span class='ocrx_word' id='word_1_326' title='bbox 568 3129 703 3207; x_wconf 87' lang='lat' dir='ltr'>antiqua</span> <span class='ocrx_word' id='word_1_327' title='bbox 719 3130 849 3193; x_wconf 76' lang='lat' dir='ltr'>Albani.</span> <span class='ocrx_word' id='word_1_328' title='bbox 1178 3130 1266 3191; x_wconf 91' lang='lat' dir='ltr'>cium</span> <span class='ocrx_word' id='word_1_329' title='bbox 1275 3130 1412 3208; x_wconf 85' lang='lat' dir='ltr'>praemia</span> <span class='ocrx_word' id='word_1_330' title='bbox 1422 3131 1554 3192; x_wconf 85' lang='lat' dir='ltr'>aeternae</span> <span class='ocrx_word' id='word_1_331' title='bbox 1561 3129 1653 3208; x_wconf 91' lang='lat' dir='ltr'>pacis</span> <span class='ocrx_word' id='word_1_332' title='bbox 1664 3129 1846 3190; x_wconf 87' lang='lat' dir='ltr'>inveniant.</span> <span class='ocrx_word' id='word_1_333' title='bbox 1856 3131 1973 3189; x_wconf 76' lang='lat' dir='ltr'>Amen.</span> 
     </span>
     <span class='ocr_line' id='line_1_30' title="bbox 363 3226 1292 3308; baseline 0.002 -22"><span class='ocrx_word' id='word_1_334' title='bbox 363 3227 468 3287; x_wconf 88' lang='lat' dir='ltr'>Porro</span> <span class='ocrx_word' id='word_1_335' title='bbox 487 3226 559 3288; x_wconf 81' lang='lat' dir='ltr'>baec</span> <span class='ocrx_word' id='word_1_336' title='bbox 579 3230 613 3289; x_wconf 89' lang='lat' dir='ltr'>et</span> <span class='ocrx_word' id='word_1_337' title='bbox 632 3229 798 3302; x_wconf 85' lang='lat' dir='ltr'>universa,</span> <span class='ocrx_word' id='word_1_338' title='bbox 824 3246 897 3308; x_wconf 86' lang='lat' dir='ltr'>quaa</span> <span class='ocrx_word' id='word_1_339' title='bbox 917 3230 958 3292; x_wconf 88' lang='lat' dir='ltr'>ad</span> <span class='ocrx_word' id='word_1_340' title='bbox 974 3233 1122 3294; x_wconf 89' lang='lat' dir='ltr'>eamdem</span> <span class='ocrx_word' id='word_1_341' title='bbox 1176 3233 1292 3290; x_wconf 85' lang='lat' dir='ltr'>Amen.</span> 
     </span>
     <span class='ocr_line' id='line_1_31' title="bbox 324 3323 1122 3404; baseline 0.011 -20"><span class='ocrx_word' id='word_1_342' title='bbox 324 3323 499 3385; x_wconf 88' lang='lat' dir='ltr'>ecclesiam</span> <span class='ocrx_word' id='word_1_343' title='bbox 525 3323 692 3401; x_wconf 87' lang='lat' dir='ltr'>pertinere</span> <span class='ocrx_word' id='word_1_344' title='bbox 723 3329 915 3402; x_wconf 90' lang='lat' dir='ltr'>noscuntur,</span> <span class='ocrx_word' id='word_1_345' title='bbox 948 3327 1055 3404; x_wconf 85' lang='lat' dir='ltr'>vobis,</span> <span class='ocrx_word' id='word_1_346' title='bbox 1088 3331 1122 3394; x_wconf 90' lang='lat' dir='ltr'>et</span> 
     </span>
    </p>
   </div>
   <div class='ocr_carea' id='block_1_3' title="bbox 322 3563 2064 5202">
    <p class='ocr_par' dir='ltr' id='par_1_3' title="bbox 322 3563 1970 3924">
     <span class='ocr_line' id='line_1_32' title="bbox 323 3563 1970 3638; baseline 0.001 -17"><span class='ocrx_word' id='word_1_347' title='bbox 323 3579 412 3622; x_wconf 89' lang='lat' dir='ltr'>mare.</span> <span class='ocrx_word' id='word_1_348' title='bbox 423 3564 585 3624; x_wconf 86' lang='lat' dir='ltr'>Priscorum</span> <span class='ocrx_word' id='word_1_349' title='bbox 601 3569 793 3626; x_wconf 80' lang='lat' dir='ltr'>Romanorum</span> <span class='ocrx_word' id='word_1_350' title='bbox 809 3576 893 3627; x_wconf 83' lang='lat' dir='ltr'>aetate</span> <span class='ocrx_word' id='word_1_351' title='bbox 904 3569 956 3626; x_wconf 89' lang='lat' dir='ltr'>sub</span> <span class='ocrx_word' id='word_1_352' title='bbox 970 3571 1055 3628; x_wconf 89' lang='lat' dir='ltr'>tutata</span> <span class='ocrx_word' id='word_1_353' title='bbox 1070 3586 1120 3629; x_wconf 89' lang='lat' dir='ltr'>seu</span> <span class='ocrx_word' id='word_1_354' title='bbox 1177 3567 1208 3624; x_wconf 85' lang='lat' dir='ltr'>ia</span> <span class='ocrx_word' id='word_1_355' title='bbox 1223 3567 1373 3638; x_wconf 76' lang='lat' dir='ltr'>diplomate</span> <span class='ocrx_word' id='word_1_356' title='bbox 1396 3566 1523 3638; x_wconf 80' lang='lat' dir='ltr'>Append.</span> <span class='ocrx_word' id='word_1_357' title='bbox 1545 3580 1624 3623; x_wconf 91' lang='lat' dir='ltr'>num.</span> <span class='ocrx_word' id='word_1_358' title='bbox 1646 3581 1665 3622; x_wconf 90' lang='lat'>1.</span> <span class='ocrx_word' id='word_1_359' title='bbox 1690 3567 1773 3624; x_wconf 91' lang='lat' dir='ltr'>Nunc</span> <span class='ocrx_word' id='word_1_360' title='bbox 1795 3565 1882 3624; x_wconf 87' lang='lat' dir='ltr'>etiam</span> <span class='ocrx_word' id='word_1_361' title='bbox 1897 3563 1970 3622; x_wconf 92' lang='lat' dir='ltr'>idem</span> 
     </span>
     <span class='ocr_line' id='line_1_33' title="bbox 323 3635 1967 3712; baseline -0.001 -19"><span class='ocrx_word' id='word_1_362' title='bbox 323 3635 454 3694; x_wconf 80' lang='lat' dir='ltr'>clientela</span> <span class='ocrx_word' id='word_1_363' title='bbox 476 3635 528 3695; x_wconf 86' lang='lat' dir='ltr'>luit</span> <span class='ocrx_word' id='word_1_364' title='bbox 546 3639 691 3696; x_wconf 78' lang='lat' dir='ltr'>Armeniae</span> <span class='ocrx_word' id='word_1_365' title='bbox 714 3641 809 3712; x_wconf 86' lang='lat' dir='ltr'>gentis</span> <span class='ocrx_word' id='word_1_366' title='bbox 834 3641 933 3698; x_wconf 77' lang='lat' dir='ltr'>Douros</span> <span class='ocrx_word' id='word_1_367' title='bbox 957 3642 1069 3710; x_wconf 90' lang='lat' dir='ltr'>nobilis,</span> <span class='ocrx_word' id='word_1_368' title='bbox 1092 3649 1123 3700; x_wconf 93' lang='lat' dir='ltr'>ut</span> <span class='ocrx_word' id='word_1_369' title='bbox 1176 3653 1282 3696; x_wconf 89' lang='lat' dir='ltr'>nomen</span> <span class='ocrx_word' id='word_1_370' title='bbox 1303 3639 1411 3695; x_wconf 85' lang='lat' dir='ltr'>obtinet</span> <span class='ocrx_word' id='word_1_371' title='bbox 1430 3639 1459 3694; x_wconf 92' lang='lat' dir='ltr'>tn</span> <span class='ocrx_word' id='word_1_372' title='bbox 1475 3651 1545 3710; x_wconf 88' lang='lat' dir='ltr'>agro</span> <span class='ocrx_word' id='word_1_373' title='bbox 1561 3638 1731 3706; x_wconf 87' lang='lat' dir='ltr'>Tusculano,</span> <span class='ocrx_word' id='word_1_374' title='bbox 1745 3636 1794 3695; x_wconf 90' lang='lat' dir='ltr'>ubi</span> <span class='ocrx_word' id='word_1_375' title='bbox 1817 3637 1884 3693; x_wconf 87' lang='lat' dir='ltr'>olim</span> <span class='ocrx_word' id='word_1_376' title='bbox 1904 3637 1967 3692; x_wconf 90' lang='lat' dir='ltr'>sub-</span> 
     </span>
     <span class='ocr_line' id='line_1_34' title="bbox 322 3705 1967 3783; baseline 0.001 -20"><span class='ocrx_word' id='word_1_377' title='bbox 322 3705 951 3783; x_wconf 87' lang='lat' dir='ltr'>indicatantiquuslapisapudFabrettum:</span> <span class='ocrx_word' id='word_1_378' title='bbox 1177 3709 1317 3766; x_wconf 88' lang='lat' dir='ltr'>urbanum</span> <span class='ocrx_word' id='word_1_379' title='bbox 1352 3710 1541 3781; x_wconf 87' lang='lat' dir='ltr'>Ciumpinum.</span> <span class='ocrx_word' id='word_1_380' title='bbox 1590 3707 1652 3768; x_wconf 86' lang='lat' dir='ltr'>Vid.</span> <span class='ocrx_word' id='word_1_381' title='bbox 1684 3709 1753 3766; x_wconf 88' lang='lat' dir='ltr'>Tab.</span> <span class='ocrx_word' id='word_1_382' title='bbox 1794 3707 1967 3780; x_wconf 86' lang='lat' dir='ltr'>topograph.</span> 
     </span>
     <span class='ocr_line' id='line_1_35' title="bbox 694 3778 1969 3853; baseline -0.005 -11"><span class='ocrx_word' id='word_1_383' title='bbox 694 3839 695 3842; x_wconf 74' lang='grc'>,</span> <span class='ocrx_word' id='word_1_384' title='bbox 1176 3781 1270 3838; x_wconf 76' lang='lat' dir='ltr'>amati</span> <span class='ocrx_word' id='word_1_385' title='bbox 1281 3789 1308 3838; x_wconf 91' lang='lat' dir='ltr'>et</span> <span class='ocrx_word' id='word_1_386' title='bbox 1318 3781 1478 3853; x_wconf 82' lang='lat' dir='ltr'>Cingulani.</span> <span class='ocrx_word' id='word_1_387' title='bbox 1493 3778 1734 3853; x_wconf 84' lang='lat' dir='ltr'>Distinguendum</span> <span class='ocrx_word' id='word_1_388' title='bbox 1744 3778 1850 3836; x_wconf 90' lang='lat' dir='ltr'>idcirco</span> <span class='ocrx_word' id='word_1_389' title='bbox 1866 3785 1969 3851; x_wconf 89' lang='lat' dir='ltr'>aportu</span> 
     </span>
     <span class='ocr_line' id='line_1_36' title="bbox 556 3835 1967 3924; baseline -0.003 -15"><span class='ocrx_word' id='word_1_390' title='bbox 556 3835 593 3892; x_wconf 72' lang='grc' dir='ltr'>Μ·</span> <span class='ocrx_word' id='word_1_391' title='bbox 613 3835 780 3892; x_wconf 67' lang='grc' dir='ltr'><strong>ΑΒΜΕΝῙΟ</strong></span> <span class='ocrx_word' id='word_1_392' title='bbox 800 3835 837 3892; x_wconf 75' lang='grc' dir='ltr'>Μ·</span> <span class='ocrx_word' id='word_1_393' title='bbox 859 3837 890 3894; x_wconf 80' lang='lat' dir='ltr'>F·</span> <span class='ocrx_word' id='word_1_394' title='bbox 1176 3851 1204 3909; x_wconf 93' lang='lat' dir='ltr'>di</span> <span class='ocrx_word' id='word_1_395' title='bbox 1228 3853 1321 3910; x_wconf 83' lang='lat' dir='ltr'>Ciotta</span> <span class='ocrx_word' id='word_1_396' title='bbox 1339 3852 1465 3921; x_wconf 80' lang='lat' dir='ltr'>Veccltio,</span> <span class='ocrx_word' id='word_1_397' title='bbox 1488 3852 1537 3924; x_wconf 92' lang='lat' dir='ltr'>qui</span> <span class='ocrx_word' id='word_1_398' title='bbox 1556 3866 1633 3909; x_wconf 89' lang='lat' dir='ltr'>nunc</span> <span class='ocrx_word' id='word_1_399' title='bbox 1656 3851 1742 3908; x_wconf 88' lang='lat' dir='ltr'>etiarn</span> <span class='ocrx_word' id='word_1_400' title='bbox 1765 3857 1884 3910; x_wconf 88' lang='lat' dir='ltr'>vocatur</span> <span class='ocrx_word' id='word_1_401' title='bbox 1902 3849 1967 3907; x_wconf 86' lang='lat' dir='ltr'>Cea·</span> 
     </span>
    </p>

    <p class='ocr_par' dir='ltr' id='par_1_4' title="bbox 322 3903 2064 5202">
     <span class='ocr_line' id='line_1_37' title="bbox 466 3903 1343 3980; baseline 0.003 -19"><span class='ocrx_word' id='word_1_402' title='bbox 466 3903 620 3962; x_wconf 72' lang='lat' dir='ltr'><strong>ASTURAE</strong></span> <span class='ocrx_word' id='word_1_403' title='bbox 644 3905 810 3962; x_wconf 74' lang='lat' dir='ltr'><strong>PATRONO</strong></span> <span class='ocrx_word' id='word_1_404' title='bbox 830 3907 879 3965; x_wconf 80' lang='lat' dir='ltr'>Vl·</span> <span class='ocrx_word' id='word_1_405' title='bbox 904 3907 978 3966; x_wconf 76' lang='lat' dir='ltr'>vffl·</span> <span class='ocrx_word' id='word_1_406' title='bbox 1176 3928 1237 3979; x_wconf 65' lang='lat' dir='ltr'>lum</span> <span class='ocrx_word' id='word_1_407' title='bbox 1251 3923 1343 3980; x_wconf 64' lang='lat' dir='ltr'>CCHOE.</span> 
     </span>
     <span class='ocr_line' id='line_1_38' title="bbox 597 3975 1967 4066; baseline -0.002 -16"><span class='ocrx_word' id='word_1_408' title='bbox 597 3975 676 4032; x_wconf 78' lang='lat' dir='ltr'><strong>FOR·</strong></span> <span class='ocrx_word' id='word_1_409' title='bbox 697 3976 848 4034; x_wconf 61' lang='lat' dir='ltr'>COflNfflo</span> <span class='ocrx_word' id='word_1_410' title='bbox 1213 3991 1254 4066; x_wconf 85' lang='grc'>(3)</span> <span class='ocrx_word' id='word_1_411' title='bbox 1277 3993 1433 4050; x_wconf 71' lang='lat' dir='ltr'>Tubercula</span> <span class='ocrx_word' id='word_1_412' title='bbox 1456 3994 1545 4064; x_wconf 79' lang='lat' dir='ltr'>jueta</span> <span class='ocrx_word' id='word_1_413' title='bbox 1566 3994 1698 4064; x_wconf 72' lang='lat' dir='ltr'>sermm,</span> <span class='ocrx_word' id='word_1_414' title='bbox 1725 3991 1797 4050; x_wconf 87' lang='lat' dir='ltr'>torte</span> <span class='ocrx_word' id='word_1_415' title='bbox 1820 3993 1910 4060; x_wconf 85' lang='lat' dir='ltr'>locus,</span> <span class='ocrx_word' id='word_1_416' title='bbox 1924 3991 1967 4063; x_wconf 90' lang='lat' dir='ltr'>qui</span> 
     </span>
     <span class='ocr_line' id='line_1_39' title="bbox 324 4061 1966 4138; baseline -0.002 -18"><span class='ocrx_word' id='word_1_417' title='bbox 324 4063 418 4120; x_wconf 86' lang='lat' dir='ltr'>Locus</span> <span class='ocrx_word' id='word_1_418' title='bbox 432 4061 480 4120; x_wconf 89' lang='lat' dir='ltr'>bic</span> <span class='ocrx_word' id='word_1_419' title='bbox 494 4062 588 4120; x_wconf 87' lang='lat' dir='ltr'>tutelis</span> <span class='ocrx_word' id='word_1_420' title='bbox 610 4062 724 4122; x_wconf 86' lang='lat' dir='ltr'>habitus</span> <span class='ocrx_word' id='word_1_421' title='bbox 746 4063 783 4124; x_wconf 90' lang='lat' dir='ltr'>ob</span> <span class='ocrx_word' id='word_1_422' title='bbox 803 4066 959 4138; x_wconf 88' lang='lat' dir='ltr'>permultas</span> <span class='ocrx_word' id='word_1_423' title='bbox 972 4065 1121 4124; x_wconf 89' lang='lat' dir='ltr'>bominum</span> <span class='ocrx_word' id='word_1_424' title='bbox 1176 4079 1253 4122; x_wconf 82' lang='lat' dir='ltr'>nurrc</span> <span class='ocrx_word' id='word_1_425' title='bbox 1274 4062 1375 4120; x_wconf 89' lang='lat' dir='ltr'>dicitur</span> <span class='ocrx_word' id='word_1_426' title='bbox 1401 4065 1487 4120; x_wconf 83' lang='lat' dir='ltr'>Terre</span> <span class='ocrx_word' id='word_1_427' title='bbox 1507 4064 1687 4134; x_wconf 76' lang='lat' dir='ltr'>Piqrtottaru,</span> <span class='ocrx_word' id='word_1_428' title='bbox 1718 4077 1803 4136; x_wconf 87' lang='lat' dir='ltr'>quem</span> <span class='ocrx_word' id='word_1_429' title='bbox 1826 4061 1966 4136; x_wconf 85' lang='lat' dir='ltr'>possident</span> 
     </span>
     <span class='ocr_line' id='line_1_40' title="bbox 325 4133 1966 4210; baseline -0.001 -19"><span class='ocrx_word' id='word_1_430' title='bbox 325 4134 474 4192; x_wconf 81' lang='lat' dir='ltr'>illustrium</span> <span class='ocrx_word' id='word_1_431' title='bbox 489 4135 675 4194; x_wconf 85' lang='lat' dir='ltr'>calamitates.</span> <span class='ocrx_word' id='word_1_432' title='bbox 694 4137 767 4194; x_wconf 87' lang='lat' dir='ltr'>Naar</span> <span class='ocrx_word' id='word_1_433' title='bbox 783 4135 821 4193; x_wconf 93' lang='lat' dir='ltr'>ibi</span> <span class='ocrx_word' id='word_1_434' title='bbox 833 4139 980 4210; x_wconf 81' lang='lat' dir='ltr'>Augustus</span> <span class='ocrx_word' id='word_1_435' title='bbox 994 4145 1023 4195; x_wconf 89' lang='lat' dir='ltr'>et</span> <span class='ocrx_word' id='word_1_436' title='bbox 1037 4138 1119 4196; x_wconf 89' lang='lat' dir='ltr'>Tibe·</span> <span class='ocrx_word' id='word_1_437' title='bbox 1176 4135 1307 4193; x_wconf 88' lang='lat' dir='ltr'>canonici</span> <span class='ocrx_word' id='word_1_438' title='bbox 1323 4133 1448 4191; x_wconf 75' lang='lat' dir='ltr'>basilicae</span> <span class='ocrx_word' id='word_1_439' title='bbox 1459 4135 1669 4203; x_wconf 78' lang='lat' dir='ltr'>lateranensis,</span> <span class='ocrx_word' id='word_1_440' title='bbox 1682 4134 1729 4192; x_wconf 92' lang='lat' dir='ltr'>ubi</span> <span class='ocrx_word' id='word_1_441' title='bbox 1745 4142 1857 4193; x_wconf 87' lang='lat' dir='ltr'>exstant</span> <span class='ocrx_word' id='word_1_442' title='bbox 1873 4134 1966 4190; x_wconf 89' lang='lat' dir='ltr'>rudera</span> 
     </span>
     <span class='ocr_line' id='line_1_41' title="bbox 325 4204 1964 4284; baseline -0.001 -22"><span class='ocrx_word' id='word_1_443' title='bbox 325 4205 383 4263; x_wconf 91' lang='lat' dir='ltr'>rius</span> <span class='ocrx_word' id='word_1_444' title='bbox 395 4207 488 4278; x_wconf 88' lang='lat' dir='ltr'>lmpp.</span> <span class='ocrx_word' id='word_1_445' title='bbox 502 4213 630 4265; x_wconf 85' lang='lat' dir='ltr'>extremo</span> <span class='ocrx_word' id='word_1_446' title='bbox 645 4207 745 4264; x_wconf 90' lang='lat' dir='ltr'>morbo</span> <span class='ocrx_word' id='word_1_447' title='bbox 759 4209 882 4281; x_wconf 86' lang='lat' dir='ltr'>correpti</span> <span class='ocrx_word' id='word_1_448' title='bbox 895 4217 978 4266; x_wconf 91' lang='lat' dir='ltr'>sunt:</span> <span class='ocrx_word' id='word_1_449' title='bbox 992 4211 1121 4284; x_wconf 82' lang='lat' dir='ltr'>Caligula</span> <span class='ocrx_word' id='word_1_450' title='bbox 1177 4205 1395 4279; x_wconf 74' lang='lat' dir='ltr'>aquaeductuum</span> <span class='ocrx_word' id='word_1_451' title='bbox 1418 4204 1690 4275; x_wconf 81' lang='lat' dir='ltr'>Alexandrinorum,</span> <span class='ocrx_word' id='word_1_452' title='bbox 1707 4207 1755 4278; x_wconf 91' lang='lat' dir='ltr'>qui</span> <span class='ocrx_word' id='word_1_453' title='bbox 1773 4208 1873 4278; x_wconf 74' lang='lat' dir='ltr'>forme</span> <span class='ocrx_word' id='word_1_454' title='bbox 1887 4219 1964 4261; x_wconf 86' lang='lat' dir='ltr'>voca·</span> 
     </span>
     <span class='ocr_line' id='line_1_42' title="bbox 323 4275 1963 4352; baseline -0.001 -18"><span class='ocrx_word' id='word_1_455' title='bbox 323 4277 400 4336; x_wconf 90' lang='lat' dir='ltr'>illinc</span> <span class='ocrx_word' id='word_1_456' title='bbox 413 4279 533 4335; x_wconf 88' lang='lat' dir='ltr'>liomam</span> <span class='ocrx_word' id='word_1_457' title='bbox 549 4277 696 4352; x_wconf 83' lang='lat' dir='ltr'>digressus</span> <span class='ocrx_word' id='word_1_458' title='bbox 710 4280 823 4338; x_wconf 88' lang='lat' dir='ltr'>occisus</span> <span class='ocrx_word' id='word_1_459' title='bbox 844 4287 888 4338; x_wconf 91' lang='lat' dir='ltr'>est</span> <span class='ocrx_word' id='word_1_460' title='bbox 903 4298 911 4338; x_wconf 75' lang='grc' dir='ltr'><strong><em>ε</em></strong></span> <span class='ocrx_word' id='word_1_461' title='bbox 928 4283 1040 4341; x_wconf 85' lang='lat' dir='ltr'>Marcus</span> <span class='ocrx_word' id='word_1_462' title='bbox 1054 4284 1115 4340; x_wconf 89' lang='lat' dir='ltr'>Tul·</span> <span class='ocrx_word' id='word_1_463' title='bbox 1178 4277 1290 4347; x_wconf 88' lang='lat' dir='ltr'>buntur,</span> <span class='ocrx_word' id='word_1_464' title='bbox 1307 4289 1342 4333; x_wconf 80' lang='lat' dir='ltr'>ex</span> <span class='ocrx_word' id='word_1_465' title='bbox 1363 4292 1397 4333; x_wconf 88' lang='lat' dir='ltr'>co</span> <span class='ocrx_word' id='word_1_466' title='bbox 1417 4277 1483 4348; x_wconf 88' lang='lat' dir='ltr'>quia</span> <span class='ocrx_word' id='word_1_467' title='bbox 1499 4275 1619 4333; x_wconf 88' lang='lat' dir='ltr'>subditis</span> <span class='ocrx_word' id='word_1_468' title='bbox 1633 4278 1737 4350; x_wconf 83' lang='lat' dir='ltr'>ligneis</span> <span class='ocrx_word' id='word_1_469' title='bbox 1757 4275 1854 4334; x_wconf 87' lang='lat' dir='ltr'>tarmis</span> <span class='ocrx_word' id='word_1_470' title='bbox 1874 4290 1963 4347; x_wconf 83' lang='lat' dir='ltr'>aqua·</span> 
     </span>
     <span class='ocr_line' id='line_1_43' title="bbox 322 4345 1963 4426; baseline -0.001 -20"><span class='ocrx_word' id='word_1_471' title='bbox 322 4349 379 4406; x_wconf 90' lang='lat' dir='ltr'>lius</span> <span class='ocrx_word' id='word_1_472' title='bbox 400 4349 508 4418; x_wconf 86' lang='lat' dir='ltr'>Cicero,</span> <span class='ocrx_word' id='word_1_473' title='bbox 532 4351 640 4422; x_wconf 90' lang='lat' dir='ltr'>Popilio</span> <span class='ocrx_word' id='word_1_474' title='bbox 669 4352 865 4423; x_wconf 86' lang='lat' dir='ltr'>ingratissimo</span> <span class='ocrx_word' id='word_1_475' title='bbox 889 4352 1005 4409; x_wconf 87' lang='lat' dir='ltr'>homine</span> <span class='ocrx_word' id='word_1_476' title='bbox 1028 4355 1122 4426; x_wconf 89' lang='lat' dir='ltr'>capite</span> <span class='ocrx_word' id='word_1_477' title='bbox 1177 4349 1278 4406; x_wconf 86' lang='lat' dir='ltr'>ductus</span> <span class='ocrx_word' id='word_1_478' title='bbox 1305 4355 1546 4418; x_wconf 86' lang='lat' dir='ltr'>construerentur,</span> <span class='ocrx_word' id='word_1_479' title='bbox 1576 4354 1606 4404; x_wconf 92' lang='lat' dir='ltr'>ut</span> <span class='ocrx_word' id='word_1_480' title='bbox 1639 4355 1719 4406; x_wconf 90' lang='lat' dir='ltr'>notat</span> <span class='ocrx_word' id='word_1_481' title='bbox 1742 4346 1906 4408; x_wconf 78' lang='lat' dir='ltr'>sirmondus</span> <span class='ocrx_word' id='word_1_482' title='bbox 1930 4345 1963 4404; x_wconf 90' lang='lat' dir='ltr'>ad</span> 
     </span>
     <span class='ocr_line' id='line_1_44' title="bbox 323 4416 1961 4491; baseline -0.005 -13"><span class='ocrx_word' id='word_1_483' title='bbox 323 4427 470 4478; x_wconf 87' lang='lat' dir='ltr'>truncatus</span> <span class='ocrx_word' id='word_1_484' title='bbox 488 4437 494 4478; x_wconf 91' lang='lat'>:</span> <span class='ocrx_word' id='word_1_485' title='bbox 511 4420 688 4478; x_wconf 88' lang='lat' dir='ltr'>Conradinus</span> <span class='ocrx_word' id='word_1_486' title='bbox 717 4424 829 4479; x_wconf 82' lang='lat' dir='ltr'>Sueviae</span> <span class='ocrx_word' id='word_1_487' title='bbox 849 4423 921 4491; x_wconf 85' lang='lat' dir='ltr'>dux,</span> <span class='ocrx_word' id='word_1_488' title='bbox 945 4423 1080 4482; x_wconf 86' lang='lat' dir='ltr'>Fridcrici</span> <span class='ocrx_word' id='word_1_489' title='bbox 1095 4427 1121 4483; x_wconf 97' lang='lat' dir='ltr'>ll</span> <span class='ocrx_word' id='word_1_490' title='bbox 1177 4420 1335 4490; x_wconf 88' lang='lat' dir='ltr'>Sidonium,</span> <span class='ocrx_word' id='word_1_491' title='bbox 1349 4418 1422 4476; x_wconf 82' lang='lat' dir='ltr'>libr</span> <span class='ocrx_word' id='word_1_492' title='bbox 1447 4433 1492 4491; x_wconf 91' lang='lat' dir='ltr'>ep.</span> <span class='ocrx_word' id='word_1_493' title='bbox 1504 4419 1530 4476; x_wconf 78' lang='grc' dir='ltr'>ὅ.</span> <span class='ocrx_word' id='word_1_494' title='bbox 1548 4419 1737 4490; x_wconf 79' lang='lat' dir='ltr'>llinoformos</span> <span class='ocrx_word' id='word_1_495' title='bbox 1751 4416 1919 4490; x_wconf 84' lang='lat' dir='ltr'>oqueremle</span> <span class='ocrx_word' id='word_1_496' title='bbox 1940 4418 1961 4471; x_wconf 92' lang='lat' dir='ltr'>i-</span> 
     </span>
     <span class='ocr_line' id='line_1_45' title="bbox 323 4429 1961 4572; baseline -0.004 -22"><span class='ocrx_word' id='word_1_497' title='bbox 323 4491 629 4572; x_wconf 34' lang='lat' dir='ltr'>mperatoris-nepos,</span> <span class='ocrx_word' id='word_1_498' title='bbox 654 4506 704 4562; x_wconf 89' lang='lat' dir='ltr'>per</span> <span class='ocrx_word' id='word_1_499' title='bbox 731 4492 849 4549; x_wconf 88' lang='lat' dir='ltr'>insidias</span> <span class='ocrx_word' id='word_1_500' title='bbox 877 4494 982 4550; x_wconf 87' lang='lat' dir='ltr'>misere</span> <span class='ocrx_word' id='word_1_501' title='bbox 1010 4505 1120 4568; x_wconf 87' lang='lat' dir='ltr'>captus,</span> <span class='ocrx_word' id='word_1_502' title='bbox 1176 4507 1240 4549; x_wconf 87' lang='lat' dir='ltr'>mus</span> <span class='ocrx_word' id='word_1_503' title='bbox 1255 4491 1341 4547; x_wconf 88' lang='lat' dir='ltr'>ettam</span> <span class='ocrx_word' id='word_1_504' title='bbox 1358 4461 1433 4562; x_wconf 71' lang='lat' dir='ltr'>apud</span> <span class='ocrx_word' id='word_1_505' title='bbox 1447 4489 1647 4572; x_wconf 78' lang='lat' dir='ltr'>cassiodorum</span> <span class='ocrx_word' id='word_1_506' title='bbox 1663 4489 1710 4547; x_wconf 90' lang='lat' dir='ltr'>lib.</span> <span class='ocrx_word' id='word_1_507' title='bbox 1727 4503 1768 4559; x_wconf 87' lang='grc' dir='ltr'>ιιι,</span> <span class='ocrx_word' id='word_1_508' title='bbox 1785 4501 1843 4546; x_wconf 82' lang='lat' dir='ltr'>var.</span> <span class='ocrx_word' id='word_1_509' title='bbox 1859 4502 1903 4560; x_wconf 88' lang='lat' dir='ltr'>ep.</span> <span class='ocrx_word' id='word_1_510' title='bbox 1920 4429 1961 4544; x_wconf 55' lang='grc' dir='ltr'>ξι.</span> 
     </span>
     <span class='ocr_line' id='line_1_46' title="bbox 324 4561 1963 4638; baseline -0.001 -20"><span class='ocrx_word' id='word_1_511' title='bbox 324 4575 392 4618; x_wconf 84' lang='grc' dir='ltr'>ιιιοιι</span> <span class='ocrx_word' id='word_1_512' title='bbox 406 4561 525 4632; x_wconf 78' lang='lat' dir='ltr'>Neapoli</span> <span class='ocrx_word' id='word_1_513' title='bbox 551 4561 783 4618; x_wconf 70' lang='lat' dir='ltr'>rrrdtentsstrnum</span> <span class='ocrx_word' id='word_1_514' title='bbox 805 4578 857 4634; x_wconf 87' lang='lat' dir='ltr'>sup</span> <span class='ocrx_word' id='word_1_515' title='bbox 878 4564 974 4620; x_wconf 88' lang='lat' dir='ltr'>licium</span> <span class='ocrx_word' id='word_1_516' title='bbox 995 4568 1119 4638; x_wconf 88' lang='lat' dir='ltr'>pertulit.</span> <span class='ocrx_word' id='word_1_517' title='bbox 1212 4561 1253 4634; x_wconf 77' lang='lat' dir='ltr'>(l)</span> <span class='ocrx_word' id='word_1_518' title='bbox 1273 4563 1309 4617; x_wconf 80' lang='lat' dir='ltr'>la</span> <span class='ocrx_word' id='word_1_519' title='bbox 1320 4562 1551 4617; x_wconf 76' lang='lat' dir='ltr'>mantellorum.</span> <span class='ocrx_word' id='word_1_520' title='bbox 1563 4563 1645 4619; x_wconf 88' lang='lat' dir='ltr'>Nunc</span> <span class='ocrx_word' id='word_1_521' title='bbox 1657 4561 1743 4618; x_wconf 86' lang='lat' dir='ltr'>etiam</span> <span class='ocrx_word' id='word_1_522' title='bbox 1756 4566 1871 4618; x_wconf 87' lang='lat' dir='ltr'>vocatur</span> <span class='ocrx_word' id='word_1_523' title='bbox 1887 4571 1963 4615; x_wconf 85' lang='lat' dir='ltr'>mous</span> 
     </span>
     <span class='ocr_line' id='line_1_47' title="bbox 324 4580 1960 4714; baseline -0.001 -28"><span class='ocrx_word' id='word_1_524' title='bbox 324 4633 424 4714; x_wconf 76' lang='lat' dir='ltr'>Agunt</span> <span class='ocrx_word' id='word_1_525' title='bbox 437 4629 472 4686; x_wconf 90' lang='lat' dir='ltr'>de</span> <span class='ocrx_word' id='word_1_526' title='bbox 487 4631 590 4687; x_wconf 81' lang='lat' dir='ltr'>Astura</span> <span class='ocrx_word' id='word_1_527' title='bbox 612 4605 786 4688; x_wconf 48' lang='lat' dir='ltr'>{tharasius</span> <span class='ocrx_word' id='word_1_528' title='bbox 808 4580 955 4714; x_wconf 49' lang='lat' dir='ltr'>ltirft&#39;orius</span> <span class='ocrx_word' id='word_1_529' title='bbox 976 4634 1006 4690; x_wconf 92' lang='lat' dir='ltr'>in</span> <span class='ocrx_word' id='word_1_530' title='bbox 1025 4637 1122 4695; x_wconf 85' lang='lat' dir='ltr'>Veteri</span> <span class='ocrx_word' id='word_1_531' title='bbox 1177 4631 1305 4714; x_wconf 75' lang='lat' dir='ltr'>bononi,</span> <span class='ocrx_word' id='word_1_532' title='bbox 1321 4633 1370 4702; x_wconf 91' lang='lat' dir='ltr'>qui</span> <span class='ocrx_word' id='word_1_533' title='bbox 1390 4631 1472 4700; x_wconf 86' lang='lat' dir='ltr'>l‚000</span> <span class='ocrx_word' id='word_1_534' title='bbox 1486 4646 1562 4702; x_wconf 87' lang='lat' dir='ltr'>pass.</span> <span class='ocrx_word' id='word_1_535' title='bbox 1583 4631 1619 4688; x_wconf 86' lang='lat' dir='ltr'>ab</span> <span class='ocrx_word' id='word_1_536' title='bbox 1640 4631 1710 4688; x_wconf 89' lang='lat' dir='ltr'>urba</span> <span class='ocrx_word' id='word_1_537' title='bbox 1725 4631 1820 4700; x_wconf 87' lang='lat' dir='ltr'>distat,</span> <span class='ocrx_word' id='word_1_538' title='bbox 1837 4629 1873 4687; x_wconf 90' lang='lat' dir='ltr'>ad</span> <span class='ocrx_word' id='word_1_539' title='bbox 1885 4630 1960 4686; x_wconf 88' lang='lat' dir='ltr'>sinis·</span> 
     </span>
     <span class='ocr_line' id='line_1_48' title="bbox 324 4700 1962 4779; baseline -0.003 -18"><span class='ocrx_word' id='word_1_540' title='bbox 324 4704 406 4761; x_wconf 83' lang='lat' dir='ltr'>butro</span> <span class='ocrx_word' id='word_1_541' title='bbox 422 4715 485 4773; x_wconf 89' lang='lat' dir='ltr'>cap.</span> <span class='ocrx_word' id='word_1_542' title='bbox 500 4715 550 4770; x_wconf 89' lang='lat' dir='ltr'>vu,</span> <span class='ocrx_word' id='word_1_543' title='bbox 573 4716 652 4758; x_wconf 83' lang='lat' dir='ltr'>rrum.</span> <span class='ocrx_word' id='word_1_544' title='bbox 679 4716 717 4758; x_wconf 83' lang='lat' dir='ltr'>rr.</span> <span class='ocrx_word' id='word_1_545' title='bbox 734 4700 938 4772; x_wconf 72' lang='lat' dir='ltr'>molinarius,</span> <span class='ocrx_word' id='word_1_546' title='bbox 955 4707 1038 4762; x_wconf 89' lang='lat' dir='ltr'>Dese.</span> <span class='ocrx_word' id='word_1_547' title='bbox 1053 4707 1122 4779; x_wconf 82' lang='lat' dir='ltr'>Agri</span> <span class='ocrx_word' id='word_1_548' title='bbox 1175 4709 1249 4760; x_wconf 87' lang='lat' dir='ltr'>tram</span> <span class='ocrx_word' id='word_1_549' title='bbox 1262 4717 1316 4758; x_wconf 82' lang='lat' dir='ltr'>vrae</span> <span class='ocrx_word' id='word_1_550' title='bbox 1334 4703 1510 4770; x_wconf 69' lang='lat' dir='ltr'>Tusculanas,</span> <span class='ocrx_word' id='word_1_551' title='bbox 1527 4710 1606 4760; x_wconf 81' lang='lat' dir='ltr'>extra</span> <span class='ocrx_word' id='word_1_552' title='bbox 1619 4707 1733 4774; x_wconf 83' lang='lat' dir='ltr'>portam</span> <span class='ocrx_word' id='word_1_553' title='bbox 1746 4704 1962 4759; x_wconf 80' lang='lat' dir='ltr'>Laterueetsem.</span> 
     </span>
     <span class='ocr_line' id='line_1_49' title="bbox 325 4771 1960 4846; baseline -0.001 -15"><span class='ocrx_word' id='word_1_554' title='bbox 325 4772 457 4841; x_wconf 80' lang='lat' dir='ltr'>Romani,</span> <span class='ocrx_word' id='word_1_555' title='bbox 475 4787 502 4844; x_wconf 88' lang='lat' dir='ltr'>p.</span> <span class='ocrx_word' id='word_1_556' title='bbox 521 4772 547 4840; x_wconf 77' lang='lat' dir='ltr'>i,</span> <span class='ocrx_word' id='word_1_557' title='bbox 564 4787 627 4845; x_wconf 89' lang='lat' dir='ltr'>cap.</span> <span class='ocrx_word' id='word_1_558' title='bbox 643 4788 676 4844; x_wconf 85' lang='lat' dir='ltr'>x;</span> <span class='ocrx_word' id='word_1_559' title='bbox 690 4779 718 4829; x_wconf 90' lang='lat' dir='ltr'>ct</span> <span class='ocrx_word' id='word_1_560' title='bbox 737 4773 847 4830; x_wconf 82' lang='lat' dir='ltr'>floccus</span> <span class='ocrx_word' id='word_1_561' title='bbox 861 4775 982 4846; x_wconf 86' lang='lat' dir='ltr'>Vulpius</span> <span class='ocrx_word' id='word_1_562' title='bbox 997 4775 1024 4832; x_wconf 94' lang='lat' dir='ltr'>in</span> <span class='ocrx_word' id='word_1_563' title='bbox 1042 4779 1121 4834; x_wconf 84' lang='lat' dir='ltr'>Latio</span> <span class='ocrx_word' id='word_1_564' title='bbox 1213 4771 1254 4846; x_wconf 82' lang='lat'>(5)</span> <span class='ocrx_word' id='word_1_565' title='bbox 1277 4773 1397 4828; x_wconf 82' lang='lat' dir='ltr'>Turrem</span> <span class='ocrx_word' id='word_1_566' title='bbox 1410 4774 1541 4832; x_wconf 72' lang='lat' dir='ltr'>nasset.</span> <span class='ocrx_word' id='word_1_567' title='bbox 1558 4775 1675 4831; x_wconf 86' lang='lat' dir='ltr'>Familia</span> <span class='ocrx_word' id='word_1_568' title='bbox 1696 4773 1732 4830; x_wconf 90' lang='lat' dir='ltr'>de</span> <span class='ocrx_word' id='word_1_569' title='bbox 1751 4771 1884 4830; x_wconf 81' lang='lat' dir='ltr'>Maximis</span> <span class='ocrx_word' id='word_1_570' title='bbox 1897 4772 1960 4829; x_wconf 85' lang='lat' dir='ltr'>anti·</span> 
     </span>
     <span class='ocr_line' id='line_1_50' title="bbox 325 4842 2064 4928; baseline -0.002 -26"><span class='ocrx_word' id='word_1_571' title='bbox 325 4843 457 4912; x_wconf 87' lang='lat' dir='ltr'>Prolano,</span> <span class='ocrx_word' id='word_1_572' title='bbox 471 4850 541 4901; x_wconf 89' lang='lat' dir='ltr'>torn.</span> <span class='ocrx_word' id='word_1_573' title='bbox 557 4859 597 4913; x_wconf 86' lang='grc' dir='ltr'>ιιι,</span> <span class='ocrx_word' id='word_1_574' title='bbox 614 4859 678 4917; x_wconf 90' lang='lat' dir='ltr'>cap.</span> <span class='ocrx_word' id='word_1_575' title='bbox 692 4857 732 4913; x_wconf 88' lang='grc' dir='ltr'>ιιι,</span> <span class='ocrx_word' id='word_1_576' title='bbox 747 4843 821 4916; x_wconf 89' lang='lat' dir='ltr'>apud</span> <span class='ocrx_word' id='word_1_577' title='bbox 833 4859 918 4928; x_wconf 84' lang='lat' dir='ltr'>quem</span> <span class='ocrx_word' id='word_1_578' title='bbox 931 4845 996 4904; x_wconf 89' lang='lat' dir='ltr'>vide</span> <span class='ocrx_word' id='word_1_579' title='bbox 1007 4847 1122 4904; x_wconf 78' lang='lat' dir='ltr'>Tabulis</span> <span class='ocrx_word' id='word_1_580' title='bbox 1177 4843 1324 4916; x_wconf 90' lang='lat' dir='ltr'>quissimu,</span> <span class='ocrx_word' id='word_1_581' title='bbox 1341 4843 1376 4900; x_wconf 88' lang='lat' dir='ltr'>de</span> <span class='ocrx_word' id='word_1_582' title='bbox 1392 4859 1446 4914; x_wconf 90' lang='lat' dir='ltr'>qua</span> <span class='ocrx_word' id='word_1_583' title='bbox 1463 4859 1521 4916; x_wconf 77' lang='lat' dir='ltr'>praa</span> <span class='ocrx_word' id='word_1_584' title='bbox 1537 4845 1599 4902; x_wconf 90' lang='lat' dir='ltr'>aliis</span> <span class='ocrx_word' id='word_1_585' title='bbox 1617 4843 1758 4918; x_wconf 85' lang='lat' dir='ltr'>legendus</span> <span class='ocrx_word' id='word_1_586' title='bbox 1772 4843 1963 4901; x_wconf 85' lang='lat' dir='ltr'>celeberrimus</span> <span class='ocrx_word' id='word_1_587' title='bbox 2058 4842 2064 4859; x_wconf 83' lang='lat'>&#39;</span> 
     </span>
     <span class='ocr_line' id='line_1_51' title="bbox 324 4913 1962 4992; baseline -0.002 -18"><span class='ocrx_word' id='word_1_588' title='bbox 324 4929 460 4988; x_wconf 81' lang='lat' dir='ltr'>expressa</span> <span class='ocrx_word' id='word_1_589' title='bbox 484 4917 590 4972; x_wconf 85' lang='lat' dir='ltr'>veteris</span> <span class='ocrx_word' id='word_1_590' title='bbox 613 4917 724 4973; x_wconf 78' lang='lat' dir='ltr'>Asturae</span> <span class='ocrx_word' id='word_1_591' title='bbox 750 4916 884 4988; x_wconf 77' lang='lat' dir='ltr'>vestigia,</span> <span class='ocrx_word' id='word_1_592' title='bbox 919 4933 1023 4992; x_wconf 88' lang='lat' dir='ltr'>nempe</span> <span class='ocrx_word' id='word_1_593' title='bbox 1051 4919 1120 4977; x_wconf 89' lang='lat' dir='ltr'>Tab.</span> <span class='ocrx_word' id='word_1_594' title='bbox 1177 4915 1342 4983; x_wconf 75' lang='lat' dir='ltr'>Danuuius,</span> <span class='ocrx_word' id='word_1_595' title='bbox 1365 4915 1414 4986; x_wconf 92' lang='lat' dir='ltr'>qui</span> <span class='ocrx_word' id='word_1_596' title='bbox 1435 4915 1522 4971; x_wconf 87' lang='lat' dir='ltr'>libros</span> <span class='ocrx_word' id='word_1_597' title='bbox 1547 4915 1806 4988; x_wconf 89' lang='lat' dir='ltr'>duosconscripsit</span> <span class='ocrx_word' id='word_1_598' title='bbox 1829 4913 1962 4988; x_wconf 83' lang='lat' dir='ltr'>degente</span> 
     </span>
     <span class='ocr_line' id='line_1_52' title="bbox 322 4985 1959 5060; baseline -0.003 -14"><span class='ocrx_word' id='word_1_599' title='bbox 322 5001 383 5055; x_wconf 81' lang='lat' dir='ltr'>xrs,</span> <span class='ocrx_word' id='word_1_600' title='bbox 405 5001 468 5059; x_wconf 78' lang='lat' dir='ltr'>quse</span> <span class='ocrx_word' id='word_1_601' title='bbox 491 4986 635 5045; x_wconf 87' lang='lat' dir='ltr'>Ciceronis</span> <span class='ocrx_word' id='word_1_602' title='bbox 661 4986 741 5047; x_wconf 76' lang='lat' dir='ltr'>Villae</span> <span class='ocrx_word' id='word_1_603' title='bbox 762 4986 864 5044; x_wconf 85' lang='lat' dir='ltr'>rudera</span> <span class='ocrx_word' id='word_1_604' title='bbox 880 5003 943 5046; x_wconf 85' lang='lat' dir='ltr'>esse</span> <span class='ocrx_word' id='word_1_605' title='bbox 957 4989 1121 5060; x_wconf 89' lang='lat' dir='ltr'>creduntur,</span> <span class='ocrx_word' id='word_1_606' title='bbox 1177 4985 1472 5057; x_wconf 65' lang='lat' dir='ltr'>blasimamuosmss.</span> <span class='ocrx_word' id='word_1_607' title='bbox 1483 4986 1542 5043; x_wconf 91' lang='lat' dir='ltr'>vidi</span> <span class='ocrx_word' id='word_1_608' title='bbox 1558 4987 1585 5043; x_wconf 91' lang='lat' dir='ltr'>in</span> <span class='ocrx_word' id='word_1_609' title='bbox 1595 4986 1766 5044; x_wconf 87' lang='lat' dir='ltr'>bibliotheca</span> <span class='ocrx_word' id='word_1_610' title='bbox 1777 4987 1959 5060; x_wconf 82' lang='lat' dir='ltr'>Frangipana.</span> 
     </span>
     <span class='ocr_line' id='line_1_53' title="bbox 325 5056 1963 5140; baseline -0.002 -23"><span class='ocrx_word' id='word_1_611' title='bbox 325 5056 419 5118; x_wconf 89' lang='lat' dir='ltr'>ettab.</span> <span class='ocrx_word' id='word_1_612' title='bbox 435 5072 482 5126; x_wconf 81' lang='lat' dir='ltr'>xx,</span> <span class='ocrx_word' id='word_1_613' title='bbox 496 5073 561 5130; x_wconf 77' lang='lat' dir='ltr'>quae</span> <span class='ocrx_word' id='word_1_614' title='bbox 571 5059 657 5131; x_wconf 88' lang='lat' dir='ltr'>vulgo</span> <span class='ocrx_word' id='word_1_615' title='bbox 671 5057 1119 5135; x_wconf 81' lang='lat' dir='ltr'>BatneoMart&#39;eonuncupantur.</span> <span class='ocrx_word' id='word_1_616' title='bbox 1213 5057 1254 5129; x_wconf 83' lang='grc'>(6)</span> <span class='ocrx_word' id='word_1_617' title='bbox 1275 5057 1417 5113; x_wconf 77' lang='lat' dir='ltr'>Fetosatte</span> <span class='ocrx_word' id='word_1_618' title='bbox 1442 5057 1624 5127; x_wconf 88' lang='lat' dir='ltr'>vocabulum,</span> <span class='ocrx_word' id='word_1_619' title='bbox 1650 5057 1726 5140; x_wconf 87' lang='lat' dir='ltr'>quod</span> <span class='ocrx_word' id='word_1_620' title='bbox 1752 5071 1845 5129; x_wconf 90' lang='lat' dir='ltr'>neque</span> <span class='ocrx_word' id='word_1_621' title='bbox 1871 5057 1898 5114; x_wconf 93' lang='lat' dir='ltr'>in</span> <span class='ocrx_word' id='word_1_622' title='bbox 1926 5059 1963 5113; x_wconf 93' lang='lat' dir='ltr'>Du</span> 
     </span>
     <span class='ocr_line' id='line_1_54' title="bbox 361 5127 1961 5202; baseline 0 -18"><span class='ocrx_word' id='word_1_623' title='bbox 361 5129 399 5202; x_wconf 80' lang='lat' dir='ltr'>(l)</span> <span class='ocrx_word' id='word_1_624' title='bbox 420 5129 530 5201; x_wconf 73' lang='lat' dir='ltr'>crypta</span> <span class='ocrx_word' id='word_1_625' title='bbox 545 5130 668 5186; x_wconf 70' lang='lat' dir='ltr'>Ferraria</span> <span class='ocrx_word' id='word_1_626' title='bbox 682 5130 710 5185; x_wconf 89' lang='lat' dir='ltr'>in</span> <span class='ocrx_word' id='word_1_627' title='bbox 725 5131 847 5186; x_wconf 89' lang='lat' dir='ltr'>Tusculo</span> <span class='ocrx_word' id='word_1_628' title='bbox 862 5130 1012 5190; x_wconf 81' lang='lat' dir='ltr'>duodecim</span> <span class='ocrx_word' id='word_1_629' title='bbox 1034 5133 1122 5192; x_wconf 78' lang='lat' dir='ltr'>millia</span> <span class='ocrx_word' id='word_1_630' title='bbox 1176 5128 1278 5201; x_wconf 84' lang='lat' dir='ltr'>cangii</span> <span class='ocrx_word' id='word_1_631' title='bbox 1298 5127 1441 5186; x_wconf 85' lang='lat' dir='ltr'>Glossario</span> <span class='ocrx_word' id='word_1_632' title='bbox 1457 5127 1571 5200; x_wconf 86' lang='lat' dir='ltr'>legitur,</span> <span class='ocrx_word' id='word_1_633' title='bbox 1594 5129 1758 5201; x_wconf 78' lang='lat' dir='ltr'>significare</span> <span class='ocrx_word' id='word_1_634' title='bbox 1776 5135 1910 5185; x_wconf 85' lang='lat' dir='ltr'>autumno</span> <span class='ocrx_word' id='word_1_635' title='bbox 1922 5127 1961 5184; x_wconf 88' lang='lat' dir='ltr'>tila</span> 
     </span>
    </p>
   </div>
   <div class='ocr_carea' id='block_1_4' title="bbox 325 5197 1964 5541">
    <p class='ocr_par' dir='ltr' id='par_1_5' title="bbox 325 5197 1964 5541">
     <span class='ocr_line' id='line_1_55' title="bbox 325 5197 1962 5275; baseline -0.003 -15"><span class='ocrx_word' id='word_1_636' title='bbox 325 5215 460 5275; x_wconf 86' lang='lat' dir='ltr'>passuum</span> <span class='ocrx_word' id='word_1_637' title='bbox 482 5199 518 5258; x_wconf 87' lang='lat' dir='ltr'>ab</span> <span class='ocrx_word' id='word_1_638' title='bbox 539 5199 608 5257; x_wconf 92' lang='lat' dir='ltr'>urbe</span> <span class='ocrx_word' id='word_1_639' title='bbox 628 5201 656 5257; x_wconf 91' lang='lat' dir='ltr'>in</span> <span class='ocrx_word' id='word_1_640' title='bbox 674 5200 790 5257; x_wconf 84' lang='lat' dir='ltr'>dextero</span> <span class='ocrx_word' id='word_1_641' title='bbox 812 5202 867 5258; x_wconf 77' lang='lat' dir='ltr'>viro</span> <span class='ocrx_word' id='word_1_642' title='bbox 893 5204 1001 5260; x_wconf 82' lang='lat' dir='ltr'>Latinae</span> <span class='ocrx_word' id='word_1_643' title='bbox 1022 5205 1120 5273; x_wconf 87' lang='lat' dir='ltr'>latere,</span> <span class='ocrx_word' id='word_1_644' title='bbox 1176 5214 1228 5257; x_wconf 86' lang='lat' dir='ltr'>sau</span> <span class='ocrx_word' id='word_1_645' title='bbox 1242 5197 1366 5266; x_wconf 89' lang='lat' dir='ltr'>ordines,</span> <span class='ocrx_word' id='word_1_646' title='bbox 1403 5198 1487 5255; x_wconf 87' lang='lat' dir='ltr'>uibus</span> <span class='ocrx_word' id='word_1_647' title='bbox 1501 5201 1620 5257; x_wconf 73' lang='lat' dir='ltr'>consitae</span> <span class='ocrx_word' id='word_1_648' title='bbox 1634 5201 1708 5256; x_wconf 89' lang='lat' dir='ltr'>vites</span> <span class='ocrx_word' id='word_1_649' title='bbox 1728 5200 1756 5256; x_wconf 91' lang='lat' dir='ltr'>ia</span> <span class='ocrx_word' id='word_1_650' title='bbox 1778 5213 1875 5256; x_wconf 88' lang='lat' dir='ltr'>ramos</span> <span class='ocrx_word' id='word_1_651' title='bbox 1892 5197 1962 5256; x_wconf 90' lang='lat' dir='ltr'>didu-</span> 
     </span>
     <span class='ocr_line' id='line_1_56' title="bbox 325 5214 1960 5345; baseline -0.004 -14"><span class='ocrx_word' id='word_1_652' title='bbox 325 5274 404 5340; x_wconf 89' lang='lat' dir='ltr'>ottm,</span> <span class='ocrx_word' id='word_1_653' title='bbox 427 5269 494 5329; x_wconf 90' lang='lat' dir='ltr'>villa</span> <span class='ocrx_word' id='word_1_654' title='bbox 519 5271 673 5338; x_wconf 87' lang='lat' dir='ltr'>Ciceronis,</span> <span class='ocrx_word' id='word_1_655' title='bbox 697 5273 725 5327; x_wconf 92' lang='lat' dir='ltr'>in</span> <span class='ocrx_word' id='word_1_656' title='bbox 746 5286 800 5344; x_wconf 91' lang='lat' dir='ltr'>qua</span> <span class='ocrx_word' id='word_1_657' title='bbox 825 5274 939 5345; x_wconf 85' lang='lat' dir='ltr'>scripsit</span> <span class='ocrx_word' id='word_1_658' title='bbox 960 5277 1123 5345; x_wconf 76' lang='lat' dir='ltr'>questiones</span> <span class='ocrx_word' id='word_1_659' title='bbox 1176 5276 1287 5337; x_wconf 89' lang='lat' dir='ltr'>cuntur,</span> <span class='ocrx_word' id='word_1_660' title='bbox 1306 5277 1334 5327; x_wconf 90' lang='lat' dir='ltr'>et</span> <span class='ocrx_word' id='word_1_661' title='bbox 1347 5214 1509 5328; x_wconf 40' lang='lat' dir='ltr'>traducibus</span> <span class='ocrx_word' id='word_1_662' title='bbox 1521 5271 1743 5342; x_wconf 83' lang='lat' dir='ltr'>distinguuntur,</span> <span class='ocrx_word' id='word_1_663' title='bbox 1758 5270 1806 5327; x_wconf 89' lang='lat' dir='ltr'>vul</span> <span class='ocrx_word' id='word_1_664' title='bbox 1830 5269 1960 5342; x_wconf 68' lang='lat' dir='ltr'>optinere.</span> 
     </span>
     <span class='ocr_line' id='line_1_57' title="bbox 326 5341 1959 5416; baseline -0.003 -16"><span class='ocrx_word' id='word_1_665' title='bbox 326 5343 461 5414; x_wconf 90' lang='lat' dir='ltr'>quiaque,</span> <span class='ocrx_word' id='word_1_666' title='bbox 492 5356 563 5413; x_wconf 87' lang='lat' dir='ltr'>quas</span> <span class='ocrx_word' id='word_1_667' title='bbox 602 5343 778 5400; x_wconf 88' lang='lat' dir='ltr'>Tusculanus</span> <span class='ocrx_word' id='word_1_668' title='bbox 807 5343 913 5402; x_wconf 89' lang='lat' dir='ltr'>idcirco</span> <span class='ocrx_word' id='word_1_669' title='bbox 952 5346 1120 5414; x_wconf 89' lang='lat' dir='ltr'>nominavit,</span> <span class='ocrx_word' id='word_1_670' title='bbox 1213 5341 1254 5416; x_wconf 74' lang='lat' dir='ltr'>il)</span> <span class='ocrx_word' id='word_1_671' title='bbox 1273 5341 1319 5398; x_wconf 79' lang='lat' dir='ltr'>Ad</span> <span class='ocrx_word' id='word_1_672' title='bbox 1334 5347 1544 5398; x_wconf 66' lang='lat' dir='ltr'>monumemtum</span> <span class='ocrx_word' id='word_1_673' title='bbox 1565 5344 1728 5399; x_wconf 76' lang='lat' dir='ltr'>Praedium.</span> <span class='ocrx_word' id='word_1_674' title='bbox 1748 5342 1812 5398; x_wconf 92' lang='lat' dir='ltr'>Tria</span> <span class='ocrx_word' id='word_1_675' title='bbox 1844 5355 1959 5412; x_wconf 83' lang='lat' dir='ltr'>aeoprae·</span> 
     </span>
     <span class='ocr_line' id='line_1_58' title="bbox 326 5410 1964 5541; baseline -0.002 -71"><span class='ocrx_word' id='word_1_676' title='bbox 326 5427 403 5470; x_wconf 90' lang='lat' dir='ltr'>nunc</span> <span class='ocrx_word' id='word_1_677' title='bbox 421 5421 539 5471; x_wconf 84' lang='lat' dir='ltr'>vocatur</span> <span class='ocrx_word' id='word_1_678' title='bbox 566 5411 712 5470; x_wconf 75' lang='lat' dir='ltr'>l’rtttodio</span> <span class='ocrx_word' id='word_1_679' title='bbox 731 5413 762 5468; x_wconf 84' lang='lat' dir='ltr'>di</span> <span class='ocrx_word' id='word_1_680' title='bbox 790 5413 888 5470; x_wconf 81' lang='lat' dir='ltr'>Grotto</span> <span class='ocrx_word' id='word_1_681' title='bbox 915 5415 1047 5484; x_wconf 83' lang='lat' dir='ltr'>Ferrato,</span> <span class='ocrx_word' id='word_1_682' title='bbox 1074 5415 1121 5472; x_wconf 90' lang='lat' dir='ltr'>ubi</span> <span class='ocrx_word' id='word_1_683' title='bbox 1176 5411 1250 5469; x_wconf 92' lang='lat' dir='ltr'>diola</span> <span class='ocrx_word' id='word_1_684' title='bbox 1273 5411 1403 5541; x_wconf 58' lang='lat' dir='ltr'>susdsicor</span> <span class='ocrx_word' id='word_1_685' title='bbox 1423 5410 1498 5470; x_wconf 89' lang='lat' dir='ltr'>haud</span> <span class='ocrx_word' id='word_1_686' title='bbox 1521 5413 1618 5484; x_wconf 90' lang='lat' dir='ltr'>procul</span> <span class='ocrx_word' id='word_1_687' title='bbox 1645 5411 1733 5470; x_wconf 86' lang='lat' dir='ltr'>tuisse</span> <span class='ocrx_word' id='word_1_688' title='bbox 1755 5427 1770 5468; x_wconf 89' lang='lat' dir='ltr'>a</span> <span class='ocrx_word' id='word_1_689' title='bbox 1789 5419 1964 5469; x_wconf 87' lang='lat' dir='ltr'>monumento</span> 
     </span>
    </p>
   </div>
   <div class='ocr_carea' id='block_1_5' title="bbox 326 5481 1962 5794">
    <p class='ocr_par' dir='ltr' id='par_1_6' title="bbox 326 5481 1962 5570">
     <span class='ocr_line' id='line_1_59' title="bbox 326 5481 1962 5570; baseline -0.001 -30"><span class='ocrx_word' id='word_1_690' title='bbox 326 5484 456 5554; x_wconf 82' lang='lat' dir='ltr'>Datparoe</span> <span class='ocrx_word' id='word_1_691' title='bbox 468 5490 580 5542; x_wconf 88' lang='lat' dir='ltr'>vetusta</span> <span class='ocrx_word' id='word_1_692' title='bbox 595 5499 676 5541; x_wconf 85' lang='lat' dir='ltr'>sacru</span> <span class='ocrx_word' id='word_1_693' title='bbox 691 5481 778 5552; x_wconf 79' lang='lat' dir='ltr'>aedes,</span> <span class='ocrx_word' id='word_1_694' title='bbox 792 5490 822 5541; x_wconf 85' lang='lat' dir='ltr'>et</span> <span class='ocrx_word' id='word_1_695' title='bbox 833 5484 895 5541; x_wconf 91' lang='lat' dir='ltr'>Divi</span> <span class='ocrx_word' id='word_1_696' title='bbox 911 5485 1008 5542; x_wconf 84' lang='lat' dir='ltr'>Basilii</span> <span class='ocrx_word' id='word_1_697' title='bbox 1024 5487 1122 5570; x_wconf 82' lang='lat' dir='ltr'>llagni</span> <span class='ocrx_word' id='word_1_698' title='bbox 1177 5483 1297 5542; x_wconf 80' lang='lat' dir='ltr'>Caecilia</span> <span class='ocrx_word' id='word_1_699' title='bbox 1335 5482 1379 5539; x_wconf 83' lang='lat' dir='ltr'>tiae</span> <span class='ocrx_word' id='word_1_700' title='bbox 1403 5484 1507 5540; x_wconf 82' lang='lat' dir='ltr'>Metelli</span> <span class='ocrx_word' id='word_1_701' title='bbox 1527 5484 1639 5552; x_wconf 85' lang='lat' dir='ltr'>Cretici,</span> <span class='ocrx_word' id='word_1_702' title='bbox 1656 5490 1734 5541; x_wconf 89' lang='lat' dir='ltr'>extra</span> <span class='ocrx_word' id='word_1_703' title='bbox 1756 5490 1866 5568; x_wconf 85' lang='lat' dir='ltr'>portum</span> <span class='ocrx_word' id='word_1_704' title='bbox 1889 5483 1962 5556; x_wconf 84' lang='lat' dir='ltr'>Cape</span> 
     </span>
    </p>

    <p class='ocr_par' dir='ltr' id='par_1_7' title="bbox 326 5552 1962 5628">
     <span class='ocr_line' id='line_1_60' title="bbox 326 5552 1962 5628; baseline -0.001 -16"><span class='ocrx_word' id='word_1_705' title='bbox 326 5552 508 5612; x_wconf 82' lang='lat' dir='ltr'>Asseclarum</span> <span class='ocrx_word' id='word_1_706' title='bbox 523 5555 697 5623; x_wconf 76' lang='lat' dir='ltr'>caenobium,</span> <span class='ocrx_word' id='word_1_707' title='bbox 713 5553 749 5611; x_wconf 87' lang='lat' dir='ltr'>ab</span> <span class='ocrx_word' id='word_1_708' title='bbox 763 5555 875 5612; x_wconf 84' lang='lat' dir='ltr'>Sanctis</span> <span class='ocrx_word' id='word_1_709' title='bbox 890 5555 954 5614; x_wconf 91' lang='lat' dir='ltr'>Nilo</span> <span class='ocrx_word' id='word_1_710' title='bbox 972 5557 1081 5616; x_wconf 83' lang='lat' dir='ltr'>Juntorr</span> <span class='ocrx_word' id='word_1_711' title='bbox 1094 5565 1123 5615; x_wconf 85' lang='lat' dir='ltr'>et</span> <span class='ocrx_word' id='word_1_712' title='bbox 1177 5569 1254 5623; x_wconf 90' lang='lat' dir='ltr'>nam,</span> <span class='ocrx_word' id='word_1_713' title='bbox 1270 5552 1346 5627; x_wconf 93' lang='lat' dir='ltr'>quod</span> <span class='ocrx_word' id='word_1_714' title='bbox 1365 5568 1441 5610; x_wconf 88' lang='lat' dir='ltr'>nuno</span> <span class='ocrx_word' id='word_1_715' title='bbox 1464 5555 1551 5612; x_wconf 89' lang='lat' dir='ltr'>otiam</span> <span class='ocrx_word' id='word_1_716' title='bbox 1575 5555 1604 5611; x_wconf 91' lang='lat' dir='ltr'>iu</span> <span class='ocrx_word' id='word_1_717' title='bbox 1628 5555 1673 5613; x_wconf 90' lang='lat' dir='ltr'>via</span> <span class='ocrx_word' id='word_1_718' title='bbox 1694 5555 1785 5628; x_wconf 80' lang='lat' dir='ltr'>Appia</span> <span class='ocrx_word' id='word_1_719' title='bbox 1810 5569 1861 5612; x_wconf 89' lang='lat' dir='ltr'>seu</span> <span class='ocrx_word' id='word_1_720' title='bbox 1883 5555 1962 5612; x_wconf 81' lang='lat' dir='ltr'>vetari</span> 
     </span>
    </p>

    <p class='ocr_par' dir='ltr' id='par_1_8' title="bbox 326 5619 1961 5794">
     <span class='ocr_line' id='line_1_61' title="bbox 326 5619 1961 5700; baseline -0.001 -17"><span class='ocrx_word' id='word_1_721' title='bbox 326 5619 534 5683; x_wconf 79' lang='lat' dir='ltr'>Draholomeo</span> <span class='ocrx_word' id='word_1_722' title='bbox 549 5624 697 5682; x_wconf 87' lang='lat' dir='ltr'>abbatibus</span> <span class='ocrx_word' id='word_1_723' title='bbox 715 5625 908 5682; x_wconf 88' lang='lat' dir='ltr'>constitutum.</span> <span class='ocrx_word' id='word_1_724' title='bbox 1176 5625 1285 5683; x_wconf 82' lang='lat' dir='ltr'>Albana</span> <span class='ocrx_word' id='word_1_725' title='bbox 1298 5624 1383 5694; x_wconf 80' lang='lat' dir='ltr'>s‚000</span> <span class='ocrx_word' id='word_1_726' title='bbox 1393 5637 1470 5697; x_wconf 85' lang='lat' dir='ltr'>pass.</span> <span class='ocrx_word' id='word_1_727' title='bbox 1487 5625 1522 5682; x_wconf 85' lang='lat' dir='ltr'>ab</span> <span class='ocrx_word' id='word_1_728' title='bbox 1534 5625 1604 5683; x_wconf 86' lang='lat' dir='ltr'>urbe</span> <span class='ocrx_word' id='word_1_729' title='bbox 1614 5627 1723 5696; x_wconf 87' lang='lat' dir='ltr'>visitur,</span> <span class='ocrx_word' id='word_1_730' title='bbox 1738 5633 1765 5684; x_wconf 89' lang='lat' dir='ltr'>et</span> <span class='ocrx_word' id='word_1_731' title='bbox 1778 5625 1865 5699; x_wconf 83' lang='lat' dir='ltr'>vulgo</span> <span class='ocrx_word' id='word_1_732' title='bbox 1880 5625 1961 5700; x_wconf 87' lang='lat' dir='ltr'>appel·</span> 
     </span>
     <span class='ocr_line' id='line_1_62' title="bbox 362 5694 1482 5794; baseline 0.001 -44"><span class='ocrx_word' id='word_1_733' title='bbox 362 5694 402 5767; x_wconf 77' lang='lat'>(2)</span> <span class='ocrx_word' id='word_1_734' title='bbox 415 5695 514 5752; x_wconf 81' lang='lat' dir='ltr'>Casete</span> <span class='ocrx_word' id='word_1_735' title='bbox 520 5697 553 5752; x_wconf 88' lang='lat' dir='ltr'>de</span> <span class='ocrx_word' id='word_1_736' title='bbox 564 5697 679 5754; x_wconf 82' lang='lat' dir='ltr'>Centum</span> <span class='ocrx_word' id='word_1_737' title='bbox 690 5695 774 5794; x_wconf 61' lang='lat' dir='ltr'>Celtis</span> <span class='ocrx_word' id='word_1_738' title='bbox 785 5702 876 5753; x_wconf 89' lang='lat' dir='ltr'>rutum</span> <span class='ocrx_word' id='word_1_739' title='bbox 890 5694 988 5755; x_wconf 88' lang='lat' dir='ltr'>habuit</span> <span class='ocrx_word' id='word_1_740' title='bbox 995 5697 1060 5757; x_wconf 89' lang='lat' dir='ltr'>Otto</span> <span class='ocrx_word' id='word_1_741' title='bbox 1070 5700 1121 5768; x_wconf 91' lang='lat'>111,</span> <span class='ocrx_word' id='word_1_742' title='bbox 1176 5697 1250 5754; x_wconf 90' lang='lat' dir='ltr'>latur</span> <span class='ocrx_word' id='word_1_743' title='bbox 1265 5695 1341 5765; x_wconf 86' lang='lat' dir='ltr'>Cape</span> <span class='ocrx_word' id='word_1_744' title='bbox 1358 5695 1482 5752; x_wconf 79' lang='lat' dir='ltr'>ditiore.</span> 
     </span>
    </p>
   </div>
   <div class='ocr_carea' id='block_1_6' title="bbox 0 0 2124 6442">
    <p class='ocr_par' dir='ltr' id='par_1_9' title="bbox 0 0 2124 6442">
     <span class='ocr_line' id='line_1_63' title="bbox 0 0 2124 6442; baseline 0 0"><span class='ocrx_word' id='word_1_745' title='bbox 0 0 2124 6442; x_wconf 95' lang='lat' dir='ltr'> </span> 
     </span>
    </p>
   </div>
  </div>
 </body>
</html>
