4200 6394
131 277 197 339 133
584 276 642 335 XI.
658 303 699 320 ·-
714 273 760 336 ΙΝ
782 271 1004 336 carnelum
1025 272 1174 334 SANCTI
1195 275 1332 338 PETRI.
1726 287 1784 347 134

174 437 282 498 Deum
307 450 381 500 osse
408 450 484 500 eum
508 435 679 498 consessus
708 435 768 507 est,
799 431 932 511 quando
987 433 1094 496 olivae.
1120 437 1218 512 Ergo,
1233 437 1364 500 Beatus
1388 452 1435 512 es,
1451 439 1571 504 Simon
1593 444 1780 520 BorJouu,

129 531 242 596 dixit:
260 535 309 594 Tu
320 547 358 595 cs
371 533 528 596 Obrutus
538 537 657 607 Filius,
667 536 732 596 Dei
744 536 826 596 uiui.
843 535 932 594 Duas
986 536 1067 606 quic
1081 547 1163 596 coro
1178 533 1211 596 et
1220 537 1363 611 saepius
1377 549 1447 600 :rou
1461 541 1628 602 revelavit
1641 541 1711 616 tibi,
1722 548 1783 608 scd

130 630 312 694 confitetur
325 631 360 692 in
382 631 513 694 Cbristo
532 631 669 694 naturas
682 632 715 694 et
733 647 833 692 unum
850 647 931 708 par·
986 633 1097 694 Pater
1130 647 1229 694 uacus
1262 635 1409 696 ccelesiis
1443 640 1502 709 qui
1536 639 1589 701 cst
1622 645 1660 702 iu
1690 649 1784 708 ccum

130 744 261 800 sonam,
278 729 432 790 naturam
444 715 627 794 ¹humanam
647 729 680 791 et
702 729 856 792 naturam
875 729 931 790 di·
987 727 1118 809 (Matth.
1146 745 1215 801 xvi,
1246 727 1310 808 17).
1341 732 1424 792 Caro
1452 734 1485 795 et
1512 739 1666 812 sanguis,
1697 740 1784 806 idest

129 827 247 888 sinam
264 848 271 886 :
288 827 442 888 naturam
466 827 645 888 humanam
669 844 743 889 cum
759 826 860 888 dicit:
883 829 932 886 Tu
987 827 1104 890 scribae
1133 827 1165 888 et
1193 827 1356 890 Pharisaei
1389 829 1430 891 de
1458 847 1598 908 quorum
1622 852 1722 900 carne
1749 843 1783 904 et

130 939 171 986 cs
200 925 382 1002 Comatam
406 923 560 986 naturam
587 924 735 986 divinam
759 940 833 986 cum
857 923 929 986 ait:
987 925 1194 1001 sanguinetu
1207 925 1307 988 existi
1322 948 1330 1002 ;
1348 929 1621 1004 quemadmodum
1637 935 1669 998 et
1686 935 1725 998 de
1745 954 1781 1000 se

129 1025 243 1084 Filius
255 1025 319 1084 Dei
330 1023 412 1083 cici.
436 1022 541 1084 Filius
557 1023 645 1083 enim
664 1023 724 1084 Dei
737 1038 805 1084 non
825 1021 933 1099 potest
985 1023 1066 1086 dicit
1080 1022 1266 1101 Apostolus.
1285 1026 1342 1086 Vel
1360 1025 1482 1088 dicitur
1493 1029 1559 1090 Bar
1568 1032 1586 1092 J
1589 1046 1663 1104 ona,
1680 1034 1778 1109 idest,

130 1134 208 1180 esse
223 1119 288 1180 nisi
303 1121 408 1190 Deus,
426 1119 512 1182 sicut
530 1119 618 1180 illius
634 1120 779 1182 bominis
794 1136 861 1181 non
875 1135 931 1197 po-
986 1119 1074 1182 filius
1088 1122 1226 1184 loannis
1250 1121 1306 1200 qui
1327 1123 1565 1201 interpretatur
1578 1129 1688 1204 gratia
1707 1134 1778 1196 Dei.

128 1217 198 1279 test
211 1233 286 1279 esse
300 1217 366 1278 nisi
389 1217 499 1279 homo.
522 1219 619 1291 Nam,
642 1218 729 1280 sicut
742 1219 855 1280 anima
874 1235 932 1280 ra·
984 1219 1124 1280 Tantam
1144 1219 1285 1296 gratiam
1302 1221 1460 1284 Dominus
1483 1224 1581 1286 Petro
1603 1231 1779 1304 concessit,

127 1315 268 1376 tioualis
283 1317 316 1376 et
328 1331 405 1377 caro
420 1331 506 1376 unus
526 1318 577 1379 est
595 1317 705 1390 bomo,
724 1315 771 1378 ita
789 1318 876 1378 Deus
898 1318 932 1379 et
986 1316 1021 1378 ut
1036 1315 1152 1378 umbra
1167 1319 1239 1394 eJus
1254 1318 1453 1379 sanarentur
1467 1320 1602 1395 infirmi,
1625 1324 1672 1386 ita
1688 1329 1724 1390 ut
1744 1329 1780 1391 in

129 1413 233 1474 bomo
244 1429 329 1474 unus
341 1414 392 1474 est
403 1414 565 1475 Christus.
577 1413 656 1476 Vel:
670 1417 765 1476 Tuos
773 1415 930 1477 cerutus
985 1414 1104 1492 plateis
1123 1415 1283 1491 ejicerent
1297 1415 1458 1488 infirmos,
1478 1418 1514 1480 ut
1535 1422 1690 1488 ueniente
1712 1428 1779 1488 Pe-

125 1514 242 1574 Ftltus
260 1515 325 1573 Det
346 1515 427 1584 vict,
448 1512 506 1590 qui
528 1512 646 1574 vivens
665 1511 701 1572 in
722 1529 758 1574 se
781 1511 931 1575 viviticat
983 1513 1047 1586 tro,
1065 1513 1182 1574 saltem
1202 1513 1318 1574 umbra
1342 1515 1414 1591 ejus
1436 1514 1647 1584 obumbraret
1662 1538 1780 1598 quem-

127 1609 608 1687 universa31nquovivimus,
626 1626 799 1672 movemur
819 1610 853 1672 et
872 1625 930 1670 su·
984 1610 1072 1688 piam
1097 1626 1212 1672 eorum
1231 1612 1264 1672 et
1286 1613 1486 1674 sanarentur
1513 1612 1554 1675 ab
1576 1615 1782 1684 infirmitati-

128 1723 217 1768 mus.
237 1709 334 1770 Hanc
355 1707 481 1770 tantam
504 1707 601 1769 fidem
625 1709 717 1770 nulla
736 1723 854 1786 passus
879 1708 930 1770 est
984 1707 1057 1770 bus.
1070 1710 1142 1770 Hoc
1156 1707 1330 1772 manifeste
1342 1709 1508 1773 testantur
1521 1713 1621 1777 Actus
1638 1719 1781 1794 Aposto-

127 1805 292 1868 Dominus
320 1805 503 1868 tentatione
532 1805 685 1880 delicere,
713 1823 789 1868 cum
817 1806 927 1870 dixit:

127 1907 261 1976 Simon,
286 1899 417 1973 stuwu,
441 1905 592 1966 Sutcuos
614 1905 784 1980 cmpcttott
802 1920 863 1968 uos
890 1905 930 1968 ut

127 2002 304 2064 cribraret
320 2002 407 2064 sicut
420 2003 587 2074 curuum,
600 2005 660 2065 scd
674 1991 735 2081 eqo
747 2017 814 2078 pro
829 2003 862 2066 tc
875 2017 930 2066 ro

126 2099 407 2176 postremam
422 2115 490 2161 uou
500 2099 639 2175 deficiat
652 2103 738 2174 sides
753 2101 824 2173 tub,
841 2101 876 2163 ct
891 2101 929 2162 tu

128 2200 313 2272 aliquando
327 2213 516 2260 conuersus
525 2200 697 2272 constrata
707 2198 841 2274 fratres
852 2199 929 2261 tuos

43 2299 46 2303 ’
128 2293 224 2375 (Luc.
239 2310 323 2368 mr,
337 2293 404 2375 37).

167 2395 264 2455 Hanc
278 2393 522 2456 consessionem
537 2393 798 2472 quadrupliciter
810 2410 927 2456 remu-

125 2491 262 2553 neravit
272 2490 432 2554 Christus.
447 2490 558 2554 Primo
572 2492 659 2569 quod
672 2491 758 2555 dixit
766 2507 842 2554 eum
852 2507 927 2554 esse

126 2589 236 2650 lilium
251 2588 431 2664 columbae3
457 2589 602 2650 secundo
626 2589 711 2668 quod
732 2590 830 2651 vocat
851 2605 927 2651 eum

127 2688 284 2762 Petrum;
297 2687 397 2749 tertio
410 2687 540 2765 quando
554 2686 638 2749 dixit
650 2709 657 2747 :
671 2685 745 2748 Tibi
760 2686 843 2749 dabo
857 2687 929 2748 cla·

126 2800 191 2848 ves
208 2785 304 2862 regni
326 2785 503 2861 coelorum;
524 2787 644 2862 quarto
663 2784 795 2863 quando
817 2785 924 2846 dixit:

127 2884 368 2958 Quodcumque
402 2887 566 2961 lipcocrts
604 2897 712 2958 super
750 2886 925 2946 terrum...

132 2979 351 3061 (Mattb.xv1,
373 2981 436 3062 19).
454 2983 566 3044 Primo
580 2981 713 3044 vocavit
726 2997 803 3043 eum
821 2981 927 3043 illium

127 3078 290 3142 columbae
313 3079 444 3157 quando
466 3078 571 3141 dixit:
598 3080 729 3141 Beatus
744 3091 791 3152 et,
808 3082 927 3142 Simon

125 3183 205 3240 Bar
224 3180 314 3239 Joua
339 3175 437 3256 (ibid.
463 3193 533 3250 xm,
549 3175 614 3256 17).
647 3177 770 3240 Beatus
805 3177 927 3240 dicitur

128 3275 226 3354 quasi
239 3274 324 3338 bene
339 3275 467 3337 auctus.
481 3274 603 3336 Beatus
617 3276 735 3336 Petrus
753 3273 816 3337 luit
829 3275 927 3354 quasi

126 3374 215 3436 bene
239 3373 356 3436 auctus
381 3389 441 3450 per
466 3372 684 3450 principalem
710 3372 864 3450 gratiam,
890 3374 926 3434 in

125 3473 193 3534 bac
204 3472 284 3544 vita,
296 3487 356 3549 per
366 3471 584 3532 excellentem
590 3471 731 3548 gloriam
742 3471 777 3532 in
786 3471 925 3534 ooelesti.

129 3574 196 3633 Per
207 3569 425 3647 principalem
439 3569 592 3645 gratiam,
607 3569 687 3646 quia
700 3568 791 3632 dedit
803 3569 835 3630 ei
849 3585 926 3630 ma-

125 3668 301 3746 gisterium
324 3666 526 3728 universalis
545 3666 713 3740 Ecclesiae,
736 3667 769 3730 et
789 3667 929 3744 insuper

126 3765 220 3828 dedit
234 3765 265 3826 ei
279 3766 390 3827 claves
405 3765 500 3840 regni
516 3765 685 3826 coelorum.

166 3869 242 3926 Per
256 3863 477 3926 excellentem
490 3865 648 3940 glorium,
667 3861 746 3939 quia
762 3861 848 3924 siout
864 3860 927 3924 luit

125 3963 256 4041 primus
288 3961 324 4022 in
345 3960 527 4038 apostolis,
555 3959 602 4021 ita
636 3959 764 4036 primus
798 3959 927 4022 assistit

126 4059 260 4123 Christo
283 4059 319 4120 in
336 4058 439 4120 coelis.
455 4062 531 4120 Bar
543 4060 633 4118 Jouu
656 4071 776 4119 nomen
797 4058 847 4120 est
867 4058 927 4121 be-

125 4158 276 4226 braeum,
301 4156 518 4232 compositum
541 4170 584 4216 ex
605 4154 736 4232 integro
763 4156 849 4234 quod
875 4158 927 4219 est

125 4259 213 4328 Bar,
224 4255 311 4318 idest
320 4254 436 4326 Filius,
451 4254 484 4314 et
493 4252 668 4330 corruptus
679 4254 766 4333 quod
776 4255 827 4316 est
835 4258 926 4317 Jouc

123 4371 185 4434 pro
208 4357 356 4426 Jounuo,
379 4351 465 4413 idest
484 4349 572 4412 illius
595 4352 746 4414 loannis.
768 4353 829 4414 Vel
850 4358 925 4415 Bur

122 4457 216 4516 lona
226 4449 464 4528 interpretatur
478 4448 567 4510 illius
582 4448 754 4511 columbae.
766 4449 924 4513 Columba

124 4550 177 4612 est
190 4549 332 4627 Spiritus
346 4548 499 4620 Sanctus,
516 4546 573 4624 qui
586 4548 678 4610 venit
692 4562 794 4624 super
807 4547 923 4622 Chris-

123 4650 196 4712 tum
210 4647 247 4707 in
268 4645 412 4708 Jordane
428 4644 574 4705 flumine.
591 4646 712 4707 Beatus
732 4645 852 4706 Petrus
873 4649 924 4708 est

124 4746 217 4807 lilius
242 4742 413 4816 columbae,
433 4742 511 4820 quia
534 4742 676 4819 Spiritus
693 4743 834 4805 Sanctus
855 4759 922 4805 nu·

120 4843 218 4905 trivit
229 4842 375 4903 animam
390 4843 474 4918 ejus,
487 4838 573 4901 sicut
584 4839 678 4916 pater
689 4840 793 4903 nutrit
803 4841 918 4902 lilium.

121 4940 185 5005 Vel
202 4939 323 5001 dicitur
339 4937 428 4998 illius
451 4934 611 4998 columbae
634 4953 694 5014 pro
715 4938 820 5000 multa
835 4940 920 5000 sim-

120 5037 282 5119 plicitate,
304 5051 365 5114 pro
387 5035 491 5097 multa
515 5035 780 5110 mansuetudine,
805 5038 839 5100 et
861 5056 921 5118 pro

121 5137 229 5200 multa
243 5134 432 5196 dilectione.

163 5234 242 5296 Tria
254 5233 367 5310 itaque
377 5228 523 5292 notanda
539 5227 662 5290 suntin
676 5230 741 5293 ista
753 5232 917 5310 columba,

120 5331 219 5400 idest.
235 5330 354 5394 devota
370 5329 403 5390 et
422 5327 559 5388 humilis
575 5325 698 5400 anima,
714 5329 812 5404 idest,
832 5335 918 5411 quod

122 5428 309 5492 nidificavit
329 5427 365 5488 in
386 5424 612 5487 foraminibus
627 5425 740 5503 petrae,
758 5429 842 5505 quod
864 5431 918 5493 ol-

120 5525 292 5590 iersbatur
305 5523 341 5586 in
356 5521 520 5586 sacrificio
534 5522 658 5586 retorto
673 5523 715 5584 ad
730 5524 851 5588 collum
868 5544 920 5590 ca-

121 5625 202 5704 pite,
223 5621 310 5702 quod
333 5621 410 5684 tulit
433 5621 474 5683 ad
492 5636 604 5695 arcam
628 5635 757 5684 ramum
776 5621 918 5690 viventis

983 1806 1102 1867 lorum.
1117 1806 1211 1868 Unde
1225 1807 1349 1869 dictum
1362 1808 1412 1871 est
1421 1809 1519 1872 Petro
1532 1827 1540 1866 ε
1556 1813 1605 1876 Tu
1618 1829 1654 1874 es
1666 1817 1781 1892 pastor

984 1903 1106 1975 ovium,
1131 1904 1285 1982 princeps
1304 1905 1546 1982 Apostolorum,
1563 1909 1624 1972 tibi
1643 1912 1781 1978 tradidit

983 2005 1070 2064 Deus
1085 2001 1195 2063 claves
1208 2002 1302 2079 regni
1317 2003 1487 2066 coelorum.

1023 2100 1143 2162 Nonne
1161 2101 1247 2178 quod
1262 2101 1386 2164 dictum
1405 2104 1456 2166 est
1468 2103 1578 2176 Petro,
1592 2105 1715 2170 dictum
1730 2111 1782 2173 est

984 2198 1136 2261 omnibus
1152 2199 1400 2262 successoribus
1414 2203 1511 2280 ejusl
1529 2204 1688 2268 Omnibus
1703 2205 1781 2270 data

983 2295 1034 2357 est
1048 2297 1194 2373 potestas
1219 2296 1346 2374 ligandi
1364 2299 1462 2377 atque
1486 2300 1648 2364 solvendi.
1664 2306 1780 2368 Omni.

981 2393 1044 2455 bus
1067 2393 1242 2457 commissa
1265 2397 1316 2457 est
1340 2411 1420 2458 cura
1442 2396 1475 2460 et
1497 2398 1686 2462 sollicitudo
1707 2419 1781 2464 om-

983 2491 1075 2552 nium
1087 2491 1316 2564 ecclesiarum,
1331 2493 1367 2554 ut
1381 2495 1536 2557 mandata
1551 2497 1611 2558 Dei
1622 2499 1779 2575 populum

982 2588 1122 2650 doceant
1155 2588 1257 2650 verbo
1291 2589 1539 2666 predicationis
1566 2593 1600 2654 et
1627 2596 1779 2673 exemplo

981 2685 1060 2748 boni
1074 2685 1233 2762 temporis
1252 2702 1328 2748 eum
1343 2689 1493 2766 pascant,
1507 2690 1541 2752 et
1554 2707 1615 2767 pro
1631 2695 1776 2769 peccatis

982 2782 1097 2845 eorbm
1110 2783 1151 2844 ad
1167 2786 1271 2846 Deum
1283 2784 1502 2848 intercedant.
1519 2788 1613 2850 Unde
1626 2804 1701 2851 cum
1711 2793 1780 2855 Do·

981 2883 1091 2944 minus
1108 2881 1298 2960 loqueretur
1313 2883 1467 2944 omnibus
1481 2885 1649 2961 Apostolis
1665 2887 1776 2958 simul,

982 2981 1055 3042 ait:
1081 2982 1236 3047 Quorum
1248 2981 1459 3042 remiseritis
1479 2985 1632 3058 peccota,
1656 2988 1780 3050 remit-

982 3078 1104 3140 tuntur
1117 3081 1205 3140 eis...
1224 3078 1305 3138 (ium
1322 3079 1433 3139 autem
1454 3080 1518 3142 soli
1533 3081 1632 3143 Petro
1647 3082 1777 3146 locutus

981 3176 1079 3248 esset,
1098 3175 1202 3238 dixit:
1231 3177 1466 3250 duodecimque
1489 3181 1653 3254 ligaveris
1673 3197 1781 3257 super

982 3275 1128 3345 terram,
1145 3274 1215 3334 emt
1232 3272 1378 3348 ligatum
1396 3275 1430 3336 ci
1444 3278 1481 3336 tu
1502 3281 1632 3340 cocis...
1648 3280 1699 3340 -Bt
1719 3281 1779 3342 tibi

981 3375 1065 3434 dcco
1086 3373 1312 3447 carcarem:
1329 3377 1504 3434 coctorum.
1526 3375 1675 3437 Ostendit
1691 3378 1778 3454 quod

981 3469 1094 3531 caeteri
1109 3467 1220 3531 vocati
1238 3468 1317 3530 sunt
1331 3468 1364 3530 in
1383 3471 1509 3546 partem
1530 3471 1775 3547 sollicitudinis

981 3569 1072 3630 solus
1085 3568 1196 3628 autem
1211 3565 1329 3627 Petrus
1344 3568 1532 3643 assumptus
1549 3569 1600 3629 est
1617 3569 1653 3630 in
1669 3570 1781 3648 pleni-

980 3665 1130 3727 tudinem
1139 3663 1312 3742 potestatis
1327 3679 1334 3716 τ
1352 3664 1430 3740 quia
1445 3663 1534 3726 solus
1550 3668 1656 3742 potest
1673 3667 1779 3746 ligare

981 3763 1135 3835 caeteros,
1162 3761 1220 3821 sed
1244 3775 1311 3822 non
1339 3759 1438 3836 ligari
1461 3762 1571 3839 potest
1593 3780 1613 3828 a
1635 3767 1777 3830 caeteris.

981 3861 1064 3932 Quia
1099 3873 1275 3920 successor
1305 3859 1411 3948 'Petri
1439 3860 1595 3923 videlicet
1623 3865 1777 3926 Summus

981 3957 1146 4030 Pontifex,
1169 3955 1392 4034 principatum
1428 3958 1594 4022 cathedrae
1619 3961 1777 4026 Romanae

980 4054 1137 4118 Ecclesiae
1157 4054 1304 4132 possidet
1318 4054 1351 4115 et
1371 4054 1544 4130 gubernat,
1561 4057 1618 4135 qui
1632 4059 1779 4136 plenitu-

980 4155 1090 4216 dinem
1105 4152 1242 4214 bonoris
1263 4151 1315 4212 sui
1330 4154 1363 4213 et
1378 4152 1617 4228 amplissimam
1630 4155 1777 4231 dignita-

978 4253 1046 4316 tem
1061 4250 1191 4314 caeteris
1211 4249 1362 4311 ecclesiis
1382 4265 1442 4327 per
1463 4249 1654 4313 universum
1679 4270 1777 4316 mun-

979 4351 1056 4412 dum
1082 4350 1118 4410 in
1152 4347 1291 4409 Domino
1325 4345 1513 4408 constitutis
1550 4347 1718 4412 distribuit
1743 4353 1776 4416 et

979 4447 1158 4526 dispensat,
1176 4445 1334 4506 ordinans
1347 4443 1382 4504 in
1395 4443 1443 4504 eis
1458 4444 1684 4522 patriarchas,
1705 4449 1776 4526 pri-

978 4547 1095 4618 mates,
1112 4541 1296 4622 episcopos,
1311 4540 1457 4616 abbates,
1475 4545 1678 4623 caeterosque
1693 4564 1775 4624 prae·

978 4646 1074 4718 latos,
1102 4642 1188 4704 sicut
1216 4639 1294 4702 iecit
1326 4641 1471 4718 Moyses,
1493 4641 1550 4720 qui
1574 4659 1649 4706 cum
1675 4663 1773 4710 mane

978 4741 1139 4822 usquead
1162 4731 1338 4817 vesperum
1356 4737 1496 4808 sederet,
1520 4740 1553 4802 et
1574 4757 1640 4803 non
1661 4747 1775 4820 posset

977 4841 1142 4904 sustinere
1153 4835 1373 4914 frequentiam
1385 4837 1510 4914 populi,
1523 4838 1686 4915 judicium
1701 4859 1775 4919 pos·

975 4939 1125 5008 tutantis
1141 4934 1304 5006 tribunos
1321 4934 1544 5008 centuriones,
1562 4939 1595 4998 et
1607 4938 1773 5016 quinqua-

975 5035 1132 5114 genarios
1145 5033 1181 5094 in
1194 5029 1315 5110 populo
1330 5031 1507 5104 ordinavit,
1520 5034 1556 5094 ut
1567 5033 1632 5110 ipsi
1643 5035 1773 5100 minora

976 5129 1180 5196 solummodo
1200 5128 1402 5204 judicarent,
1424 5129 1464 5189 ad
1488 5145 1524 5191 se
1542 5146 1622 5192 vero
1644 5135 1771 5210 majora

975 5230 1108 5309 negotia
1119 5224 1297 5297 deferrent,
1310 5240 1384 5303 qum
1398 5225 1545 5303 quotidie
1559 5243 1620 5304 per
1634 5229 1771 5294 miseri-

975 5328 1122 5393 cordiam
1134 5322 1194 5386 Dei
1209 5321 1359 5384 iacimus.

1014 5425 1102 5489 Dicit
1124 5437 1204 5500 ergo
1227 5424 1315 5483 Deus
1336 5420 1437 5482 Pater
1462 5418 1523 5482 sub
1546 5437 1688 5499 persona
1709 5429 1773 5492 Za-

974 5523 1099 5589 cbariae
1117 5543 1125 5582 ι
1145 5519 1426 5595 assumpsimus
1445 5521 1564 5596 virgus
1584 5518 1696 5599 (Zacb.
1719 5543 1767 5602 11,

973 5625 1017 5700 7),
1033 5618 1129 5695 idest,
1143 5619 1262 5684 vocavi
1278 5616 1361 5680 duos
1382 5618 1549 5695 apostolos
1571 5619 1641 5685 sive
1655 5625 1770 5702 pasto-
