4234 6442
333 176 393 238 475

332 333 455 396 terales
481 331 638 404 existunt,
671 346 731 392 sno
764 329 941 407 specialius
972 331 1128 409 obsequio

333 429 513 509 deputavit,
535 428 655 507 quihus
672 445 733 490 sua
750 428 871 506 saepius
889 431 1015 492 secreta
1033 446 1128 492 com·
1151 473 1152 476 ,

333 528 508 590 municans
526 543 601 588 cum
615 527 698 604 ipsis
717 527 895 598 interdum,
917 529 950 588 et
963 527 1128 588 interdum

332 642 392 702 per
414 625 505 702 ipsos
529 624 564 684 in
589 622 817 700 spiritualibus
839 625 871 684 et
891 624 1128 700 temporalibus

332 722 534 799 exsequetur
541 721 632 782 vices
641 737 730 796 suas3
743 737 844 798 quum
854 721 957 798 igitur
966 721 1129 783 Albanen·

332 821 379 880 sis
391 819 537 882 civitatis
550 819 688 880 antistes
697 834 852 894 magnum
865 819 971 880 locum
982 819 1128 882 obtineat

332 1015 533 1084 nostrorum,
550 1014 584 1076 et
597 1013 836 1074 consuetudine
851 1013 1128 1090 apprehensae-

330 1127 430 1172 mano
441 1110 593 1173 Pontifici
609 1109 786 1171 familiaris
801 1125 931 1187 semper
942 1111 974 1172 et
988 1111 1128 1173 collate-

330 1208 413 1270 ralis
429 1207 561 1279 existat,
577 1208 609 1269 te
626 1207 681 1285 qui
696 1223 739 1268 ex
752 1207 926 1268 vocatione
948 1207 1059 1269 divina
1077 1209 1128 1269 oi-

330 1305 442 1367 vitatis
452 1304 557 1381 ipsius
568 1304 991 1367 cathedramoonsceudisti
1002 1307 1127 1382 specia-

328 1388 394 1464 liu‘s
423 1401 589 1462 honorare
618 1402 831 1478 proponimus
865 1402 897 1462 et
929 1403 964 1463 in
998 1403 1065 1464 tuis
1093 1405 1125 1465 te

329 1497 543 1578 petitionibus
558 1498 729 1558 exaudire.
742 1501 932 1577 Eapropter,
944 1500 1124 1561 venerahi-

328 1597 371 1657 lis
384 1595 487 1657 irater
496 1595 679 1667 inchristo,
688 1597 754 1656 tuis
764 1596 919 1673 precibus
928 1598 1122 1670 annuentes,

328 1693 368 1756 ad
384 1693 555 1770 exemplar
566 1692 674 1754 felicis
689 1693 929 1755 recordationis
940 1695 1124 1756 innocentii

327 1793 427 1868 Papae
442 1789 699 1868 praedecessoris
714 1789 820 1851 nostri
837 1790 1002 1853 civitatem
1018 1791 1122 1853 Alba-

326 1904 475 1957 nensem,
505 1903 579 1948 cum
605 1886 711 1964 burgo
734 1887 900 1955 Thermis,
926 1888 1038 1949 monte
1066 1889 1123 1966 qui

327 1987 449 2047 dicitur
460 1984 516 2046 Sol
526 1985 559 2066 et
569 1987 674 2057 Luna,
694 1983 834 2053 Palatio,
850 1986 883 2046 et
897 1986 1121 2063 omnibusap·

326 2082 488 2160 pendiciis
502 2081 581 2152 suis,
598 2081 718 2157 adjus,
732 2081 765 2142 et
780 2081 1013 2158 proprietatem
1028 2083 1122 2144 Sedis

250 2171 252 2176 ’
324 2179 523 2255 apostolicae
539 2177 790 2254 pertinentibus
811 2178 911 2239 immo
927 2179 1027 2240 etiam
1046 2197 1121 2241 oum

325 2275 500 2352 omnijure
514 2275 638 2346 nostre,
655 2275 723 2336 tam
739 2275 773 2335 in
789 2274 947 2336 comitatu
966 2277 1122 2339 ‹testeus-

324 2373 392 2445 nia,
411 2374 444 2434 ot
457 2373 600 2444 moneta,
617 2385 715 2448 quam
731 2371 946 2434 fidelitatibus
961 2374 994 2434 et
1009 2373 1119 2435 domi-

324 2471 380 2532 nio
410 2468 530 2531 tuturis
561 2466 701 2538 bannis,
736 2468 896 2545 placidis,
931 2470 1117 2547 plateatico,

323 2583 455 2644 guerra,
471 2581 562 2643 pace,
579 2565 685 2638 hoste,
706 2566 896 2638 catalonia,
917 2566 1118 2643 glandatico,

323 2664 504 2736 herbatico,
520 2663 699 2740 ruspatico,
724 2664 841 2740 pratis,
862 2664 981 2738 vineis,
1004 2681 1120 2728 nemo-

322 2761 425 2832 ribus,
440 2761 539 2823 lerris
550 2760 647 2821 cultis
660 2761 691 2821 et
699 2759 844 2832 incultis
859 2761 1120 2826 etaliismanua-

321 2859 409 2920 libus
431 2856 565 2928 nostris,
589 2855 659 2916 sive
678 2857 842 2928 interris,
865 2858 986 2920 sivein
1007 2861 1115 2937 aquis,

323 2957 356 3017 et
368 2958 445 3032 jure
459 2953 545 3030 quod
566 2952 725 3012 habemus
744 2953 780 3013 in
796 2953 947 3015 ecclesiis
969 2957 1117 3033 ejusdem

321 3050 466 3113 civitatis
480 3064 539 3125 pro
557 3048 679 3121 curatis
697 3049 779 3120 vini,
796 3050 829 3111 et
845 3051 873 3110 si
891 3068 965 3128 quae
984 3053 1051 3114 alia
1074 3055 1114 3116 ad

321 3147 447 3229 regalia
458 3146 582 3217 nostra,
599 3145 766 3222 pertinere
784 3147 976 3220 noscantur,
992 3149 1063 3222 tibi,
1083 3153 1117 3212 et

321 3241 567 3306 successoribus
594 3243 659 3303 tuis
687 3243 727 3305 de
757 3242 898 3305 fratrum
926 3247 1115 3308 nostrorum

320 3341 459 3404 consilio
481 3339 707 3412 concedimus,
721 3341 956 3403 confirmamus
974 3344 1008 3405 et
1028 3360 1116 3420 prae-

319 3439 422 3502 sentis
442 3437 557 3515 scripti
574 3436 750 3515 privilegio
770 3440 1023 3500 communimus.
1044 3444 1114 3504 De-

319 3537 487 3600 cernimus
511 3550 602 3611 erge,
628 3536 664 3597 ut
684 3535 768 3596 nulli
793 3537 928 3599 omnino
942 3537 1113 3600 hominum

318 3634 417 3697 liceat
431 3631 602 3710 praelatam
623 3632 843 3695 albanensem
863 3635 1038 3697 ecclesiam
1058 3637 1112 3700 te-

317 3747 408 3794 mere
424 3729 629 3808 perturbare,
642 3730 703 3791 etc.
720 3731 755 3791 Si
773 3747 838 3807 qua
853 3732 956 3808 igitur
968 3733 1002 3794 in
1018 3733 1112 3796 lutu-

316 3844 402 3899 rum,
419 3827 482 3887 etc.
498 3840 605 3899 usqzce
617 3827 754 3901 praemia
769 3830 903 3890 aeternae
917 3829 1009 3906 pacis
1024 3830 1114 3892 inve·

316 3925 421 3991 niant.
438 3927 553 3993 Amen,
568 3936 678 3992 amen,
695 3937 804 3983 amen.

351 4025 424 4098 Ego
443 4019 621 4089 Honorius,
639 4018 818 4082 Catholicae
838 4021 996 4084 Ecclesiae
1017 4024 1110 4101 epis-

315 4137 417 4198 copus
428 4116 620 4194 subscripsi.

355 4223 422 4295 Ego
437 4217 554 4287 (luido,
577 4215 802 4278 Praenestinus
818 4215 992 4294 episcopus
1019 4219 1109 4280 subs.

353 4321 426 4393 Ego
446 4313 616 4392 Cynthius,
646 4315 840 4376 Portuensis
868 4315 900 4377 et
925 4317 958 4378 S·
981 4318 1109 4379 Rullnae

311 4416 413 4493 episc.
431 4411 610 4488 subscrips.

352 4515 420 4588 Ego
446 4511 575 4580 Petrus,
602 4506 795 4584 sabinensis
816 4509 991 4586 episcopus
1017 4511 1107 4573 subs.

351 4611 420 4683 Ego
429 4609 506 4678 heo,
517 4605 566 4666 tit.
576 4604 989 4668 StlruoisinHierusalem
998 4609 1108 4684 presb.

312 4705 402 4770 card.
419 4703 508 4765 subs.

350 4807 419 4879 Ego
441 4799 616 4871 Robertus,
642 4797 692 4860 tit.
715 4801 748 4860 S.
774 4798 931 4876 Stephani
954 4799 990 4861 in
1005 4802 1107 4864 Gtelio

310 4898 421 4962 monte
436 4893 544 4975 presb.
562 4890 652 4954 card.
667 4891 846 4970 subscrips.

350 4998 419 5072 Ego
441 4992 634 5070 Gregorius,
658 4990 709 5052 tit.
734 4993 767 5052 S.
789 4991 974 5056 Anastasia
997 4994 1104 5071 presb.

310 5094 400 5157 card.
416 5091 595 5167 subscrips.

323 5195 418 5268 ,Ego
447 5190 652 5268 Stephanus,
678 5187 833 5252 Basilica
868 5189 930 5250 xil
956 5189 1102 5267 Apostol.

309 5287 417 5368 presb.
432 5287 522 5350 card.
540 5285 704 5362 subscrip.

321 5435 323 5440 .
350 5389 416 5462 Ego
437 5386 592 5458 Thomas,
608 5384 659 5447 tit.
684 5385 716 5444 S.
735 5383 866 5446 Sabinae
881 5383 991 5460 presb.
1011 5384 1101 5446 card.

309 5484 488 5560 subscrips.

950 173 1126 234 HONORII
1150 174 1195 234 111
1218 175 1366 236 OPERA.

1924 183 1987 240 476

1223 335 1290 410 Ego
1306 331 1411 394 Guido
1429 335 1462 395 S.
1477 332 1608 395 Nicolai
1627 333 1662 395 ln
1678 349 1812 398 carcere
1827 338 1985 402 Tulliano

1184 430 1343 494 diaconus
1353 429 1443 492 card.
1460 429 1639 508 subscrips.

1224 531 1291 605 Ego
1325 529 1535 590 Octaviamus
1561 532 1617 590 SS.
1650 531 1776 607 Sergii,
1802 533 1985 596 etBacchi

1183 625 1343 686 diaconus
1358 626 1448 687 card.
1465 626 1645 702 subscrips.

1222 727 1290 800 Ego
1329 724 1520 800 Gregorius,
1556 727 1589 786 S.
1618 725 1783 788 Theodori
1820 728 1985 792 diaconus

1158 804 1159 866 Ϊ
1183 821 1309 883 cardin.
1324 821 1503 898 subscrips.

332 916 493 979 intereos
512 918 545 978 et
563 931 606 977 ex
622 915 830 977 institutione
847 916 1126 992 praedecessorum
1158 897 1161 970 ἶ

1223 919 1291 994 Ego
1330 918 1528 997 Stephanus,
1566 920 1599 980 S.
1637 919 1776 982 Adriani
1818 921 1984 986 diaconus

1182 1015 1307 1077 cardin.
1323 1016 1504 1094 subscrips
1580 1057 1582 1064 ι

1221 1115 1289 1189 Ego
1308 1113 1563 1186 Alebrandinus,
1581 1117 1615 1176 S.
1632 1116 1802 1178 Eustachii
1817 1117 1983 1182 baconus

1181 1210 1271 1270 card.
1290 1210 1470 1288 subscrips.

1221 1309 1340 1370 Datum
1377 1309 1546 1370 Ferentini
1570 1324 1630 1386 per
1659 1327 1794 1374 manum
1818 1313 1983 1391 Repuerii

1182 1406 1339 1466 Romanae
1354 1405 1512 1467 Eccleslae
1524 1406 1794 1470 vicecancellarii
1802 1411 1846 1470 ix
1857 1411 1983 1472 Kalen-

1180 1500 1977 1580 dasaugusti,ind.V.,incarn.1)om.annol217,

1179 1599 1388 1676 pontificatus
1409 1615 1491 1663 vero
1507 1601 1646 1663 Honorii
1671 1605 1742 1680 Pap
1764 1606 1810 1665 Ill
1832 1621 1921 1667 anno
1936 1623 1976 1666 ll.

1458 1771 1607 1859 ‘III

1291 1915 1475 1989 Adranam
1493 1916 1858 1990 hierosolymitanum.

1475 2026 1509 2084 at
1523 2026 1574 2099 jn.
1593 2027 1672 2086 rau.

1178 2129 1306 2195 [Theium.
1318 2131 1385 2180 lton.
1396 2131 1540 2194 Hungarim,
1551 2134 1570 2191 l,
1584 2131 1608 2192 8,
1620 2149 1646 2184 n.
1663 2133 1706 2192 l3;
1726 2136 1851 2200 herbold,
1866 2137 1900 2186 sd
1910 2151 1972 2188 ann.

1275 2210 1335 2260 tall
1347 2231 1353 2269 ;
1371 2211 1423 2262 llas
1434 2212 1528 2272 Latris,
1543 2213 1609 2267 illst.
1620 2214 1770 2280 deChypre,
1782 2215 1813 2274 11,
1825 2215 1879 2281 abl

1176 2316 1293 2374 Mandat
1311 2319 1454 2376 llonorius
1466 2319 1527 2392 regi
1544 2319 1801 2394 Hierosolymiteno
1817 2323 1973 2382 mittendos
2091 2367 2092 2392 1

1210 2419 1275 2463 esse
1287 2406 1402 2464 nuntios
1415 2406 1529 2464 obviem
1544 2407 1706 2466 ebusitanis
1721 2409 1896 2484 principibus
1907 2427 1971 2470 cru-
2091 2411 2092 2494 l

1210 2495 1375 2568 casignatle,
1393 2494 1468 2568 apud
1482 2497 1604 2568 Cyprum
1617 2499 1863 2557 convenientibus.

1215 2612 1382 2672 Honorius
1395 2611 1580 2690 episcopus,
1590 2629 1705 2676 servus
1717 2631 1888 2678 servorum
1897 2619 1967 2692 Dei,

1174 2707 1347 2769 carissimo
1376 2709 1411 2770 in
1439 2709 1570 2772 Christo
1596 2711 1717 2773 dlio....
1748 2713 1869 2776 illustri
1897 2718 1969 2792 regi

1172 2804 1450 2882 ierosolymitano
1466 2807 1606 2868 salutem
1622 2810 1654 2870 et
1671 2810 1887 2887 apostolicam
1905 2813 1969 2874 be-

1172 2901 1405 2964 nedictionem.

1213 3001 1318 3070 Quum
1334 3000 1526 3062 carissimus
1548 3001 1583 3061 in
1606 3002 1736 3066 Christo
1754 3005 1880 3067 illius...
1896 3010 1969 3068 Un-
2091 2989 2092 3074 l

1170 3096 1274 3171 gariae
1303 3111 1364 3157 rex
1386 3097 1564 3160 illustris...
1588 3099 1656 3161 dux
1680 3103 1821 3164 nustriae
1843 3119 1883 3166 ac
1907 3105 1968 3168 alii

1171 3193 1265 3255 multi
1276 3195 1489 3270 magnateset
1500 3199 1728 3273 magnanimes
1739 3199 1771 3263 et
1784 3202 1965 3278 magnifici,
2091 3201 2092 3256 l

1170 3289 1211 3350 ad
1250 3290 1432 3352 subsidium
1464 3295 1576 3355 Terrae
1613 3297 1754 3368 Sanctae,
1782 3297 1967 3376 inspirante

1170 3387 1320 3462 Domino,
1350 3389 1549 3466 aspirantes,
1578 3391 1613 3452 in
1638 3395 1821 3456 Nativitate
1854 3398 1967 3459 Bautae

1169 3486 1296 3557 Mariae,
1319 3489 1387 3548 Deo
1405 3488 1560 3565 propitio,
1578 3491 1664 3568 apud
1680 3493 1822 3570 Cyprum
1848 3493 1965 3572 dispo-

1169 3583 1297 3645 suerint
1311 3585 1499 3659 oonvenire,
1517 3587 1553 3647 ut
1567 3589 1746 3650 secundum
1759 3590 1825 3652 tuae
1837 3591 1967 3653 discre-
2091 3631 2092 3636 κ

1168 3680 1268 3741 tionis
1283 3681 1458 3742 consilium
1473 3682 1508 3743 in
1521 3685 1653 3760 negotio
1671 3685 1794 3750 Christi
1812 3689 1964 3751 ordinate

1168 3778 1357 3854 procedant,
1384 3777 1470 3841 sicut
1490 3780 1577 3842 idem
1599 3797 1660 3843 rex
1680 3783 1747 3845 tuae
1773 3784 1965 3848 celsitudini
2091 3785 2092 3860 ζ

1167 3891 1227 3950 per
1247 3891 1325 3936 suas
1344 3876 1474 3939 litteras
1495 3876 1617 3940 dicitur
1635 3880 1794 3943 intimare
1814 3883 1963 3960 :regiam

1166 3973 1378 4034 serenitatem
1402 3989 1559 4050 rogamus
1578 3978 1611 4038 et
1632 3993 1802 4040 monemus
1826 3982 1961 4054 attente,
2091 3977 2092 4000 *

1166 4069 1328 4146 qnatenus
1350 4071 1436 4132 sicut
1457 4087 1591 4134 causam
1611 4074 1734 4137 Christi
1759 4077 1889 4150 zelaris,
1913 4081 1962 4140 eis

1166 4165 1245 4227 illuc
1258 4182 1318 4243 per
1330 4168 1363 4228 te
1377 4168 1431 4229 vel
1448 4170 1612 4232 solemnes
1630 4174 1764 4235 nuntios
1786 4191 1962 4238 occurrere

1165 4279 1231 4324 non
1247 4263 1390 4337 omittas,
1406 4266 1618 4344 impensurus
1641 4270 1765 4332 eisdem
1784 4276 1882 4350 prout
1902 4276 1961 4337 tua

1166 4361 1314 4424 noscitur
1336 4364 1526 4441 specialiter
1550 4366 1712 4430 interesse
1732 4370 1907 4432 consilium
1929 4376 1963 4435 et

1165 4460 1327 4523 auxilium
1352 4463 1583 4539 opportunum.
1599 4466 1717 4527 Datum
1731 4468 1900 4531 Ferentini
1916 4473 1962 4533 lx

1165 4557 1232 4618 kal.
1246 4559 1324 4635 julii
1338 4559 1550 4636 pontificatus
1565 4563 1670 4625 nostri
1690 4578 1778 4626 anno
1801 4567 1960 4630 secundo.

1531 4722 1587 4810 IV

1225 4863 1278 4921 Ad
1295 4865 1504 4938 manistram
1520 4866 1553 4926 et
1567 4867 1700 4940 fratres
1714 4870 1892 4946 nmpttmtr

1263 4993 1270 5002 -
1399 4963 1717 5038 Hierosotpmttoot.

1459 5073 1493 5131 25
1505 5075 1556 5147 jul.
1570 5076 1648 5133 1217.

1299 5175 1395 5240 [Pauli.
1405 5175 1467 5228 Cod.
1479 5178 1623 5243 diplomat..
1634 5181 1719 5242 1310,
1733 5198 1759 5234 n.
1770 5183 1809 5235 lo.

1159 5275 1296 5348 Magistro
1316 5283 1344 5332 et
1358 5273 1492 5334 iratribus
1513 5276 1662 5351 hospitalis
1677 5282 1876 5356 llaymuudum
1896 5288 1957 5345 llu-

1212 5363 1270 5437 pini
1299 5363 1456 5438 principem
1479 5365 1691 5425 antiochenum
1709 5371 1900 5431 commendat.

1197 5480 1366 5542 Honorius
1407 5481 1593 5561 episcopus,
1632 5501 1749 5548 servus
1783 5503 1957 5554 servorum
