4214 6400
129 251 191 316 aci
317 251 434 314 xuni
449 281 491 298 -
505 253 550 314 ιιι
565 229 700 316 ἰιιιο
721 253 1031 316 courussonuu
1053 203 1300 316 suuuoauu
1321 251 1591 314 rourlmeuu.

130 413 198 486 est,
211 411 268 477 cul
280 412 392 476 clares
405 412 561 476 lloclaslae
574 413 833 488 committuntur,
850 413 927 492 quia

127 511 200 574 tam
214 527 274 589 pro
288 527 325 572 se
340 527 443 602 quam·
461 528 521 589 pro
536 512 661 590 populo·
671 512 813 589 vigilare
829 513 927 574 teno-

129 611 185 670 tur
200 609 275 672 :cui
295 609 448 672 dicitura
463 611 603 672 Domino
624 626 689 687 per
705 611 926 688 Prophetam:

126 710 167 768 st
190 723 260 770 neon
282 707 549 770 obsonatorem
577 708 929 784 tnwnotntputtotcm

125 821 241 873 sicma,
250 809 459 881 ammonem
470 808 546 877 ojus
559 809 601 868 dc
615 821 723 868 mono
736 807 796 868 too
805 809 927 880 reptet-

127 919 209 964 ram
219 901 351 982 (Ezech.
368 919 419 975 111,
436 901 501 981 18).

170 1001 339 1064 Pastores
348 1005 443 1062 onim
454 1001 690 1064 custodiebant
704 1003 842 1078 stadios
853 1015 929 1063 noc

128 1098 176 1160 tis
190 1113 298 1174 super
317 1113 461 1176 gregem
477 1114 581 1162 suom
599 1097 693 1178 (Luc.
710 1115 747 1168 n,
766 1097 814 1178 8).
834 1099 929 1176 Vigi-

127 1195 197 1258 late
208 1210 298 1272 orgo,
308 1196 386 1274 quia
401 1195 490 1258 beati
503 1197 580 1258 sunt
591 1197 843 1275 serriilli,quos
854 1213 928 1259 cum

127 1293 261 1356 venerit
283 1293 444 1356 Dominus
469 1295 636 1356 invenerit
660 1294 847 1371 vigilantes.
860 1297 928 1356 Has

128 1395 274 1468 quatuor
287 1391 422 1468 vigilias
434 1391 601 1454 custodire
612 1391 733 1455 nobem
746 1391 929 1470 prolatius

127 1489 164 1550 in
179 1505 281 1565 grege
302 1489 479 1552 commisso
491 1489 566 1562 sibi,
585 1505 627 1552 ue
646 1491 753 1568 pueri,
773 1493 926 1569 Juvenes,

127 1601 240 1659 senes,
258 1586 417 1664 decrepiti
431 1590 535 1648 Deum
552 1587 731 1650 offendant.
750 1590 829 1661 Quae
845 1604 930 1666 qua-

126 1685 206 1746 tuor
226 1685 302 1746 ideo
327 1685 588 1762 distinguuntur,
606 1687 643 1748 ιιι
663 1686 692 1748 si
705 1687 779 1764 quis
797 1687 927 1748 dormi-

126 1782 253 1844 taverit
269 1781 304 1843 in
328 1783 446 1859 prima,
467 1783 583 1858 vigilet
601 1783 636 1844 in
656 1784 824 1859 secunda,
840 1785 870 1844 si
892 1784 928 1845 in

127 1881 287 1952 sacuam,
304 1880 419 1956 vigilo
433 1865 593 1954 ln'teroa,
608 1881 927 1944 eloicat=«oollcta

122 1978 327 2055 juventutis,
350 1979 405 2041 rol
433 1979 628 2053 senectutis,
659 1979 692 2042 et
719 1980 927 2056 ignorantias

126 2091 221 2138 meas
234 2091 277 2138 ne
290 2077 492 2149 memineris,
506 2078 656 2140 Domine.
672 2095 693 2140 s
710 2078 745 2138 si
759 2078 794 2140 in
809 2079 928 2156 quarta

125 2173 928 2254 dicatsequatriduanum,etjamtoemreDebent

125 2271 230 2333 etiam
260 2272 391 2349 praelati
415 2273 559 2350 vigilare
586 2289 647 2350 per
671 2273 863 2346 vindictam,
893 2275 929 2336 ut

124 2369 299 2432 vindicent
312 2385 372 2448 per
384 2371 547 2448 justitiam
561 2371 681 2434 delicta
695 2372 730 2433 in
745 2387 781 2434 se
796 2372 829 2434 et
843 2371 927 2434 sub-

62 2521 67 2529 .
125 2466 207 2528 ditis
221 2488 229 2542 ;
251 2467 330 2545 quia
345 2469 382 2529 ut
395 2469 443 2530 ait
456 2469 633 2532 Psalmista
651 2491 658 2530 :
680 2471 801 2532 Ιιιιιιιι
814 2473 928 2532 Domi-

126 2580 209 2638 nus,
223 2567 403 2639 justitiam
416 2569 575 2629 diescit...
590 2567 660 2647 (Ps.
677 2570 727 2640 10,
743 2566 791 2647 8.)
806 2568 927 2628 Melius

125 2661 218 2724 enim
245 2661 300 2724 hic
327 2663 446 2740 punire
472 2681 571 2742 quam
597 2665 744 2727 futurum
763 2664 927 2743 judicium

127 2760 323 2837 expectare3
336 2761 425 2839 quia,
437 2761 473 2824 ut
483 2762 607 2826 Paulus
619 2764 667 2824 ait
681 2785 689 2823 z
701 2767 927 2826 Horrcndnm

128 2857 197 2938 ιιι,
219 2861 372 2923 ιιιιιιιινι
392 2863 429 2920 tn
447 2875 573 2924 monus
604 2863 744 2923 Domini
775 2862 927 2923 vibentis

127 2953 243 3034 (Hebr.
262 2973 296 3028 x,
323 2955 388 3035 31).
406 2959 473 3020 Vos
499 2958 599 3019 etiam
623 2957 758 3026 subditi,
783 2958 926 3034 vigilare

127 3053 257 3115 debetis
272 3070 332 3132 per
345 3055 609 3118 misericordiam
619 3056 781 3132 proximis
795 3057 927 3134 impen-

127 3150 282 3226 dendam,
299 3153 390 3230 quia,
406 3153 442 3215 ut
453 3153 574 3216 dicitur
588 3155 624 3216 in
648 3153 793 3231 Epistola
819 3169 925 3216 cauo-

126 3250 205 3310 nica
226 3271 234 3310 ε
259 3251 361 3322 «Qui
388 3250 544 3313 habuerit
574 3251 792 3314 substantiam
826 3252 926 3330 hujus

126 3365 145 3408 s
169 3347 294 3420 mundi,
310 3349 343 3410 et
355 3349 476 3412 viderit
490 3348 626 3412 bahem
638 3366 735 3410 suum
748 3351 927 3413 necessita·

125 3461 146 3506 ‹
167 3445 234 3508 ιιιιι
256 3444 392 3520 habere,
413 3447 447 3508 et
468 3447 626 3509 clauserit
648 3448 778 3509 viscera
797 3462 858 3510 sua
884 3447 926 3509 ab

125 3560 146 3605 ‹
167 3559 220 3616 eo,
233 3544 396 3622 quomodo
416 3545 563 3607 charitas
578 3545 638 3608 Dei
653 3548 766 3609 manet
784 3545 820 3607 in
841 3561 881 3607 ιο
893 3563 924 3608 ι.

4 3696 9 3704 .
128 3641 159 3721 (Ι
173 3645 268 3704 Ιιοιιι.
289 3659 339 3716 ιιι,
360 3640 426 3721 17.)
452 3643 554 3714 Quasi
581 3643 671 3705 dicat
686 3665 693 3703 :
710 3659 777 3706 non
802 3643 924 3706 manet.

125 3741 247 3801 Nonne
260 3739 334 3817 ipse
348 3739 428 3803 dicit
438 3739 473 3801 in
483 3741 663 3817 Evangelio
678 3761 686 3802 ε
701 3744 796 3808 Οιιοιι
805 3745 867 3803 tint
879 3756 926 3803 ec

125 3839 284 3902 minimis
295 3841 382 3900 meis
395 3839 538 3912 sectatu,
551 3843 638 3900 mint
646 3839 777 3914 socotts
792 3836 922 3918 (Matth.

125 3933 287 4014 unm).
315 3937 434 3998 Nonne
456 3936 527 4014 ipse
555 3936 660 3998 multa
684 3935 843 3998 sustinuit
866 3953 925 4013 pro

124 4031 236 4106 vobis,
250 4035 284 4095 et
297 4049 356 4095 vos
368 4033 453 4094 nihil
467 4034 570 4096 vultis
593 4033 759 4096 sustinere
781 4049 842 4112 pro
868 4035 926 4096 aot

125 4131 253 4203 Noli,o
274 4131 384 4204 homo,
410 4131 527 4193 timere
552 4131 669 4208 frigus,
686 4132 720 4194 et
744 4131 926 4194 nuditatem

127 4229 295 4292 ιιιιιιιιιι
308 4245 367 4306 pro
378 4229 521 4302 Christo,
530 4231 695 4307 quoniam,
705 4230 845 4292 mortale
862 4231 925 4293 hoo

126 4327 244 4389 induet
265 4326 558 4390 immortalitatem.
579 4327 657 4390 Noli
685 4329 784 4390 etiam
808 4329 925 4391 timere

126 4441 188 4502 pro
203 4425 333 4487 Christo
346 4425 512 4488 sustinere
523 4424 645 4488 tamem
660 4426 718 4487 aut
730 4425 830 4498 sitim,
847 4427 925 4504 quia

127 4538 204 4584 eum
235 4522 403 4586 transiens
434 4522 648 4596 ministrabit,
674 4522 926 4586 inestimabiles

126 4619 266 4682 delicias
279 4619 349 4682 suis
364 4619 517 4682 fidelihus
530 4620 710 4694 exhibebit,
721 4636 794 4697 quae
802 4623 926 4699 quanto

126 4718 271 4796 amplius
294 4718 526 4794 gustabuntur,
551 4720 645 4781 tanto
673 4719 804 4781 aridius
819 4725 925 4797 appe-

126 4817 251 4888 tentur,
268 4831 307 4878 oo
320 4816 406 4894 quod
419 4816 560 4892 gustatae
575 4832 643 4878 non
657 4816 816 4893 ingerunt
824 4815 924 4882 tasti-

126 4914 231 4986 dium,
248 4914 304 4976 sed
321 4914 456 4992 pariunt
468 4913 679 4976 desiderium.

167 5011 262 5074 Nihil
301 5011 431 5074 dulcius
468 5027 567 5088 quam
590 5024 791 5088 cognoscere
822 5015 925 5075 Deum

125 5111 240 5172 uirum
260 5110 293 5171 ιι
315 5125 441 5170 varum.
465 5109 559 5170 Nihil
581 5107 815 5172 delectabilius
827 5117 925 5188 quam

126 5207 266 5270 laudare
292 5209 395 5270 Deum
422 5206 611 5268 Creatorem
638 5208 671 5268 ιι
706 5208 923 5270 saluatorem.

127 5307 270 5383 Propter
281 5305 344 5366 hoc
363 5302 532 5366 ineffabile
546 5303 672 5366 honum
685 5304 766 5368 dicit
779 5307 925 5384 Aposto-

126 5405 200 5464 lus:
216 5406 296 5466 Non
322 5404 405 5464 sunt
427 5407 605 5481 condignae
621 5406 802 5478 passiones
824 5407 926 5477 bonus

127 5503 296 5576 temporis
309 5503 354 5561 ad
372 5501 530 5574 mirram
544 5503 692 5578 nimiam
706 5516 783 5576 noce
792 5507 927 5565 recem·

126 5599 223 5662 bitnr
248 5603 285 5664 tn
306 5601 402 5662 nobis
419 5596 528 5677 (Rom.
558 5615 629 5672 vnn,
648 5597 715 5680 18),
730 5599 762 5660 in
778 5613 842 5682 qua
863 5599 927 5662 erit

1720 255 1781 317 362

982 413 1050 476 rita
1061 413 1134 474 sino
1149 413 1265 486 morte,
1282 412 1353 475 dles
1380 412 1453 475 sine
1466 413 1574 485 nocte,
1588 413 1682 478 certe
1705 413 1779 476 slne

981 510 1157 586 fortsrubi
1172 510 1409 574 eritsecurltas
1421 511 1493 573 sine
1508 511 1639 582 timore,
1656 513 1782 589 jucun-

983 607 1069 670 ditas
1082 609 1155 670 sine
1168 607 1292 680 dolore,
1313 609 1538 686 tranquillitas
1558 610 1630 670 sine
1654 608 1779 672 labore.

985 705 1047 767 Uhi
1061 707 1126 767 erit
1137 705 1348 783 pulchritudo
1364 707 1438 767 sine
1462 707 1681 780 deformitate,
1708 707 1781 769 lor-

983 803 1088 865 titudo
1100 805 1174 866 sine
1188 803 1368 877 debilitate,
1385 805 1547 867 rectitudo
1563 807 1635 868 sine
1645 821 1783 883 perver-

983 901 1091 975 sitate,
1109 901 1165 962 ubi
1180 903 1244 964 erit
1257 902 1389 964 bonitas
1413 903 1486 964 sine
1501 904 1641 976 malitia,
1658 905 1782 966 veritas

983 999 1056 1060 sine
1090 999 1241 1072 fallacia,
1271 999 1414 1063 felicitas
1441 1001 1514 1062 sine
1540 1002 1688 1063 miseria.
1720 1001 1782 1064 Ubi

983 1087 1047 1159 orit
1069 1097 1227 1172 gaudium
1255 1097 1343 1175 quod
1368 1114 1431 1160 nec
1459 1099 1574 1161 oculus
1600 1099 1693 1174 vidit,
1721 1115 1783 1160 nec

983 1194 1075 1256 auris
1090 1195 1227 1268 audivit,
1244 1211 1306 1257 nec
1329 1195 1365 1257 in
1389 1212 1447 1258 cor
1459 1197 1605 1260 hominis
1620 1197 1780 1260 ascendit.

1022 1291 1270 1354 Debetisetiam
1294 1309 1354 1370 por
1377 1295 1560 1357 custodiam
1573 1295 1678 1358 vestri
1690 1295 1782 1372 rigi-

983 1390 1064 1450 lare.
1090 1391 1195 1462 Quam
1218 1390 1401 1454 custodiam
1427 1392 1603 1462 hahebitis,
1621 1393 1650 1454 si
1679 1394 1783 1455 sobrii

983 1485 1123 1550 fueritis.
1141 1489 1235 1550 Unde
1244 1489 1361 1551 Petrus
1376 1493 1507 1552 :sobrii
1521 1489 1629 1552 estote
1643 1492 1677 1553 et
1693 1495 1783 1568 nipt-

983 1586 1051 1648 totc
1063 1589 1100 1648 in
1112 1588 1361 1649 orationibus...
1380 1587 1409 1669 (l
1419 1589 1490 1650 Pet
1504 1605 1536 1660 r,
1550 1587 1583 1668 8)
1598 1611 1607 1664 3
1625 1605 1685 1666 per
1698 1591 1778 1652 νιιι-

983 1682 1106 1745 dictam
1120 1684 1314 1762 castigando
1329 1701 1450 1763 corpus
1468 1689 1627 1756 restrum,
1641 1687 1727 1750 unde
1744 1689 1779 1749 in

985 1782 1238 1844 Ecclesiastico:
1261 1787 1381 1860 l'tpttto
1395 1786 1584 1847 borrestotts
1600 1787 1781 1861 tabefaciet

981 1895 1117 1952 carnes,
1133 1881 1166 1941 et
1182 1881 1351 1957 cogitatus
1366 1883 1456 1944 illinis
1471 1883 1607 1956 auferet
1621 1898 1783 1945 omentum

983 1972 1207 2054 (Ecolixxxl,
1226 1975 1269 2055 1).
1296 1976 1389 2038 Nihil
1412 1978 1586 2040 honestius
1606 1981 1657 2040 est
1682 1995 1781 2056 quam

982 2089 1117 2136 carnem
1128 2076 1304 2151 castigare.
1321 2079 1387 2138 Per
1408 2077 1520 2138 carnis
1530 2077 1782 2153 castigationem

982 2173 1153 2236 evanescit
1163 2175 1294 2237 vanitas
1308 2173 1433 2236 mundi.
1446 2175 1485 2236 at
1499 2175 1547 2237 sio
1562 2178 1649 2236 Deus
1664 2176 1782 2251 vigilat

981 2269 1089 2332 tribus
1105 2270 1225 2344 modis,
1242 2273 1275 2334 et
1289 2272 1388 2334 homo
1400 2271 1506 2334 tribus
1522 2274 1638 2335 modis.
1653 2273 1782 2350 Vigilat

981 2369 1121 2444 angelus
1140 2368 1268 2432 duobus
1299 2369 1406 2432 modis
1433 2370 1655 2433 ministerium
1682 2388 1779 2433 suum

982 2466 1779 2543 exsequendo,etnoscontrahostosdetendendo.

981 2563 1107 2639 Vigilat
1128 2567 1240 2626 autem
1274 2565 1414 2640 angelus
1443 2567 1476 2626 et
1507 2582 1604 2627 suum
1631 2567 1778 2628 osticium

981 2662 1186 2738 exsequitur,
1198 2664 1234 2724 ut
1243 2663 1285 2724 ad
1296 2678 1355 2724 nos
1366 2661 1546 2726 descendat
1555 2665 1587 2726 ot
1595 2663 1782 2741 dispositio·

982 2758 1218 2822 nemdivinam
1233 2759 1329 2822 nobis
1349 2762 1516 2837 suggerat.
1542 2761 1637 2824 Unde
1662 2763 1781 2825 Daniel

981 2856 1030 2918 ait
1043 2857 1084 2918 de
1100 2857 1219 2934 angelo
1232 2879 1239 2919 ι
1252 2862 1338 2922 liceo
1352 2860 1633 2934 conuersationis
1643 2863 1684 2923 de
1698 2867 1781 2924 clato

980 2957 1153 3018 descendit
1168 2954 1265 3035 (Dan.
1281 2973 1326 3028 iv,
1344 2955 1408 3036 10).
1422 2957 1549 3034 Vigilat
1561 2958 1661 3020 eham
1676 2975 1782 3035 ange-

981 3052 1045 3126 lus,
1069 3054 1103 3115 et
1130 3069 1191 3115 nos
1216 3055 1331 3116 contra
1358 3055 1471 3124 hostes
1497 3054 1656 3117 defendit.
1688 3056 1779 3119 Unde

981 3151 1059 3228 quia
1071 3167 1132 3212 nos
1143 3151 1299 3225 defendit,
1311 3151 1447 3214 etnobis
1458 3153 1675 3231 principatur,
1689 3155 1780 3231 prin·

981 3265 1059 3327 ceps
1084 3251 1199 3313 noster
1215 3251 1348 3313 dicitur.
1364 3250 1459 3313 Unde
1473 3251 1508 3313 in
1521 3253 1662 3314 Daniele
1678 3273 1685 3314 :
1699 3257 1776 3314 Aa·

979 3353 1075 3423 petus
1098 3351 1161 3410 sub
1185 3351 1318 3411 cisione
1342 3353 1491 3412 timoniis
1504 3351 1703 3412 ortamno
1724 3353 1777 3413 est

980 3446 1121 3518 abutor
1133 3461 1243 3518 awos,
1271 3448 1341 3508 atsi
1359 3449 1514 3518 Mwbacl,
1527 3451 1781 3521 pnrwcpsocs-

981 3544 1037 3604 ιιι·
1052 3540 1149 3622 (Dan.
1166 3559 1199 3616 x,
1215 3543 1281 3623 21).
1298 3545 1452 3619 Pugnant
1463 3543 1565 3606 otiam
1578 3545 1689 3620 angeli
1700 3545 1778 3606 honi

981 3639 1098 3702 conha
1125 3641 1242 3713 malos,
1268 3641 1347 3718 quia
1382 3641 1523 3718 quilibet
1555 3641 1653 3704 homo
1680 3641 1781 3706 habet

981 3754 1084 3799 unum
1096 3739 1253 3815 angelum
1263 3737 1304 3799 ad
1318 3755 1413 3800 suam
1432 3737 1670 3813 detonsionem,
1682 3741 1780 3803 etal-
1901 3749 1904 3756 ’

980 3836 1088 3898 terum
1114 3834 1156 3896 ad
1182 3852 1277 3897 suam
1301 3837 1572 3913 impugationem.
1588 3839 1671 3898 Cum
1698 3854 1779 3915 ergo

981 3933 1147 4012 umquam
1158 3934 1246 4011 pigri
1254 3933 1480 4008 dormitemus,
1490 3951 1645 4012 rogemus
1661 3938 1776 4010 Deum,

980 4046 1135 4108 rogemus
1156 4033 1305 4109 angelos,
1326 4033 1364 4095 ut
1381 4033 1446 4110 ipsi
1469 4033 1611 4110 vigilare
1636 4051 1698 4097 nos
1721 4035 1777 4096 ιι-

980 4128 1081 4203 ciani,
1102 4131 1182 4209 quia
1203 4130 1332 4208 angelis
1356 4131 1426 4192 suis
1446 4133 1533 4193 Deus
1550 4131 1721 4194 mandavit
1737 4133 1778 4194 de

980 4227 1087 4300 nobis,
1103 4229 1132 4290 si
1154 4244 1287 4305 paruos
1303 4245 1369 4290 non
1383 4228 1521 4300 steterit,
1540 4228 1576 4290 ut
1590 4229 1779 4292 custodiant

981 4341 1042 4387 nos
1061 4326 1097 4387 in
1113 4325 1267 4388 omnibus
1286 4325 1351 4387 viis
1371 4325 1506 4388 nostris.
1520 4326 1647 4403 Vigilat
1662 4326 1780 4389 diabo-

981 4423 1033 4484 lus
1048 4439 1108 4500 per
1132 4439 1168 4485 se
1182 4424 1216 4485 ιι
1237 4422 1384 4484 membra
1409 4439 1470 4484 sua
1490 4423 1531 4484 ad
1546 4424 1777 4502 decipiendum

981 4523 1015 4583 et
1035 4520 1219 4584 nocendum
1245 4521 1351 4584 nobis.
1376 4521 1469 4584 Unde
1489 4523 1537 4586 ait
1555 4525 1673 4586 Petrus
1690 4545 1698 4584 ι
1714 4527 1779 4587 So-

981 4623 1047 4682 brit
1070 4621 1177 4682 estote
1205 4621 1238 4682 et
1254 4621 1394 4698 vtpmte
1406 4624 1443 4682 to
1457 4623 1681 4695 orationibus,
1696 4628 1778 4699 puto

979 4721 1206 4780 adversarius
1229 4719 1346 4781 vester
1359 4721 1512 4782 dwbottis
1532 4722 1668 4793 circuit,
1683 4736 1779 4796 oua-

980 4831 1063 4878 reos
1077 4831 1179 4890 onem
1192 4817 1345 4888 devoret,
1365 4820 1421 4878 cut
1443 4819 1597 4880 recolite
1617 4820 1726 4894 sortes
1741 4824 1779 4882 in

979 4916 1046 4986 fide
1071 4916 1100 4992 (l
1132 4915 1201 4976 Pet.
1229 4931 1261 4986 v,
1288 4913 1334 4992 8).
1367 4915 1407 4976 st
1428 4914 1546 4977 beatus
1569 4919 1775 4994 Gregorius:

980 5028 998 5071 s
1020 5011 1140 5072 Nullus
1154 5011 1190 5072 in
1205 5011 1269 5074 hac
1281 5011 1524 5088 vitajustorum
1535 5015 1778 5091 venit,quinon

980 5109 1109 5186 annoni
1121 5109 1228 5170 hostis
1243 5108 1385 5170 insidias
1406 5125 1526 5186 passus
1541 5111 1594 5172 sit.
1607 5128 1626 5172 a
1650 5114 1689 5174 ut
1704 5113 1779 5175 ideo

980 5222 1191 5284 summopere
1199 5207 1341 5284 vigilare
1355 5205 1512 5268 debemus
1527 5224 1569 5270 ne
1583 5224 1657 5270 cum
1671 5226 1710 5272 eo
1722 5213 1780 5273 aut

980 5303 1198 5382 complicibus
1231 5307 1304 5384 ejus
1339 5305 1543 5367 consortium
1576 5305 1777 5382 habeamus,

981 5405 1058 5482 quia
1074 5403 1133 5464 alii
1148 5403 1205 5480 qui
1229 5403 1308 5465 sunt
1326 5401 1473 5464 membra
1492 5403 1617 5466 diaboli
1632 5404 1728 5467 bonis
1743 5423 1780 5469 se

980 5501 1159 5574 associant,
1176 5503 1213 5564 ut
1231 5517 1288 5563 eos
1303 5516 1443 5579 peccare
1457 5500 1583 5564 iaciant
1597 5504 1664 5565 eta
1689 5507 1779 5569 recta

981 5600 1036 5662 via
1048 5601 1272 5680 supplantent.
1290 5599 1384 5663 Unde
1398 5601 1433 5662 in
1451 5600 1643 5665 Proverbiis
1659 5603 1781 5668 dicitur
