4200 6394
296 248 354 312 151
391 319 393 322 ,
764 236 941 302 HONORII
962 235 1008 302 111
1029 229 1477 314 orsam-saumones.
1936 224 1994 286 152
2081 285 2082 288 ,

295 407 407 470 sumu
433 398 678 467 testamentum
706 395 1096 473 33333333331333
1149 394 1215 465 133,
1232 390 1392 469 etjugum
1407 387 1530 451 Christi
1543 387 1716 466 suscipiat,
1734 385 1792 450 de
1811 397 1893 463 quo
1910 381 1993 447 dicit

299 503 370 584 (Ρ3.
388 503 440 572 40,
459 500 524 581 10).
540 502 622 561 Cum
640 497 670 559 is
690 496 747 576 qui
761 494 914 572 displicet
929 493 971 554 ad
990 493 1097 555 inter-
1150 488 1367 565 Evangelium
1391 507 1398 548 3
1423 491 1556 564 lupum
1580 489 1674 548 33133
1698 499 1843 548 meum
1877 497 1993 544 33333
2080 522 2081 525 ,

298 599 481 664 cedendum
503 597 655 665 mittitur,
679 595 757 658 irati
775 593 906 655 animus
935 591 976 652 33
996 591 1095 652 dete·
1150 587 1249 649 33131
1264 601 1351 647 onus
1366 581 1722 662 33331333(Μ3111.
1746 578 1993 658 3329113-
2080 576 2081 587 ’

297 700 389 762 31333
411 695 724 774 provocatoriam
747 690 924 769 cujusvita
947 689 1095 774 despici·
1147 682 1250 745 ducat
1264 699 1344 760 ergo
1366 681 1522 744 sacerdos
1539 681 1681 743 vitulum
1695 681 1735 742 ad
1771 678 1927 740 ostium
1940 679 1993 738 ta-

299 797 364 868 tur,
388 795 492 857 restat
506 795 543 855 ut
560 795 632 870 atus
647 789 839 869 praedicatio
854 787 1094 849 contemnatur.
1150 779 1322 842 bernaculi
1341 795 1400 857 per
1424 780 1492 841 oris
1514 778 1784 850 confessionem,
1813 775 1856 837 31
1884 777 1992 854 ponat

339 892 398 952 Vae
418 889 475 961 iis,
492 889 549 965 qui
563 885 683 948 debent
696 899 770 945 3333
789 883 840 945 331
854 885 963 955 13333,
977 881 1007 941 31
1021 880 1098 941 133-
1151 893 1286 938 33333
1296 893 1396 955 super
1408 877 1506 954 caput
1521 879 1593 954 ejus
1606 891 1665 954 per
1677 875 1802 953 operis
1822 871 1991 933 33113133·

302 1003 401 1065 quam
424 985 473 1047 sal
487 984 686 1046 infatuatum
705 981 918 1052 evanescunt,
935 978 976 1040 ab
989 977 1098 1039 bomi-
1150 975 1286 1048 tionem,
1307 975 1341 1037 et
1361 975 1509 1037 immolat
1523 990 1598 1035 eum
1614 972 1757 1035 Domino
1776 985 1855 1048 per
1869 969 1987 1032 cordis

202 1147 203 1150 ,
301 1083 364 1146 bus
389 1083 466 1145 sunt
488 1079 726 1154 conculcandi3
756 1095 805 1140 33
834 1077 876 1139 113
902 1077 959 1155 qui
979 1075 1098 1137 debent
1151 1073 1397 1144 contritionem,
1421 1073 1458 1134 31
1472 1071 1618 1133 diluatur
1630 1071 1819 1149 paccatum
1839 1067 1988 1142 cogita-

299 1197 376 1243 esse
397 1181 457 1242 lux
475 1178 599 1252 mundi,
625 1177 655 1238 si
677 1177 712 1238 in
739 1176 923 1238 exteriores
942 1172 1097 1235 tenebras
1151 1171 1252 1232 tionis
1266 1171 1302 1231 in
1318 1169 1427 1244 corde,
1449 1170 1621 1247 peccatum
1635 1166 1833 1230 locutionis
1851 1165 1894 1226 in
1912 1181 1985 1239 ore,

301 1279 380 1340 sunt
405 1276 576 1352 mittendi;
603 1291 655 1337 33
679 1270 930 1335 successoribus
956 1269 1100 1348 133313-
1152 1271 1323 1346 peccatum
1359 1268 1563 1346 operationis
1592 1267 1627 1328 13
1661 1281 1778 1342 opere.
1817 1263 1987 1326 Adducet

301 1373 420 1448 lorum,
438 1374 467 1435 si
481 1371 683 1434 mercenarii
692 1371 771 1432 sunt
785 1369 936 1444 dicendi3
952 1383 1003 1430 33
1020 1381 1099 1444 pas·
1153 1381 1232 1443 ergo
1247 1365 1414 1438 sacerdos,
1432 1364 1474 1426 ad
1489 1365 1609 1427 ostium
1622 1363 1865 1434 tabernaculi,
1891 1361 1986 1424 vitu-

301 1471 431 1534 toribus
453 1465 576 1542 ovium,
598 1469 628 1530 31
651 1469 739 1530 13133
759 1466 875 1528 boedos
895 1466 973 1528 sunt
989 1464 1097 1527 collo·
1153 1465 1232 1526 lum.
1254 1467 1320 1525 Per
1333 1462 1584 1526 tabernaculum
1599 1461 1834 1537 intelligimus
1854 1475 1985 1536 corpus

305 1567 422 1642 candi3
438 1582 491 1629 33
513 1564 695 1627 cultoribus
718 1565 837 1637 31333,
860 1563 890 1624 31
911 1579 986 1625 333
1001 1561 1098 1623 33113
1152 1561 1270 1638 inquo
1290 1561 1469 1624 secundum
1488 1558 1682 1637 Apostolum
1701 1557 1983 1636 peregrinamur

305 1663 463 1741 agricolis
478 1664 556 1726 sunt
568 1662 743 1741 pendendi3
759 1678 811 1724 33
819 1661 981 1739 operariis
992 1660 1100 1721 domi·
1154 1674 1172 1720 a
1188 1660 1339 1720 Domino.
1362 1658 1515 1721 Proiecto
1534 1673 1594 1735 per
1608 1657 1729 1719 ostium
1744 1654 1982 1718 tabernaculi

304 1762 390 1824 nicae
405 1756 1097 1838 333313313333313333313333333333
1154 1755 1310 1818 debemus
1342 1772 1380 1817 os
1406 1756 1555 1833 corporis
1583 1755 1794 1830 intelligere,
1832 1753 1881 1815 de
1912 1769 1978 1830 quo

301 1875 353 1921 33
380 1857 602 1936 piscatoribus
629 1857 813 1930 bominum,
843 1857 872 1918 si
899 1872 974 1918 cum
1002 1855 1100 1916 malis
1154 1852 1234 1914 dicit
1249 1853 1427 1916 psalmista
1441 1875 1449 1914 :
1462 1857 1569 1925 Pone,
1587 1856 1742 1924 11333133,
1761 1852 1980 1912 custodiam

303 1955 450 2034 piscibus
465 1958 541 2017 sunt
555 1955 644 2016 13333
661 1954 830 2031 mittendi3
854 1971 904 2016 vae
922 1952 1099 2029 clavigeris
1154 1952 1532 2023 3313333,31331333
1558 1949 1846 2012 circumstantias
1873 1950 1977 2010 130113

301 2037 398 2130 reg'ni
410 2053 567 2122 33133113,
581 2053 611 2114 31
622 2068 697 2113 333
712 2051 893 2113 habuerint
903 2051 1100 2128 potestatem
1153 2051 1242 2110 33313
1262 2047 1332 2127 (Ρ3.
1358 2051 1427 2122 140,
1455 2046 1500 2129 3).
1525 2048 1574 2109 Ad
1595 2047 1660 2108 1133
1683 2047 1813 2109 ostium
1840 2045 1976 2108 vitulus

302 2149 430 2227 ligandi
453 2150 552 2228 atque
573 2149 735 2222 solvendi,
751 2150 817 2226 ipsi
840 2165 860 2210 3
882 2149 979 2224 regni
994 2151 1099 2227 janua
1154 2145 1287 2208 ducitur
1300 2162 1374 2208 cum
1389 2146 1430 2207 ad
1450 2145 1692 2208 consessionem
1706 2145 1776 2206 oris
1793 2143 1974 2206 secretum

303 2249 381 2310 sunt
401 2247 611 2310 excludendi.
634 2247 730 2309 Certe
753 2247 782 2308 si
803 2247 873 2309 3113
897 2245 1027 2323 praelati
1051 2246 1101 2308 est
1154 2243 1265 2305 333313
1289 2243 1511 2321 progreditur,
1538 2243 1719 2304 secundum
1744 2241 1838 2303 illud
1867 2240 1972 2302 Salo-

304 2345 448 2418 130333,
464 2345 518 2406 331
532 2360 701 2422 perversa,
719 2344 881 2422 quomodo
894 2344 1015 2422 poterit
1029 2359 1101 2405 mo-
1154 2339 1261 2401 monis
1277 2357 1285 2402 :
1300 2341 1422 2403 133133
1437 2343 1581 2403 331313
1596 2341 1767 2415 31331313
1782 2341 1970 2400 semonia

302 2457 385 2503 3333
407 2443 461 2505 331
476 2442 644 2518 corrigere
658 2441 806 2504 subditos
826 2457 917 2514 suos,
941 2441 975 2502 et
995 2456 1101 2518 popu·
1154 2439 1331 2500 accusator
1340 2439 1393 2500 est
1403 2441 1459 2500 331
1474 2435 1587 2518 (Ρ333.
1610 2425 1788 2517 333311).
1817 2435 1970 2498 Granius

302 2537 373 2600 lum
392 2538 456 2600 sibi
472 2539 705 2600 3333133331
727 2537 811 2610 Quia
832 2538 862 2598 si
880 2537 980 2615 caput
999 2535 1102 2600 133311
1154 2537 1243 2598 3313
1258 2537 1373 2613 peccat
1387 2535 1543 2598 sacerdos
1557 2535 1614 2612 qui
1626 2535 1802 2616 peccatum
1818 2533 1969 2605 revelat,

302 2635 482 2709 infirmum,
498 2636 602 2698 totum
613 2650 734 2714 corpus
748 2634 943 2712 languidum
956 2634 1031 2696 erit.
1155 2651 1252 2711 quam
1265 2634 1364 2696 bomo
1379 2633 1434 2711 qui
1450 2636 1620 2711 peccatum
1636 2632 1826 2700 committit.

345 2732 439 2794 Unde
453 2733 587 2812 quidam
602 2733 736 2810 sapiens
750 2733 850 2795 dicit:
868 2749 887 2793 ‹
903 2733 938 2794 81
951 2731 1025 2809 quis
1038 2747 1101 2792 au·
1195 2731 1351 2809 Sequitur
1374 2753 1381 2792 :
1408 2732 1453 2793 Ε1
1473 2732 1580 2806 portet
1598 2745 1873 2793 mansionariam
1900 2743 1964 2790 su-

305 2829 372 2892 tem
387 2830 542 2892 sacerdos
557 2829 641 2892 bene
657 2829 782 2892 uixerit
795 2831 829 2892 et
841 2829 926 2891 bene
938 2829 1098 2902 docuerit,
1152 2830 1333 2904 pcr'caput
1352 2831 1450 2892 vituli
1465 2826 1557 2907 (ier.
1574 2844 1620 2901 iv,
1637 2827 1683 2908 4).
1700 2831 1765 2890 Per
1783 2826 1963 2906 3333131-

303 2928 451 2990 333133
465 2927 570 3006 judex
585 2928 660 2990 erit.
676 2927 711 2988 81
726 2929 837 2989 33133
851 2925 936 2988 bene
951 2925 1101 2988 docuerit
1153 2927 1226 2999 tuli,
1237 2927 1467 3004 principaliter
1477 2943 1580 2999 mens,
1593 2926 1784 2995 idestratio
1799 2927 1969 3000 designa-

304 3024 339 3087 et
361 3023 448 3085 male
471 3023 605 3097 vixerit,
628 3023 701 3100 ipse
724 3023 921 3086 condemnat
941 3024 1098 3100 seipsum.
1153 3025 1209 3087 tur
1226 3024 1407 3087 secundum
1429 3025 1510 3086 illud
1535 3047 1542 3085 :
1571 3027 1663 3102 01333
1681 3025 1785 3102 caput
1806 3025 1912 3087 tuum
1929 3022 1963 3084 31

302 3120 389 3184 Nam
401 3121 485 3182 bene
505 3120 646 3184 3133333
665 3121 699 3183 31
718 3120 802 3182 bene
817 3119 977 3194 docendo,
994 3123 1110 3198 popu·¹
1153 3125 1278 3198 factem
1298 3125 1394 3185 tuam
1410 3128 1489 3185 1333
1508 3120 1783 3202 (1131133317).
1809 3125 1878 3184 Per
1895 3135 1961 3181 ma-

305 3217 374 3280 lum
388 3218 524 3281 instruit
543 3219 706 3296 quomodo
728 3218 847 3282 debeat
866 3219 991 3282 313333.
1011 3222 1100 3280 Β333
1155 3237 1234 3284 333
1258 3219 1458 3296 intelligitur
1480 3220 1629 3298 operatio
1653 3220 1844 3282 secundum
1860 3217 1960 3281 Psal-

303 3317 415 3378 autem
431 3316 578 3379 docendo
593 3317 626 3379 et
644 3316 730 3379 3313
745 3316 898 3388 3133333,
916 3319 1019 3378 Deum
1033 3317 1101 3377 ins·
1154 3319 1285 3380 313133
1313 3336 1321 3380 :
1351 3321 1478 3380 Anima
1507 3333 1586 3379 mcc
1615 3321 1654 3379 13
1679 3321 1843 3380 manibus
1870 3317 1959 3377 33313

301 3414 385 3477 13311
409 3413 572 3491 quomodo
600 3430 676 3476 eum
699 3413 796 3478 debet
823 3412 1056 3476 condemnare.
1081 3431 1100 3475 3
1154 3431 1292 3492 semper
1317 3415 1386 3496 (Ρ3.
1411 3414 1583 3495 118,109).
1608 3417 1700 3477 Γ1333
1719 3431 1798 3492 ergo
1819 3427 1956 3476 manum

301 3513 387 3574 Nam
403 3511 432 3572 si
456 3512 610 3574 sacerdos
626 3512 683 3590 qui
702 3513 754 3574 est
772 3511 891 3574 unctus
913 3511 1102 3588 peccaverit
1154 3513 1309 3591 ponimus
1322 3529 1423 3591 super
1440 3515 1541 3590 caput
1553 3513 1661 3585 vituli,
1683 3529 1758 3574 cum
1780 3511 1954 3590 operatio-

302 3608 429 3670 iaciens
458 3609 649 3687 delinquere
681 3609 853 3687 populum,
885 3608 1005 3671 offerat
1039 3625 1100 3686 pro
1155 3627 1231 3672 nem
1241 3611 1475 3672 constituimus
1491 3626 1591 3687 super
1600 3609 1774 3682 rationem,
1790 3610 1828 3672 ut
1841 3621 1957 3672 secun·

303 3705 440 3784 peccato
455 3721 515 3766 suo
527 3703 669 3766 3113133
681 3707 931 3768 immaculatum
947 3707 1098 3769 Domino.
1156 3708 1233 3770 dum
1248 3709 1452 3786 Apostolum,
1475 3707 1672 3769 rationabile
1694 3707 1737 3770 sit
1758 3705 1954 3786 obsequium

304 3803 380 3864 Non
408 3799 530 3862 suflicit
551 3801 715 3864 sacerdoti
741 3803 862 3864 offerre
880 3818 940 3880 pro
965 3805 1100 3880 peccato
1155 3808 1317 3880 3331333,
1335 3808 1373 3869 31
1393 3800 1954 3883 3133331333333331331133-

303 3914 364 3960 333
390 3899 553 3960 turturem
579 3898 633 3961 331
650 3897 860 3971 columbam,
890 3899 1023 3961 hoedum
1046 3901 1101 3963 vel
1156 3905 1296 3966 ciamus.

304 4012 438 4073 agnum,
464 4011 599 4073 capram
620 3995 673 4058 331
698 4011 804 4069 3333,
830 3996 889 4058 333
913 3998 1044 4073 oportet
1066 3998 1102 4060 ut
1195 4001 1458 4075 Tibi,sacerdos,
1475 4001 1587 4063 datum
1598 4001 1649 4062 est
1658 4017 1777 4078 panem
1792 4002 1826 4064 et
1841 3999 1950 4062 31333
2065 4044 2071 4083 =.

305 4093 426 4156 3113331
458 4093 608 4167 3113133,
640 4109 702 4156 333
735 4093 1007 4172 qualemcumque
1043 4095 1100 4157 333
1156 4100 1413 4162 333333333313
1442 4115 1563 4176 corpus
1591 4099 1624 4160 et
1651 4099 1848 4174 sanguinem
1874 4099 1950 4159 iesu

303 4192 562 4264 immaculatum,
591 4208 652 4254 nec
677 4191 875 4270 ubicumque
901 4191 958 4254 sed
975 4191 1016 4253 ad
1044 4207 1102 4254 os·
1155 4197 1288 4260 Christi.
1313 4198 1377 4260 Sed
1392 4196 1615 4258 3133333333
1630 4194 1947 4274 indigna-judicium
2069 4106 2073 4254 1

303 4291 385 4352 1133
409 4289 628 4364 tabernaculi,
651 4305 712 4352 333
735 4287 813 4352 3313
835 4289 1023 4367 quemlibet,
1043 4290 1100 4351 sed
1155 4295 1215 4357 tibi
1237 4295 1428 4357 manducas.
1462 4297 1549 4356 Cave
1569 4294 1650 4366 tibi,
1673 4309 1716 4354 33
1738 4295 1872 4370 peccato
1894 4291 1947 4352 tuo

302 4404 415 4450 coram
437 4392 516 4460 Deo,
539 4404 601 4450 333
628 4387 885 4467 quomodolibet,
915 4387 974 4449 sed
998 4389 1101 4465 ponat
1155 4392 1259 4454 133133
1284 4391 1476 4469 delinquere
1500 4393 1668 4471 populum.
1697 4396 1784 4455 Cave
1807 4391 1883 4462 tibi,
1908 4400 1946 4447 33

303 4502 438 4549 33333
461 4502 555 4547 3333
576 4502 676 4563 super
694 4487 793 4563 caput
813 4486 960 4548 31131131
981 4486 1101 4548 immo·
1155 4506 1215 4568 per
1234 4491 1267 4552 13
1289 4506 1409 4552 33333
1433 4491 1494 4552 Dei
1517 4489 1765 4567 blasphemetur
1781 4491 1818 4551 in
1838 4483 1945 4566 genti-

303 4581 387 4645 labit
411 4599 485 4644 eum
510 4583 661 4645 Domino.
689 4583 814 4645 0113331
840 4598 919 4658 ergo
944 4583 1100 4646 sacerdos
1154 4577 1945 4665 bus.Noneuimpotestiacereliliusnisiquod

303 4696 364 4759 pro
377 4682 512 4758 peccato
524 4697 584 4742 suo
596 4681 737 4742 vitulum
750 4680 1010 4749 immaculatum,
1022 4683 1100 4758 quia
1155 4685 1288 4748 Patrem
1311 4684 1433 4748 viderit
1460 4685 1648 4747 facientem.
1680 4685 1715 4746 Si
1738 4700 1818 4746 3333
1842 4685 1946 4744 13333

303 4777 440 4856 grandis
456 4778 552 4855 culpa
567 4778 686 4854 grandi
700 4776 797 4840 debet
810 4777 920 4840 hostia
935 4778 1078 4855 expiari.
1155 4782 1240 4860 quod
1254 4783 1289 4843 in
1307 4785 1339 4844 ta
1349 4785 1410 4852 est,
1424 4782 1569 4844 tenebrae
1583 4781 1674 4855 liant,
1691 4781 1838 4845 tenebrae
1853 4791 1946 4859 quan·

343 4881 409 4940 Per
435 4876 576 4939 vitulum
600 4876 849 4938 immaculatum
882 4876 1100 4954 intelligimus
1154 4881 1196 4942 13
1212 4881 1328 4942 333311

304 4974 457 5053 spiritum
492 4973 766 5047 contribulatum,
795 4975 873 5052 quia
899 4975 1101 5038 3333133133
1195 4979 1269 5039 Non
1283 4979 1342 5050 sic,
1360 4993 1427 5038 non
1443 4977 1541 5040 31333
1553 4973 1650 5040 be'ato
1665 4977 1836 5054 Gregorio.
1860 4969 1943 5036 unde
2068 5023 2070 5058 ,

302 5075 371 5137 Deo
394 5073 532 5151 spiritus
561 5072 812 5136 contribulatus.
838 5075 902 5135 Gor
922 5075 1100 5136 contritum
1155 5076 1393 5139 convenienter
1412 5076 1521 5153 potest
1539 5076 1604 5137 dici
1624 5075 1707 5138 illud
1723 5074 1763 5136 de
1782 5075 1855 5152 ipso
1867 5065 1943 5150 quod

303 5175 336 5234 et
352 5171 563 5235 humiliatum
584 5173 672 5233 Deus
687 5187 754 5233 nou
769 5171 908 5250 spernit.
932 5173 993 5234 Hic
1007 5173 1099 5234 vitu·
1156 5174 1314 5251 scriptum
1340 5174 1444 5235 estin
1470 5174 1703 5236 Ecclesiastico
1728 5195 1735 5234 :
1761 5175 1865 5239 Quasi
1888 5177 1942 5229 331

303 5268 452 5342 lus,haec
462 5269 583 5344 hostia,
595 5270 658 5332 boc
668 5269 870 5332 sacrificium
881 5269 977 5331 debet
986 5268 1101 5331 offerri
1155 5273 1411 5344 3331331333,
1432 5273 1598 5334 ornatum
1621 5274 1716 5333 33331
1737 5273 1942 5345 1331313333-

304 5367 442 5429 1133133
457 5383 517 5445 pro
532 5369 680 5444 peccato,
702 5367 887 5439 313113133,
904 5365 1001 5440 13331,
1026 5367 1099 5446 spi·
1157 5370 1242 5432 11333
1266 5367 1380 5449 (Eccli.
1406 5385 1437 5442 n,
1462 5367 1526 5448 10).
1550 5373 1671 5432 Beatus
1694 5369 1874 5445 Gregorius
1889 5357 1942 5423 luit

303 5465 388 5528 ritus
403 5465 460 5542 qui
473 5467 640 5544 peccando
656 5467 764 5529 133331
779 5465 957 5528 133331133
972 5481 1033 5542 per
1044 5483 1102 5527 su·
1155 5482 1215 5528 333
1237 5468 1322 5528 3331.
1342 5469 1425 5540 Quia
1443 5468 1530 5529 sicut
1547 5484 1607 5529 333
1623 5468 1698 5530 auri
1712 5467 1763 5528 est
1779 5465 1942 5543 pulchrum

304 5561 464 5642 peruiam,
477 5563 666 5642 penitendo
679 5563 968 5642 perhumilitatem
984 5563 1100 5628 dome·
1157 5564 1402 5640 3331333333,
1426 5565 1459 5630 et
1477 5567 1658 5644 pretiosum
1679 5565 1721 5628 ad
1739 5561 1938 5641 tangendum,
