4200 6394
322 458 359 505 xl
787 444 922 504 DOMNI
944 443 1185 505 HIERONYMI
1207 443 1386 504 BOTTINO
1411 445 1519 504 VITA.
1925 460 1974 507 xit

235 641 237 644 .
323 602 353 658 in
373 601 491 659 scientio
514 599 675 674 theologica
697 615 782 675 quam
805 600 931 674 pluribus
952 601 1036 658 anuis
1057 615 1122 659 cum
1178 601 1326 673 incompti,
1334 615 1421 673 quam
1429 608 1459 658 nt
1469 599 1595 673 periculo
1604 602 1973 674 exponerenturpereundi3

323 699 425 772 plausu
446 699 551 756 docuit.
581 700 656 758 Talis
681 706 742 757 erat
767 699 821 769 vir,
847 699 896 770 qui
922 697 1124 771 multiplicibus
1178 698 1372 770 multiplicatis
1395 699 1586 771 impressione
1606 697 1827 771 exemplaribus,
1847 696 1973 758 futurum

323 797 441 854 obrutus
465 796 618 868 laboribus,
641 811 690 869 per
714 797 818 854 multos
839 811 931 854 annos
953 796 1124 854 successivis
1178 809 1243 854 esse
1258 802 1288 853 nt
1302 795 1460 853 excitentur
1473 795 1527 852 riri
1546 793 1633 865 docti,
1652 796 1700 868 qui
1718 794 1884 854 inchoatum
1901 812 1974 870 opus

323 893 402 952 horis
423 908 507 952 curas
525 907 592 952 suas
611 893 748 966 impendit
763 891 898 950 emendis
917 909 953 950 ex
972 893 1123 966 pulveroso
1178 892 1328 965 perficiant
1342 899 1372 949 et
1394 891 1544 950 absolvant
1559 893 1588 950 iu
1608 891 1752 965 publicum
1770 894 1906 952 Ecclesia
1919 895 1970 952 bo·

323 990 425 1052 Codice
456 991 642 1050 sermonibus
668 991 785 1048 llonorii
816 992 872 1059 ΙΙΙ,
909 991 1124 1064 pretiosissimis
1178 1005 1258 1060 num,
1278 989 1354 1062 quod
1384 990 1412 1047 in
1436 988 1577 1062 eiusmodi
1602 989 1689 1047 rebus
1710 990 1795 1048 unice
1809 990 1972 1050 babendum

322 1104 403 1158 sane,
420 1089 525 1162 quippe
546 1089 575 1146 in
590 1088 693 1160 quibus
706 1088 817 1164 fulgeat
834 1087 927 1145 adhuc
941 1089 1075 1162 vigorosa
1096 1095 1124 1146 et
1178 1102 1237 1160 prae
1251 1087 1342 1145 oculis
1357 1093 1454 1158 est3et
1467 1086 1593 1158 quando,
1611 1086 1705 1146 oblata
1717 1095 1876 1162 opportuna
1890 1104 1972 1148 occa-

322 1187 460 1244 naturalis
483 1193 610 1244 veterum
637 1188 752 1244 Patrum
779 1186 956 1259 eloquentia,
984 1201 1047 1258 quse
1074 1200 1120 1242 sa·
1177 1185 1269 1252 sione,
1285 1198 1343 1241 non
1356 1183 1635 1257 preestoestbonum
1646 1183 1972 1259 perlectumquodoiie·

323 1286 422 1356 quiore
450 1290 534 1340 aetate
560 1282 750 1341 artificiosiori
779 1283 978 1356 enervroriquc
1009 1282 1124 1340 dicendi
1177 1288 1265 1350 ratur,
1279 1280 1483 1339 conserendum
1500 1296 1566 1340 esse
1587 1280 1657 1340 illud
1671 1281 1748 1354 quod
1765 1285 1900 1357 suppetit,
1916 1299 1973 1358 quo

322 1380 424 1454 generi
436 1380 529 1438 locum
542 1381 637 1438 cessit.
655 1379 814 1437 nolendum
829 1377 955 1454 proiecto
970 1381 1121 1454 egregium
1178 1378 1293 1439 tandem
1304 1379 1340 1437 ad
1361 1379 1519 1452 perlectum
1540 1378 1647 1436 bonum
1666 1379 1847 1438 ascendatur.
1865 1383 1975 1441 Invitus

322 1478 416 1535 virum
437 1477 566 1535 ultimam
589 1492 706 1534 manum
729 1476 909 1550 expoliendis
933 1478 988 1535 illis
1006 1477 1119 1536 Sermo·
1176 1478 1251 1535 cessi
1267 1477 1361 1550 potius
1383 1491 1468 1549 quam
1484 1477 1619 1534 consensi
1640 1477 1761 1534 aliorum
1779 1480 1930 1538 sententis
1945 1487 1974 1538 et

321 1575 406 1633 uibus
431 1576 563 1656 notisque
584 1574 754 1647 opportunis
777 1574 951 1632 illustrandis
977 1589 1122 1649 apponere
1177 1573 1330 1645 instantia,
1345 1581 1429 1646 atque
1445 1573 1560 1631 Bottinii
1575 1574 1809 1648 manuscriptum,
1830 1577 1914 1648 quale
1937 1577 1974 1634 ab

320 1687 379 1729 non
398 1671 534 1744 potuisse.
558 1671 613 1728 Sed
639 1670 816 1729 adorandum
836 1672 888 1730 Dei
911 1671 1061 1728 consilium
1082 1670 1121 1729 ita
1176 1673 1238 1745 ipso
1254 1672 1384 1729 relictum
1397 1668 1499 1740 iuerat,
1515 1669 1618 1728 tradidi
1633 1670 1724 1730 docte
1734 1673 1867 1731 societati
1881 1688 1897 1730 a
1909 1675 1972 1732 vul-

322 1769 512 1842 disposuerat.
1175 1769 1279 1842 gaudis
1297 1767 1377 1826 libris
1391 1767 1588 1839 ecclesiaticis,
1605 1782 1726 1842 sperans
1745 1783 1858 1842 quoque
1875 1771 1972 1830 erudi·

355 1869 424 1924 Post
438 1865 545 1923 obitum
561 1865 710 1923 clarissimi
724 1865 865 1936 virl,cum
881 1879 947 1939 spes
962 1880 1020 1924 non
1035 1865 1119 1924 aiiul·
1175 1875 1220 1924 tos
1244 1867 1322 1923 viros
1341 1865 1419 1923 illam
1440 1873 1648 1937 componentes
1670 1872 1755 1938 atque
1776 1869 1974 1940 promovendo

321 1970 403 2038 geret
423 1961 529 2020 inlelioi
550 1962 605 2019 bac
625 1970 796 2035 tempestate
810 1962 947 2036 vulgaudi
967 1977 1050 2036 opus,
1064 1961 1120 2019 boc
1174 1963 1310 2022 Ecclesiae
1321 1961 1526 2032 bonodeditos,
1541 1975 1601 2019 non
1613 1977 1721 2036 paucos
1735 1963 1832 2038 operis
1843 1965 1974 2026 delectus

320 2059 479 2133 sepositum
508 2061 655 2130 remansit,
676 2065 760 2134 capto
785 2059 908 2118 consilio
933 2061 1118 2134 exspectandi
1175 2061 1234 2120 iore
1246 2067 1562 2129 correcturos,nocuou
1573 2059 1653 2132 plura
1663 2075 1726 2133 quac
1736 2058 1974 2124 desiderabantur

321 2157 551 2216 circumstantias
559 2159 655 2232 magis
666 2157 813 2231 propitias,
821 2157 923 2230 mribus
931 2157 1049 2231 expoliri
1057 2171 1120 2230 pos·
1173 2157 1365 2231 suppleturos,
1381 2171 1438 2230 qua
1451 2156 1479 2214 iu
1491 2169 1522 2214 rs
1537 2165 1567 2214 ut
1582 2160 1689 2230 possim
1705 2173 1770 2217 esse
1788 2161 1971 2234 reprehensi·

322 2263 366 2314 set
384 2261 413 2312 et
433 2255 541 2327 perlici,
555 2255 632 2328 quod
646 2253 818 2327 perturbatis
832 2255 912 2312 bisce
932 2255 1118 2328 temporibus,
1173 2253 1248 2323 bilis,
1262 2263 1338 2313 certa
1350 2254 1470 2312 intentio
1482 2251 1647 2312 conterendi
1661 2270 1718 2314 non
1733 2257 1805 2315 nibil
1817 2257 1853 2315 ad
1863 2258 1972 2318 bonum

320 2351 460 2425 dispersis
480 2352 550 2410 viris
572 2350 717 2426 religiosis
734 2359 763 2410 et
776 2353 806 2409 in
835 2352 957 2410 summis
979 2353 1119 2427 angustiis
1173 2367 1326 2411 commune
1339 2353 1391 2413 lult
1405 2361 1493 2415 recta.
1505 2356 1586 2428 Quod
1601 2357 1626 2414 sl
1637 2355 1972 2428 autcmpraestantissimi

225 2525 226 2528 Ἴ
321 2450 494 2520 constitutis,
510 2457 538 2506 et
560 2451 684 2507 maxime
695 2449 813 2524 direptis
831 2449 1022 2520 bibliothecis,
1038 2457 1068 2508 ut
1083 2449 1119 2507 ab
1173 2450 1226 2506 viri
1240 2464 1275 2510 ac
1288 2453 1430 2526 magistri,
1444 2455 1611 2529 imprudens
1634 2460 1663 2512 et
1686 2467 1895 2527 praeproperus,
1913 2469 1971 2512 non

321 2547 416 2621 aliquo
436 2546 524 2621 digne
537 2554 728 2620 prestaretur,
742 2555 803 2605 erat
820 2547 966 2605 moraliter
982 2547 1116 2620 impossi·
1173 2547 1252 2616 satis,
1264 2556 1295 2606 ut
1305 2549 1463 2624 oportebat,
1474 2559 1595 2610 terrene
1608 2551 1801 2610 consuluerim
1812 2553 1971 2622 memorias,

319 2643 387 2702 bile.
405 2645 443 2702 At
458 2657 534 2702 anno
558 2644 687 2718 proxime
709 2645 818 2718 elapso,
834 2645 888 2702 viri
903 2646 982 2703 omni
995 2659 1115 2703 venera·
1172 2645 1303 2704 dilliciles
1315 2654 1399 2721 atque
1415 2649 1519 2723 iniquas
1534 2651 1618 2723 plane
1634 2647 1739 2708 lactum
1755 2657 1891 2708 excusent
1902 2657 1973 2708 tem

319 2742 398 2798 tione
430 2740 511 2814 digni
543 2742 691 2816 inopinato
724 2742 856 2800 insistere
884 2749 1050 2816 ooeperunt,
1087 2751 1119 2801 ut
1173 2758 1277 2815 porum
1298 2745 1529 2818 circumstantia,
1552 2755 1582 2806 et
1607 2747 1646 2822 pli
1672 2747 1734 2821 ejus
1762 2747 1834 2804 mibi
1855 2747 1971 2806 ueniam

320 2839 466 2910 exemplar
478 2837 704 2911 manuscriptum
718 2839 876 2896 traderetur
889 2839 1024 2898 Societaii
1035 2854 1051 2896 a
1063 2855 1116 2913 pu·
1172 2841 1332 2900 concedant
1343 2857 1455 2915 manes,
1472 2831 1585 2918 quibus,
1605 2846 1735 2902 omnium
1749 2843 1895 2903 christiani
1914 2847 1968 2902 bo·

320 2933 461 2992 blicandis
476 2933 555 2992 libris
577 2920 790 2994 ecclesiasticis.
814 2936 1004 3008 Responsioni
1018 2950 1116 2994 exem·
1173 2938 1259 2996 minis
1286 2939 1415 2998 labomm
1444 2941 1542 3012 linem,
1570 2955 1669 3000 veram
1696 2943 1726 2999 iu
1757 2954 1812 2998 non
1840 2939 1969 2998 desitura

322 3032 384 3105 piar
406 3046 464 3088 non
483 3045 548 3089 esse
570 3039 770 3105 praeparatum,
788 3031 890 3090 deesse
913 3031 1007 3092 adhue
1029 3033 1118 3091 multa
1173 3037 1272 3094 aeterni
1282 3037 1441 3113 infinitique
1452 3039 1568 3099 luminis
1580 3040 1819 3114 contemplatione
1830 3051 1971 3112 apprecor

323 3144 387 3201 quae
403 3129 531 3202 suppleri
545 3127 692 3198 deberent,
710 3127 903 3203 opponebant,
926 3131 1032 3189 melius
1054 3145 1119 3189 esse
1173 3131 1350 3194 felicitatem.

320 3234 352 3284 ut
367 3227 520 3284 Sermones
546 3227 674 3297 Honori,
691 3227 751 3299 jam
766 3227 813 3286 diu
829 3228 951 3301 quaesiti,
974 3228 1119 3302 prodirent
1776 3233 1827 3292 Su.

510 3419 606 3514 nomi,
622 3455 663 3507 ors
676 3457 707 3507 so
721 3456 782 3508 tarr.
798 3423 866 3509 rsrs.
