4200 6404
301 257 362 320 295
754 255 939 319 horosii
961 255 1006 316 111
1028 249 1177 316 OPERA.
1190 282 1232 300 ·-
1247 252 1480 318 SERMONES.
1892 257 1953 324 296

303 419 429 496 gritati.
459 421 548 481 Bene
576 433 655 495 ergo
673 417 886 480 dictumest:
903 417 1098 480 Sintlnmbi
1153 413 1332 494 simplices,
1360 416 1550 494 superiores
1574 416 1608 479 et
1635 414 1824 480 infertores.
1859 419 1955 482 Unde

302 519 413 580 nostri
426 517 615 594 precincti.
1150 512 1212 576 iob
1227 536 1234 574 :
1256 517 1378 575 Vinum
1390 515 1425 576 ct
1433 517 1598 577 incitares
1604 515 1806 591 apostatare
1817 519 1954 592 facturn

341 617 488 678 Primum
504 615 711 688 cinctorium,
723 613 817 687 idest,
833 614 992 674 memoria
1007 629 1098 674 mor·
1150 613 1324 688 sopientes
1336 611 1450 692 (tiocli.
1465 613 1536 685 xix,
1546 611 1592 691 2).
1610 616 1696 690 Ergo
1705 614 1734 675 si
1741 616 1956 678 volumusre

301 715 345 776 tis
359 715 465 776 tribus
486 712 660 775 manifeste
682 713 772 790 patet
797 711 942 787 indiciis,
970 711 1094 785 dolore,
1150 708 1282 772 frenare
1291 711 1592 790 concupiscentiam
1608 712 1732 786 carnis,
1745 713 1952 791 accipiamus

301 813 427 890 pallore
451 813 484 874 et
511 813 656 890 torpore.
681 811 801 873 Dolore
821 811 930 873 cordis
950 809 1093 886 turgido,
1150 823 1266 870 zonam
1281 809 1454 886 pelliceam
1476 808 1649 871 delumbis
1663 811 1815 872 ioannis.
1834 812 1953 874 Tulla-

300 909 715 988 pallerevultusmarcido,
730 909 861 986 torpore
873 907 1095 970 membrorum
1150 921 1223 967 mus
1237 907 1406 984 cingulum
1419 907 1581 970 castitatis
1596 907 1636 969 de
1659 909 1796 970 renibus
1812 911 1950 987 ioseph,

299 1009 419 1086 rigido.
436 1009 516 1083 Quis
538 1009 624 1070 enim
649 1007 769 1086 poterit
793 1023 860 1068 non
884 1007 1006 1080 dolere,
1029 1021 1095 1068 non
1150 1005 1953 1083 peplumpudicitiaedelacieSusannae3tollamus

299 1107 438 1185 pallere,
455 1104 894 1184 nonrigere,dumperiecte
908 1104 1095 1167 meminerit
1149 1102 1383 1165 abstinentiam
1410 1103 1451 1164 de
1476 1117 1535 1166 ore
1566 1103 1702 1182 Moysis,
1719 1105 1890 1182 jejunium
1910 1107 1952 1168 de

298 1205 414 1266 mortis
429 1205 619 1280 corporeae?
635 1202 728 1266 Unde
743 1203 844 1264 Pater
855 1203 903 1264 ait
919 1217 926 1262 ε
942 1205 1010 1264 Fili
1032 1204 1093 1274 mi,
1148 1201 1281 1276 gutture
1294 1201 1411 1275 Heliae,
1429 1202 1574 1263 esuriem
1594 1201 1635 1263 de
1656 1203 1788 1280 jejunio
1812 1203 1949 1278 Christi,

298 1317 496 1366 menzororc
511 1305 701 1364 novissima
721 1303 780 1363 trra
802 1302 835 1364 ei
854 1317 922 1363 aon
941 1303 1095 1374 peccabis
1149 1299 1182 1359 et
1196 1299 1381 1362 statuamus
1403 1301 1547 1362 cultrum
1562 1299 1597 1360 in
1612 1302 1746 1377 gutture
1770 1301 1899 1374 nostro,
1917 1305 1951 1365 et

298 1404 336 1462 in
361 1403 534 1463 acimum
569 1398 670 1479 (licei.
700 1415 758 1471 vn,
786 1397 851 1478 40).
882 1399 963 1460 Item
987 1415 994 1458 :
1017 1397 1095 1459 Sint
1149 1395 1197 1457 sic
1228 1398 1462 1475 succingamus
1490 1397 1620 1459 lumbos
1644 1399 1786 1470 nostros,
1816 1399 1854 1461 ut
1882 1399 1952 1463 sint

297 1502 401 1561 tarmei
414 1498 524 1559 vestri
533 1498 713 1572 meconii
726 1497 760 1558 et
772 1502 923 1559 lucernae
932 1497 1096 1559 ardentes
1148 1494 1252 1556 lumbi
1267 1497 1372 1558 nostri
1390 1496 1570 1573 praecincti,
1589 1497 1622 1558 et
1640 1497 1801 1560 esurienti
1826 1498 1951 1560 anima
2081 1513 2082 1552 ς

296 1599 334 1656 in
348 1598 507 1657 aturribus
528 1595 655 1657 cestris
668 1593 761 1674 (Luc.
778 1603 838 1667 xri,
857 1593 921 1673 35).
941 1593 1025 1669 Quid
1044 1594 1094 1656 est
1148 1593 1247 1655 etiam
1262 1610 1376 1656 amara
1390 1594 1501 1656 dulcia
1515 1593 1702 1656 videantur.

297 1694 385 1755 enim
401 1693 605 1772 precingens
615 1693 755 1768 lumbos,
767 1694 799 1756 et
811 1692 889 1771 qnid
899 1695 951 1755 est
960 1693 1093 1769 portare
1188 1692 1308 1754 Contra
1330 1693 1632 1770 concupiscentiam
1659 1692 1831 1754 oculorum
1851 1693 1948 1755 acci-
2081 1757 2082 1784 χ

295 1791 451 1853 lucernas
488 1792 641 1854 ardentes
676 1792 712 1853 in
744 1791 897 1854 manibus
933 1792 1094 1854 nostris?
1147 1789 1278 1866 piamus
1294 1791 1502 1853 semicinctia
1517 1791 1683 1862 ieremias,
1700 1791 1786 1868 pilos
1801 1792 1952 1854 camelo-
2081 1785 2082 1800 ¹

295 1891 507 1968 Praecingere
518 1889 646 1951 lumbos
657 1890 708 1951 est
718 1889 900 1952 refraenare
910 1889 1090 1963 luxuriam,
1147 1903 1232 1962 rum,
1250 1888 1370 1966 quibus
1384 1888 1520 1951 indutus
1535 1889 1607 1950 erat
1625 1891 1782 1962 ioannes,
1802 1890 1946 1952 nudita-

295 1988 328 2049 et
342 1989 450 2049 motus
466 1989 651 2048 carnalium
678 1987 920 2050 desideriorum
939 1987 996 2066 qui
1016 1988 1093 2050 sunt
1146 1987 1212 2047 iem
1234 1986 1477 2063 Apostolorum,
1503 1987 1560 2064 qni
1585 1985 1666 2048 nudi
1691 1985 1817 2048 nudum
1838 1989 1945 2050 secuti

295 2085 331 2146 in
347 2084 469 2146 lumbis
482 2084 664 2159 hominnm,
682 2085 827 2148 ioeminis
843 2085 954 2148 autem
970 2085 1003 2146 in
1018 2102 1094 2146 um·
1147 2083 1224 2146 sunt
1252 2083 1431 2158 Christum,
1465 2084 1705 2162 aporiationem
1740 2101 1856 2146 eorum
1888 2085 1946 2162 qni

294 2179 407 2244 bilico.
421 2183 515 2246 Unde
524 2183 830 2246 testaturbominus
841 2183 898 2260 qui
911 2183 1091 2245 adbeatum
1147 2182 1386 2244 circumierunt
1409 2181 1443 2242 in
1467 2181 1599 2244 melotis
1616 2183 1648 2244 ei
1671 2182 1706 2242 in
1726 2182 1869 2258 pellibus
1883 2199 1947 2245 ca-

294 2280 356 2344 iob
382 2279 531 2360 loquitur
563 2281 604 2342 de
635 2281 788 2343 diabolo:
812 2283 928 2343 Virtus
955 2285 1030 2356 ejus
1055 2285 1091 2342 in
1146 2280 1264 2358 prinis,
1293 2281 1515 2358 contemptum
1538 2279 1639 2342 etiam
1667 2280 1765 2342 Pauli
1791 2281 1849 2358 qni
1874 2281 1946 2343 aii:

292 2381 417 2440 luridis
437 2382 523 2452 ejus
540 2380 574 2440 ct
587 2380 754 2454 fortitudo
775 2382 865 2441 illitis
884 2382 921 2440 in
935 2381 1092 2442 umbilico
1145 2379 1556 2440 Hoecomniacrbitratus
1569 2393 1648 2439 stem
1661 2379 1837 2453 tamquam
1851 2380 1948 2442 ster·

292 2477 429 2538 velitris
456 2481 531 2550 ejus
555 2474 641 2555 (iob.
658 2492 713 2549 ιι,
731 2475 794 2556 11).
819 2477 906 2550 Quia
926 2477 1013 2539 sicut
1032 2491 1092 2554 per
1145 2485 1228 2540 cora
1256 2475 1393 2557 (Philip.
1418 2492 1467 2548 111,
1491 2476 1535 2557 8).
1560 2476 1600 2538 st
1618 2477 1727 2538 sciens
1746 2476 1833 2554 quod
1852 2477 1949 2540 iran-

292 2589 410 2636 zonam
440 2573 493 2636 vel
521 2589 583 2652 per
609 2575 805 2636 cinctorium
832 2575 1090 2652 constringimus
1146 2574 1243 2636 seunt
1272 2575 1345 2637 haec
1371 2576 1482 2638 omnia
1502 2574 1593 2637 velut
1611 2573 1739 2647 umbra,
1760 2575 1809 2636 sic
1832 2575 1945 2637 omnia

292 2687 426 2733 carnem
455 2672 604 2750 corporis
628 2671 746 2745 nostri,
769 2672 816 2734 ita
835 2687 896 2749 per
916 2673 1092 2736 contineri·
1146 2687 1206 2733 sua
1222 2673 1366 2734 dimittat
1393 2689 1454 2750 pro
1474 2673 1615 2746 Christe,
1638 2672 1740 2734 uthic
1753 2673 1945 2750 centuplum

291 2769 498 2832 tiamcarnis
526 2769 765 2831 mortificamus
781 2770 864 2833 vitia
882 2771 915 2832 et
929 2770 1092 2832 refraena·
1146 2771 1299 2848 accipiat,
1316 2773 1350 2833 et
1363 2773 1438 2848 post
1447 2772 1549 2834 vitam
1565 2772 1724 2834 aeternam
1738 2771 1849 2834 valeat
1864 2789 1945 2849 pos-
2072 2836 2077 2847 ,

292 2885 366 2930 mus
378 2866 557 2929 luxuriam.
573 2867 667 2944 Unde
681 2868 873 2946 Apostolus:
887 2871 951 2936 Qui
963 2871 1091 2932 Christi
1146 2869 1265 2931 sidere.
1306 2871 1427 2932 Contra
1459 2869 1648 2948 superbiam
1689 2870 1766 2932 ritae
1802 2869 1948 2947 accipiat

292 2966 385 3038 saint,
404 2979 547 3027 carnem
560 2965 815 3038 memmerunt
841 2981 921 3028 cnm
935 2967 1032 3028 vitiis
1057 2967 1090 3028 et
1146 2967 1342 3030 descensum
1357 2968 1461 3030 David
1482 2967 1522 3029 de
1538 2968 1659 3030 throno
1676 2967 1793 3045 regali,
1807 2969 1943 3046 quando

293 3063 576 3138 concrcptsceniiis
605 3059 727 3141 (Calai.
757 3080 793 3136 v,
820 3061 901 3144 24).
924 3064 965 3126 Et
1003 3063 1090 3126 idem
1145 3056 1706 3145 coramomnibnspeccatnmsnum
1720 3065 1945 3139 nonerubuit,

292 3160 471 3238 Apostolus
488 3161 719 3234 :Mortificate
732 3177 875 3224 carnem
897 3162 1088 3225 vestram...
1145 3164 1241 3227 tollat
1259 3163 1397 3226 linteum
1425 3179 1490 3242 quo
1517 3163 1668 3226 Christus
1694 3164 1873 3241 proecinxit
1896 3181 1945 3238 se,

334 3259 390 3321 Est
413 3259 523 3320 autem
546 3259 680 3320 luxuria
709 3259 744 3322 in
772 3259 885 3321 multis
910 3258 1011 3321 rebus
1031 3260 1090 3322 :in
1145 3261 1278 3338 qnando
1297 3261 1379 3325 lavit
1409 3262 1510 3340 pedes
1533 3261 1771 3340 discipulorum
1796 3277 1946 3335 snorum,

293 3354 397 3419 nimia
423 3358 625 3420 comestione
642 3357 675 3420 et
700 3357 872 3432 ebrietate,
900 3358 935 3419 in
955 3354 1090 3420 luxuria
1145 3357 1363 3436 abjectionem
1386 3357 1484 3420 Pauli
1502 3357 1619 3437 qniaii
1634 3379 1641 3417 :
1657 3361 1821 3440 deosum
1835 3361 1947 3420 mini-

294 3455 382 3518 etin
411 3456 679 3534 concupiscentia
706 3457 817 3518 carnis
840 3457 874 3518 et
905 3456 1088 3530 oculorum,
1144 3471 1223 3518 mus
1247 3457 1500 3532 Apostourum,
1524 3469 1677 3518 nccsrcn
1692 3457 1948 3532 dignacoocari

293 3554 448 3632 snperbia
477 3554 567 3624 vitae,
589 3555 622 3617 et
650 3554 685 3616 in
710 3555 840 3618 caeteris
868 3555 1089 3633 superfluita—
1143 3555 1324 3628 Apostolus
1346 3552 1375 3633 (1
1388 3555 1461 3616 Cor.
1478 3570 1533 3626 xv,
1549 3552 1596 3632 9),
1617 3553 1751 3614 discens
1764 3569 1784 3614 a
1797 3553 1944 3626 Christo,

292 3653 391 3717 tibus.
412 3655 459 3714 De
492 3654 721 3731 superfluitate
741 3654 853 3717 nimiae
877 3655 1089 3717 comestionis
1145 3653 1225 3727 qaia
1238 3654 1334 3714 retiis
1346 3652 1379 3714 et
1392 3655 1650 3723 lrurniliscorcic,
1662 3652 1771 3712 sciens
1784 3650 1872 3728 quod
1888 3651 1946 3730 qui

293 3751 327 3814 et
342 3749 512 3813 ebrietatis
528 3751 608 3815 dicit
621 3751 738 3813 beatus
754 3753 934 3830 Gregorius
952 3775 959 3814 :
976 3771 994 3814 «
1009 3755 1089 3815 Curn
1145 3766 1181 3811 se
1197 3749 1323 3812 exaltat
1346 3749 1588 3823 humiliabitur,
1604 3749 1706 3826 etqui
1729 3764 1765 3810 se
1789 3747 1948 3812 humiliat

293 3865 414 3927 corpus
434 3848 467 3910 in
486 3849 678 3911 reiectionis
702 3849 922 3912 delectatione
942 3851 1089 3914 resolvi·
1145 3847 1359 3921 exaltabitur,
1379 3863 1418 3911 eo
1434 3847 1520 3926 quod
1535 3845 1687 3924 superbis
1702 3849 1790 3908 Dens
1805 3845 1945 3919 resistit,

292 3949 459 4019 tumeam
485 3946 550 4009 cito
579 3947 620 4008 ad
653 3946 825 4009 libidinem
850 3947 1090 4012 effraenatur.»
1145 3945 1327 4007 humilibus
1352 3949 1462 4008 autern
1485 3945 1541 4007 dat
1567 3945 1722 4022 gratiam.
1753 3940 1827 4006 Sint
1840 3943 1946 4006 lumbi

295 4050 321 4108 0
336 4047 485 4108 extrema
499 4045 649 4107 libidinis
664 4044 845 4122 turpitudo,
863 4061 936 4123 quae
950 4062 1015 4108 nen
1031 4061 1090 4108 sn·
1144 4044 1248 4107 vestri
1262 4044 1444 4121 praecincti.
1461 4045 1530 4105 Nos
1545 4043 1704 4104 debemus
1718 4042 1783 4104 duo
1794 4042 1946 4120 corporis

294 4145 363 4206 lum
376 4147 519 4206 mentem
535 4141 715 4215 effeminat,
732 4141 789 4204 sed
803 4158 924 4220 corpus
939 4147 1088 4220 enervat,
1146 4141 1251 4204 nostri
1261 4141 1408 4204 membra
1423 4141 1639 4220 praecingere,
1653 4140 1809 4204 videlicet
1823 4156 1946 4218 corpus

295 4261 361 4306 non
375 4244 482 4305 solnm
497 4240 643 4303 maculat
657 4241 815 4315 animam,
833 4242 890 4304 sed
906 4241 1006 4306 ioedat
1021 4260 1091 4322 per·
1146 4241 1179 4302 et
1206 4255 1280 4308 cor,
1310 4239 1439 4302 lumbos
1465 4239 1505 4301 de
1530 4255 1614 4301 zoua
1634 4239 1786 4317 pellicea,
1815 4254 1875 4300 cor
1902 4238 1946 4300 de

296 4357 411 4404 sonam
431 4339 612 4403 secundum
628 4340 823 4418 Apostolum
840 4357 847 4402 :
865 4343 971 4404 omne
985 4357 1091 4405 nom·
1146 4353 1229 4400 zona
1242 4353 1355 4400 aurea.
1372 4339 1462 4400 Zona
1478 4337 1617 4416 pellicea
1630 4337 1666 4400 iit
1680 4353 1723 4399 ex
1737 4336 1838 4399 coriis
1853 4351 1948 4398 mon-

295 4453 361 4514 que
381 4439 562 4516 peccatum
579 4441 811 4513 eremumque
834 4441 957 4516 fecerit
978 4445 1090 4515 homo,
1146 4437 1278 4499 tuorum
1291 4436 1498 4509 animalium,
1515 4436 1547 4498 et
1561 4425 1636 4497 ideo
1658 4435 1810 4511 designat
1830 4434 1946 4496 conti-

296 4537 401 4598 ecctra
415 4551 541 4610 corpus
551 4537 671 4611 peccat
690 4551 795 4600 suum
808 4537 870 4598 est.
888 4541 952 4604 <lui
975 4541 1093 4603 autem
1146 4536 1294 4598 nentiam
1309 4535 1432 4609 carnis,
1447 4534 1526 4612 quia
1553 4533 1835 4596 mortidcaivitia.
1854 4535 1945 4594 Zona

296 4633 492 4708 fornicatur
507 4637 543 4694 in
559 4647 686 4708 corpus
700 4635 819 4709 peccat
833 4631 862 4714 (Ι
873 4636 946 4698 Cor.
962 4653 1008 4709 vr,
1027 4637 1091 4718 18).
1147 4649 1250 4696 aurea
1262 4633 1430 4711 significat
1444 4631 1639 4694 munditiam
1660 4629 1781 4692 cordis.
1801 4629 1887 4702 Quia
1899 4631 1949 4690 si-

298 4733 447 4808 Semper'
460 4728 552 4792 illam
587 4731 780 4809 praecedunt
808 4733 909 4795 ardor
937 4735 970 4797 et
997 4737 1094 4813 petu-
1148 4733 1203 4794 cnt
1214 4748 1332 4794 aurum
1347 4732 1398 4794 est
1407 4730 1541 4794 charius
1554 4730 1587 4792 et
1597 4728 1776 4808 pretiosius
1791 4726 1946 4790 omnibus

295 4829 412 4903 lautia,
430 4843 560 4906 semper
575 4829 776 4892 comitantur
789 4829 886 4892 ioetor
900 4832 933 4894 et
944 4832 1093 4895 immun·
1148 4830 1302 4904 metallis,
1318 4831 1365 4893 ita
1379 4829 1541 4892 munditia
1557 4827 1667 4891 cordis
1677 4826 1729 4888 est
1742 4825 1862 4889 melior
1872 4841 1948 4888 om·

295 4927 387 4991 ditia.
403 4927 498 4992 Unde
509 4927 593 4991 iob:
615 4927 733 4990 Virtus
748 4931 822 5002 ejus
836 4931 1004 4994 inlumhis
1019 4935 1095 5006 ejus
1148 4928 1362 4992 nibusbonis.

295 5029 330 5089 ct
340 5027 508 5103 fortitudo
521 5029 612 5108 iliius
631 5029 668 5089 in
679 5029 837 5090 rrmbiiico
853 5029 988 5091 veniris
1006 5033 1092 5104 ajars.
1189 5029 1254 5090 Iste
1267 5029 1407 5092 Sanctus
1422 5031 1516 5106 cnjus
1533 5023 1775 5090 solemnitatem
1790 5022 1946 5087 celebra-

295 5126 484 5204 Numquam
503 5124 638 5203 fugatur
655 5125 720 5186 nisi
736 5141 811 5188 cum
839 5123 975 5204 fugitur,
993 5145 1094 5189 num·
1149 5143 1233 5201 mus,
1251 5125 1367 5189 habuit
1387 5126 1515 5196 lumbos
1534 5125 1730 5203 praecinctos
1744 5138 1828 5185 zona
1847 5123 1948 5201 pelli-

297 5237 395 5300 quam
419 5223 585 5287 mactatur
607 5223 674 5285 nisi
697 5239 772 5286 cum
795 5227 994 5288 maceratur.
1016 5228 1095 5288 Haec
1150 5241 1220 5298 cea,
1235 5226 1268 5287 et
1281 5223 1449 5300 cingulum
1462 5223 1625 5286 castitatis
1636 5223 1677 5284 de
1691 5220 1828 5284 renibus
1839 5221 1946 5284 Heliae

298 5337 428 5383 omnem
451 5323 583 5385 aeiaiem
606 5321 799 5399 corrumpit,
826 5338 957 5386 omnem
978 5339 1095 5385 sexum
1150 5319 1949 5398 etlumbisioannis.Lumbospraecinctoshabuit

298 5417 481 5493 contundit,
512 5435 643 5482 omnem
656 5420 805 5483 ordinem
825 5421 940 5495 solvit,
966 5437 1096 5486 omnem
1149 5421 1243 5495 Abel,
1261 5422 1317 5500 qui
1341 5421 1441 5484 etiam
1457 5435 1529 5482 non
1553 5417 1688 5497 reliquit
1709 5433 1822 5480 semen
1846 5433 1948 5496 super

298 5513 437 5592 gradum
466 5517 636 5594 pervertit.
670 5519 801 5582 Invadit
825 5519 912 5581 enirn
942 5535 1038 5583 senes
1064 5522 1097 5586 et
1150 5507 1286 5583 terram.
1303 5520 1504 5583 Praecinctos
1527 5517 1645 5580 habuit
1665 5517 1793 5580 lumbos
1809 5515 1946 5594 ioseph,

298 5627 445 5688 urenes,
472 5629 583 5680 mares
607 5617 641 5679 et
663 5615 832 5692 foeminas,
858 5617 1038 5696 prudentes
1064 5619 1098 5684 et
1151 5619 1207 5698 qni
1222 5619 1438 5698 elegiipotins
1451 5616 1789 5696 pallinmrelinquere
1802 5615 1947 5677 inmann
