4200 6404
322 207 394 268 223
800 199 978 274 HONORII
999 199 1045 260 111
1066 197 1215 262 OPERA.
1229 226 1272 244 -
1286 187 1520 264 subitonus.
1926 205 1991 265 224

336 365 399 428 sui.
416 365 503 441 Ergo
517 361 648 426 cantate
660 360 800 424 Domino
815 359 981 424 canticum
997 373 1130 432 norum,
1186 357 1345 436 guentam
1357 359 1525 437 significat
1532 357 1674 424 laudem.
1689 359 1869 439 Unguento
1883 361 1992 440 pedes

334 463 414 542 quia
432 461 599 525 mirabilia
613 459 692 524 fecit
708 461 806 522 Deus.
818 461 911 520 'lunc
925 456 1134 520 novumlecit
1187 457 1319 520 Domini
1340 474 1476 536 ungere,
1495 458 1547 521 est
1573 457 1839 522 incarnationem
1859 459 1990 523 Christi

334 562 494 624 Dominus
504 560 538 622 in
554 573 708 636 persona,
723 573 844 619 novum
859 555 938 618 iecit
948 555 984 618 in
998 555 1130 628 natura,
1187 555 1286 632 digna
1301 555 1399 618 lande
1413 556 1607 633 praedicare.

335 654 1133 734 novumsecitingratia.lnpersona3quianovum
1226 652 1400 714 Moraliter
1426 673 1433 712 ε
1463 653 1582 716 civitas
1607 653 1761 732 designat
1786 655 1988 728 Ecclesiam,

336 756 414 820 lecit
426 758 461 818 in
474 756 591 829 matre,
609 769 732 816 novum
742 752 820 814 lecit
833 751 869 813 in
881 751 985 828 prole.
1002 751 1131 812 Novum
1186 749 1307 811 mulier
1321 750 1491 828 peccatrix
1505 750 1685 828 quamlibet
1698 753 1844 814 animam
1859 753 1897 816 in
1912 770 1991 830 pec·

335 855 414 916 lecit
435 854 470 915 in
495 853 612 925 matre,
640 851 717 930 quia
741 849 836 926 virgo
859 849 988 926 peperit
1010 849 1130 921 virum,
1186 848 1270 910 catis
1285 847 1462 921 detentam,
1477 848 1679 910 alabastrum
1690 849 1776 927 quod
1789 866 1897 926 genus
1909 868 1991 912 can·

336 953 433 1015 stella
452 951 589 1030 protulit
603 950 716 1021 solem,
735 947 804 1008 fllia
819 947 969 1024 concepit
992 949 1130 1024 patrem,
1186 945 1352 1008 didissimi
1385 946 1560 1008 marmoris
1589 946 1654 1020 est,
1685 946 1838 1024 designat
1865 965 1990 1026 puram

336 1052 490 1113 creatura
527 1047 642 1126 genuit
669 1046 882 1120 creatorem3
914 1044 1068 1106 similiter
1097 1043 1132 1104 in
1187 1045 1448 1108 conversionem.
1466 1045 1588 1107 Mulier
1599 1044 1698 1108 affert
1707 1043 1912 1108 alabastrum
1929 1065 1992 1110 uu·

336 1163 440 1210 unum
450 1147 556 1209 mater
570 1144 694 1218 attilia,
709 1142 858 1220 genitrix
870 1141 1046 1214 etancilla,
1058 1157 1132 1219 quae
1186 1143 1310 1219 guenti,
1328 1143 1643 1220 quandopeccatrix
1663 1142 1776 1204 anima
1795 1159 1880 1221 pure
1891 1161 1989 1207 wcon·-

336 1262 412 1308 cum
440 1243 630 1320 integritate
658 1241 809 1320 peperit,
840 1256 915 1302 oum
940 1238 1133 1316 virginitate
1186 1239 1329 1302 vertitur
1339 1240 1381 1301 ad
1396 1243 1510 1302 Deum.
1526 1240 1631 1304 Pedes
1647 1241 1778 1304 Domini
1792 1241 1990 1319 significant

336 1341 498 1420 concepit.
524 1343 562 1404 ln
588 1341 721 1410 natura,
746 1337 824 1416 quia
849 1353 971 1400 novum
994 1336 1072 1399 iecit
1095 1337 1132 1397 in
1187 1338 1330 1400 sanctos.
1358 1337 1479 1399 Mulier
1506 1339 1572 1402 stat
1598 1354 1694 1400 secus
1721 1339 1821 1418 pedes
1848 1341 1987 1412 Christi,

335 1441 443 1516 signo,
455 1455 540 1502 novo
564 1437 643 1499 iecit
666 1437 701 1498 in
715 1435 823 1498 mode.
849 1438 886 1496 In
909 1434 1030 1511 gratia,
1053 1433 1131 1512 quia
1187 1434 1318 1512 quando
1333 1435 1445 1496 anima
1465 1436 1636 1514 peccatrix
1650 1435 1799 1499 imitatur
1812 1453 1916 1514 opera
1932 1439 1989 1500 vel

334 1553 457 1602 novum
472 1535 550 1598 lecit
574 1535 608 1595 in
623 1532 756 1606 loedero,
779 1548 901 1594 novum
914 1532 993 1594 lecit
1006 1531 1042 1592 in
1054 1547 1132 1592 mu·
1186 1531 1339 1609 exempla
1356 1532 1557 1594 sanctorum.
1574 1533 1745 1610 Lacryrnis
1763 1534 1851 1611 rigat
1868 1535 1985 1612 pedes,

118 1625 126 1635 ’
231 1637 234 1644 ’
336 1649 428 1706 nere,
443 1633 522 1711 quia
547 1635 635 1694 Deus
655 1630 761 1693 iactus
785 1632 837 1692 est
856 1629 967 1702 bom0,
983 1629 1021 1690 ut
1034 1629 1149 1692 bomo¹
1186 1629 1318 1707 quando
1335 1629 1543 1692 commendat
1563 1645 1599 1695 se
1619 1631 1826 1693 orationibus
1843 1635 1986 1694 sancto·

335 1731 431 1796 fieret
442 1734 541 1794 Deus.
555 1732 643 1792 Deus
657 1728 698 1791 de
718 1728 800 1791 coelo
816 1728 858 1790 ad
871 1732 981 1790 terras
991 1726 1134 1788 descen·
1186 1742 1270 1788 rum.
1282 1727 1418 1806 capillis
1429 1727 1500 1790 suis
1509 1727 1620 1803 tergit,
1630 1728 1761 1805 otiando
1771 1728 1985 1790 Christianus

336 1828 395 1903 dit,
412 1829 449 1891 ut
462 1828 561 1891 borno
585 1827 625 1889 de
640 1826 740 1889 terris
755 1826 797 1887 ad
812 1826 913 1889 coelos
923 1824 1130 1887 ascenderet.
1186 1825 1339 1888 subvenit
1353 1824 1605 1888 necessitatibus
1621 1841 1803 1903 pauperum
1824 1826 1864 1888 de
1884 1825 1984 1890 bonis

335 1928 423 1988 Deus
438 1925 545 1988 factus
557 1925 608 1988 est
622 1940 749 1997 servus,
762 1923 799 1985 ut
813 1922 908 1985 tieret
920 1923 1019 1986 homo
1034 1921 1130 1984 liber.
1185 1922 1434 2002 temporalibus
1445 1923 1522 2002 quia
1533 1938 1594 2001 per
1602 1923 1741 2000 capillos
1749 1923 1986 2000 intelliguntur

335 2026 423 2086 Deus
433 2023 540 2086 lactus
555 2021 606 2084 ast
618 2020 779 2094 mortalis,
797 2021 834 2083 ut
845 2020 943 2082 bomo
958 2020 1054 2082 lieret
1067 2019 1134 2080 im·
1185 2019 1271 2082 bona
1287 2021 1494 2099 temporalia.
1511 2021 1551 2083 nt
1569 2021 1655 2082 sicut
1674 2037 1735 2083 nos
1750 2035 1816 2083 non
1831 2021 1984 2084 dolemus

234 2123 238 2130 '
335 2119 497 2184 mortalis.
511 2122 600 2182 Deus
615 2117 722 2181 iactus
748 2119 799 2180 est
823 2132 958 2196 pauper,
985 2119 1021 2180 ut
1037 2117 1133 2179 tieret
1186 2118 1226 2180 de
1245 2118 1408 2181 incisione
1431 2118 1639 2196 capillorum,
1665 2118 1712 2182 ita
1733 2134 1799 2182 non
1823 2118 1984 2181 debemus

336 2219 435 2282 homo
450 2218 554 2280 dives.
583 2217 724 2280 'rantum
739 2219 826 2278 Deus
840 2215 958 2278 dilexit
972 2215 1131 2278 mundum
1185 2215 1299 2278 dolere
1313 2216 1353 2278 de
1372 2215 1621 2294 temporalibus,
1642 2232 1716 2293 quae
1730 2216 1856 2278 vadunt
1869 2219 1905 2278 et
1918 2233 1984 2279 ve·

335 2317 590 2380 utllliumsuum
603 2314 810 2391 unigenitum
822 2314 917 2378 daret
926 2330 986 2394 pro
997 2313 1129 2376 mundo.
1186 2314 1282 2376 niunt
1300 2315 1509 2378 anormatim.
1527 2313 1703 2376 osculatur
1717 2313 1828 2391 pedes,
1849 2315 1983 2391 quando

333 2418 427 2480 Nam
439 2417 584 2491 proprio
597 2414 667 2486 lilio
686 2427 749 2475 suo
764 2427 833 2474 non
853 2413 1010 2488 pepercit
1024 2416 1129 2484 Deus,
1185 2412 1363 2475 veneratnr
1385 2409 1520 2474 etfacit
1544 2410 1766 2474 reverentiam
1793 2411 1929 2484 sanctis,
1949 2412 1985 2474 et

239 2563 243 2572 ,
333 2515 396 2576 scd
427 2527 493 2588 pro
527 2513 623 2573 mdis
661 2512 817 2573 mnibus
854 2510 998 2572 tradidit
1036 2513 1132 2574 iilum
1184 2509 1280 2572 bonis
1296 2509 1500 2572 christianis.

334 2607 444 2689 (Rom.
461 2623 533 2681 vnr,
549 2605 1015 2688 cinnomannorum
1030 2607 1132 2670 canti·
1225 2607 1304 2668 Tria
1323 2608 1403 2669 sunt
1420 2607 1534 2670 oscula
1551 2627 1559 2668 ε
1575 2607 1717 2685 primum
1732 2607 1774 2671 ad
1789 2607 1903 2686 pedes,
1922 2625 1982 2670 se-

335 2721 410 2769 cum
422 2722 557 2778 novum,
573 2704 651 2784 quia
664 2703 832 2766 mirabilia
847 2702 925 2767 iecit
936 2707 1035 2781 Deus,
1052 2704 1131 2782 quia
1185 2704 1329 2768 cundum
1343 2704 1386 2767 ad
1405 2721 1534 2778 manus,
1552 2706 1688 2768 tertium
1707 2706 1749 2768 ad
1767 2721 1805 2769 os
1826 2707 1980 2770 sumitur.

335 2803 455 2866 mulier
476 2819 550 2882 quae
571 2803 644 2865 erat
666 2803 857 2865 incivitate
878 2803 1059 2880 peccatrix,
1087 2803 1130 2865 ad
1186 2803 1222 2862 ln
1238 2801 1345 2878 primo
1359 2800 1523 2878 accipitur
1536 2801 1688 2864 remissio
1706 2802 1927 2879 peccatorum,
1945 2803 1981 2865 in

335 2918 434 2980 quam
458 2901 611 2964 omnibus
637 2899 770 2977 patebat
783 2916 949 2973 accessus,
970 2901 1004 2962 et
1018 2901 1131 2962 nullus
1185 2899 1330 2962 secundo
1347 2913 1468 2960 munus
1482 2899 1653 2969 virtutum,
1669 2899 1705 2960 in
1720 2899 1820 2962 tertio
1834 2899 1982 2976 cognitio

334 2998 523 3078 patiebatur
535 2998 660 3076 abipsa
673 2997 853 3074 repulsum,
866 2995 953 3059 lacta
966 2999 1017 3060 est
1030 3002 1132 3076 Apos-
1185 2997 1397 3060 secretorum.
1410 2997 1558 3060 Primum
1573 2997 1624 3058 ost
1638 2996 1916 3075 propitiatorium,
1930 3015 1984 3060 se·

332 3096 476 3160 telorum
501 3095 663 3174 apostola,
686 3111 746 3173 per
764 3110 864 3172 quem
892 3095 1052 3158 Dominus
1075 3111 1132 3158 re-
1185 3094 1328 3156 cundum
1342 3094 1655 3162 remuneratorium,
1673 3095 1808 3158 tortium
1827 3096 1981 3158 contem-

334 3194 551 3257 surrectionis
562 3209 631 3255 snee
639 3192 796 3270 gaudium
808 3193 977 3270 apostolis
993 3195 1131 3256 nuntia·
1184 3192 1373 3271 pletorium.
1394 3193 1572 3254 osculatur
1591 3193 1691 3269 podes
1710 3192 1768 3270 qui
1786 3193 1920 3256 veniam
1938 3193 1981 3256 de
2081 3179 2082 3186 '

332 3293 392 3355 vit.
408 3293 570 3355 Ettamen
583 3290 720 3352 dimissa
733 3290 999 3368 sunteipeccata
1010 3291 1127 3365 multa,
1184 3291 1328 3368 peccatis
1343 3290 1541 3368 assequitur,
1554 3289 1747 3352 sicutbeata
1764 3290 1871 3352 Maria
1887 3293 1984 3368 Mag·
2081 3285 2082 3308 ¹

334 3391 492 3470 quoniam
505 3388 623 3452 dilexit
638 3389 790 3451 multum.
1184 3388 1315 3462 dalena,
1332 3403 1406 3465 qnae
1425 3387 1579 3452 assecuta
1601 3387 1652 3450 est
1662 3387 1805 3464 gratiam
1819 3404 1840 3450 a
1855 3390 1933 3460 Dec,
1950 3389 1984 3450 et
2081 3375 2082 3430 l

373 3490 502 3550 Mulier
527 3487 642 3548 attulit
665 3487 879 3549 metesinum
906 3489 1074 3564 annuenti
1096 3489 1130 3550 ct
1184 3485 1271 3548 sicut
1294 3499 1410 3547 servus
1433 3485 1488 3546 cui
1510 3485 1547 3546 lit
1568 3500 1588 3546 a
1611 3484 1750 3547 Domino
1771 3483 1982 3562 indulgentia
2081 3539 2082 3572 ,

333 3585 437 3647 rolicti
447 3588 551 3660 pedes
562 3587 702 3647 Domini
714 3581 809 3663 (Luc.
825 3599 884 3657 v11,
901 3581 968 3664 37).
985 3584 1129 3646 Alabas-
1184 3583 1325 3660 alicujus
1341 3582 1488 3656 offensae,
1501 3583 1542 3644 ad
1555 3582 1656 3661 pedes
1668 3582 1818 3644 inclinat.
1832 3586 1902 3644 llos
1916 3600 1980 3660 pe·
2081 3605 2082 3658 l

333 3682 422 3744 trum
459 3683 510 3743 est
542 3697 647 3758 genus
674 3681 903 3745 candidissimi
929 3682 1127 3756 marmoris,
1183 3681 1241 3743 des
1257 3680 1364 3742 tidelis
1379 3680 1560 3753 osculatur,
1576 3681 1654 3742 dum
1669 3696 1705 3742 se
1720 3697 1814 3744 reum
1824 3681 1981 3759 judicans
2081 3695 2082 3760 t

333 3778 437 3841 variis
452 3777 619 3840 coloribus
643 3778 784 3851 intincti,
810 3779 897 3857 quod
912 3780 1027 3842 cavari
1046 3781 1130 3843 solet
1183 3781 1216 3842 et
1230 3777 1390 3841 condiens
1405 3794 1465 3857 per
1481 3777 1745 3842 misericordiam
1761 3779 1831 3849 Dei,
1848 3780 1981 3840 veniam
2081 3799 2082 3860 3

333 3875 375 3936 ad
403 3890 483 3936 vasa
509 3875 749 3951 unguentaria,
780 3877 813 3937 et
836 3877 1003 3951 significat
1030 3877 1129 3940 fldem
1183 3878 1224 3939 de
1240 3876 1385 3955 peccatis
1405 3877 1606 3954 assequitur,
1622 3875 1700 3937 inde
1721 3877 1763 3938 ad
1785 3891 1903 3938 manus
1922 3893 1982 3938 ao-

333 3972 493 4049 gentium,
510 3985 584 4048 quae
600 3971 663 4032 suit
677 3985 760 4049 pura
773 3972 807 4034 et
832 3973 955 4035 munda
977 3974 1010 4036 et
1025 3976 1129 4038 variis
1183 3975 1280 4047 cedit,
1299 3991 1378 4036 nam
1392 3990 1511 4036 manus
1525 3974 1567 4035 ad
1587 3989 1688 4051 opera
1710 3973 1886 4051 pertinent.
1911 3977 1979 4036 Has
2081 4005 2082 4008 ¹

332 4068 512 4132 virtutibus
538 4069 710 4132 adornata.
728 4072 793 4130 Per
811 4069 911 4147 pedes
929 4072 1061 4134 Domini
1076 4073 1131 4134 in·
1184 4072 1352 4134 osculetur
1366 4072 1443 4134 dum
1459 4071 1599 4148 suscipit
1612 4087 1632 4133 a
1645 4075 1713 4134 Deo
1727 4071 1844 4147 gratiae
1860 4087 1981 4134 munus

330 4168 495 4246 telligitur
514 4168 708 4246 mysterium
727 4167 981 4230 incarnationis.
1007 4170 1129 4234 Mulier
1183 4185 1247 4245 quo
1271 4167 1354 4231 bene
1374 4169 1538 4246 operetur,
1565 4167 1805 4232 abrenuntians
1826 4167 1983 4246 volupta-

331 4266 502 4345 peccatrix
523 4265 614 4329 stetit
639 4282 735 4328 secus
758 4265 858 4344 pedes
887 4268 970 4344 ejus,
997 4268 1128 4344 quando
1182 4265 1270 4328 tibus
1284 4267 1318 4328 et
1327 4265 1502 4330 desideriis
1517 4265 1719 4340 carnalibus,
1729 4268 1776 4338 ut,
1786 4265 1873 4329 sicut
1887 4267 1982 4328 exbi-

331 4364 544 4442 congregatio
556 4362 704 4441 gentium
715 4363 856 4426 credidit
876 4364 950 4440 post
966 4363 1127 4426 incarna—
1181 4362 1253 4426 buit
1275 4363 1422 4426 membra
1438 4379 1498 4427 sua
1513 4363 1730 4426 immunditiae
1746 4364 1779 4427 et
1796 4363 1978 4442 iniquitati,

330 4462 455 4525 tionem
471 4465 557 4542 ejus.
592 4465 774 4539 Lacrymae,
795 4463 882 4525 sicut
906 4462 987 4525 dicit
1011 4462 1127 4526 beatus
1181 4461 1228 4524 ita
1251 4478 1339 4524 nunc
1359 4461 1516 4524 exhibeat
1532 4461 1672 4540 justitiae
1694 4462 1727 4524 et
1746 4461 1918 4524 munditiae
1938 4461 1980 4524 ad

331 4559 524 4635 Gregorius,
541 4557 619 4620 sunt
633 4558 723 4620 intus
738 4559 772 4620 et
785 4560 910 4621 exeunt
935 4559 1027 4621 loris.
1048 4561 1126 4621 Mu·
1182 4561 1489 4622 sanctificationem.
1520 4561 1640 4622 Manus
1674 4559 1783 4622 dantis
1811 4559 1981 4622 osculatur

331 4656 396 4718 lier
406 4657 529 4732 rigavit
539 4656 697 4732 lacrymis
713 4655 813 4732 pedes
827 4657 971 4729 Domini,
996 4657 1127 4735 quando
1182 4658 1238 4734 qui
1260 4656 1394 4734 aliquod
1416 4671 1536 4718 munus
1559 4655 1698 4733 suscipit
1719 4656 1772 4718 val
1792 4657 1848 4733 qui
1868 4656 1978 4718 offert.

332 4753 545 4830 congregatio
555 4753 705 4830 gentium
715 4753 815 4816 etiam
826 4753 1023 4831 sanguinem
1031 4773 1127 4818 suurn
1182 4754 1651 4832 Italidelisquisedevcvetet
1664 4753 1979 4830 mancipatservitic

330 4850 415 4916 ludit
430 4867 490 4930 pro
502 4850 644 4914 Christo.
659 4851 778 4929 Capilli
800 4851 919 4929 capitis
934 4854 1012 4915 sunt
1032 4853 1128 4930 cogi·
1182 4853 1252 4925 Dei,
1269 4869 1403 4914 manum
1424 4851 1548 4914 dicitur
1566 4849 1723 4914 osculari.
1740 4851 1897 4912 Osculum
1912 4851 1980 4914 oris

330 4949 475 5013 tationes
515 4949 646 5012 mentis.
686 4949 791 5012 Pedes
827 4950 959 5027 capillis
997 4951 1127 5029 tergere
1181 4950 1358 5022 desiderat,
1387 4949 1484 5021 idest,
1512 4949 1621 5027 ipsum
1647 4948 1865 5025 contemplari
1892 4949 1982 5012 desi-

329 5051 380 5112 est
394 5047 590 5110 munditiam
610 5047 853 5110 incarnationis
873 5047 995 5111 christi
1017 5052 1126 5113 mente
1180 5048 1286 5120 derat,
1304 5050 1399 5124 cujus
1419 5046 1626 5110 dulcedinem
1645 5049 1716 5124 jam
1737 5046 1980 5124 aliquantulum

329 5145 488 5223 cogitare.
518 5144 633 5206 solent
657 5143 747 5206 enim
770 5144 916 5208 tersione
938 5145 1053 5207 sordes
1068 5146 1128 5207 de-
1181 5145 1405 5223 preegustavit,
1423 5145 1481 5207 sed
1503 5143 1758 5223 contemplando
1779 5144 1918 5207 anhelat
1937 5147 1979 5206 ad

329 5242 402 5305 leri.
418 5241 574 5304 Osculum
587 5241 778 5319 estsignum
791 5241 991 5306 dilectionis.
1006 5242 1127 5304 Mulier
1180 5243 1378 5306 suavitatem
1392 5244 1426 5306 et
1443 5242 1602 5321 gaudium
1620 5241 1772 5305 visionis.
1790 5241 1894 5319 Ungit
1912 5259 1979 5304 un-

329 5341 543 5404 osculabatur
573 5340 673 5419 pedes
700 5340 850 5414 Domini,
878 5340 1010 5418 quando
1042 5355 1125 5402 con-
1179 5341 1316 5418 gnento,
1334 5341 1466 5420 quaudo
1481 5341 1669 5404 humilitate
1688 5340 1722 5402 et
1736 5338 1914 5403 devotione
1928 5340 1980 5404 di-

329 5439 478 5518 gregatio
506 5440 652 5517 gentium
675 5437 834 5515 diligebat
858 5437 1123 5501 incarnationem
1180 5440 1254 5517 ligit
1272 5440 1407 5504 sanctos
1423 5439 1587 5517 attuatos,
1613 5439 1686 5520 pios
1701 5438 1735 5501 et
1755 5437 1932 5515 religiosos
1948 5439 1981 5500 et

330 5533 1120 5616 christi,perquamliberataestapcccatis.Un·
1179 5537 1332 5602 timentes
1346 5541 1461 5601 Deum.
