4214 6400
145 359 186 424 45
677 385 679 388 ·
781 357 1010 422 EPISTOLAE.
1034 356 1112 422 LIB.
1137 355 1160 419 I.
1617 373 1620 378 ’
1752 355 1791 412 46

144 519 311 608 abbati.si
334 521 444 582 tamen
471 518 628 582 sacerdos
652 520 762 592 suerit,
791 521 942 598 proprios

143 617 291 680 novitios
303 616 511 686 benedicere,
527 619 561 679 et
572 617 639 679 alia
651 634 724 694 quae
739 617 780 678 ad
796 617 942 679 osticium

145 732 244 777 suum
258 715 425 792 pertinent
437 730 605 786 exercere,
623 716 689 777 eta
711 714 815 786 vobis,
831 715 942 776 omnia

145 813 188 875 ab
210 813 276 874 alio
302 813 456 888 episcopo
484 812 656 889 percipere
679 827 753 888 quae
786 812 942 873 avestro

143 910 270 972 fuerint
284 909 429 970 indebite
444 909 617 984 denegata.
636 909 720 969 lllud
735 908 940 986 adjicientes,

124 1009 183 1070 ut
195 1009 232 1067 in
255 1006 456 1084 recipiendis
478 1007 739 1084 professionibus
757 1021 830 1084 quae
850 1007 943 1068 abc-

143 1104 288 1166 nedictis
312 1105 367 1165 vel
391 1103 625 1165 benedicendis
647 1103 821 1164 abbatibus
840 1103 941 1164 exhi-

142 1201 276 1273 bentur,
289 1217 327 1262 aa
337 1200 405 1262 sint
413 1201 560 1278 episcopi
569 1199 674 1260 torma
686 1201 718 1261 et
727 1201 942 1278 expressione

143 1298 291 1360 contenti
300 1314 374 1376 qzzae
383 1297 560 1373 aborigine
571 1297 699 1358 ordinis
708 1297 859 1358 noscitur
871 1299 944 1358 ins-

143 1397 257 1468 tituta,
276 1398 312 1457 ut
328 1395 457 1456 scilicet
480 1394 616 1456 abbates
636 1394 702 1472 ipsi
718 1395 810 1456 salvo
826 1394 943 1456 ordine

144 1508 208 1554 suo
223 1491 372 1570 profiteri
387 1491 538 1562 debeant,
554 1492 588 1554 et
611 1494 726 1553 contra
744 1491 867 1553 statuta
883 1507 942 1552 or-

145 1590 237 1650 dinis
252 1589 304 1650 sui
319 1588 445 1650 nullam
463 1587 705 1667 professionem
727 1588 837 1650 iacere
853 1604 945 1650 com-

147 1687 326 1764 pellantur.
344 1689 409 1747 Pro
433 1685 742 1747 consecrationibus
765 1686 944 1748 veroalta-

146 1785 237 1845 rium
251 1783 304 1844 vel
329 1782 557 1854 ecclesiarum,
574 1783 645 1844 sive
667 1799 726 1860 pro
738 1783 811 1844 oleo
827 1783 942 1845 sancto

145 1881 201 1943 vel
210 1880 357 1959 quolibet
367 1880 592 1942 ecclesiastico
604 1880 943 1953 sacramento,nullus

147 1977 284 2062 a,vobis
300 1977 361 2039 sub
383 1977 519 2040 obtentu
540 1977 788 2038 consuetudinis
802 1978 855 2038 vel
877 1977 944 2040 aiio

147 2075 246 2136 modo
260 2074 438 2152 quidquam
452 2074 573 2135 audeat
583 2075 790 2160 extorquere,
806 2073 944 2135 sedhaec

148 2173 263 2234 omnia
287 2171 391 2247 gratis
422 2171 517 2233 vobis
544 2170 717 2248 episcopus
745 2171 943 2232 diocesanus

146 2269 327 2346 impendat.
336 2267 491 2347 Alioquin
499 2267 697 2331 liceatvobis
706 2284 943 2346 quemcumque

147 2366 335 2428 malueritis
368 2365 566 2428 catholicum
604 2366 696 2427 adire
728 2365 941 2438 ambientem,

146 2464 291 2540 gratiam
318 2463 351 2525 et
385 2463 650 2526 communionem
675 2463 873 2541 apostolice
890 2465 945 2524 Se·

145 2561 201 2622 dis
225 2561 415 2633 habentem,
441 2562 499 2639 qui
527 2562 641 2624 nostra
667 2561 771 2622 fretus
795 2561 944 2623 auctori-

147 2659 220 2721 tate
234 2658 328 2720 vobis
343 2658 428 2736 quod
447 2659 634 2736 postulatur
655 2657 835 2736 impendat.
852 2659 943 2730 Quod

195 2755 290 2817 sedes
303 2755 483 2817 dioecesani
502 2755 647 2834 episcopi
667 2755 751 2832 torta
763 2755 941 2829 vacaverit,

147 2853 285 2915 interim
303 2853 413 2914 omnia
435 2853 660 2915 ecclesiastica
682 2853 891 2914 sacramenta
924 2869 943 2914 a

147 2951 272 3014 vicinis
287 2952 451 3028 episcopis
467 2951 618 3028 accipere
639 2951 743 3012 libere
764 2951 796 3012 et
820 2950 944 3028 absque

148 3048 412 3110 contradictione
426 3048 571 3125 possitis,
589 3049 636 3109 sic
647 3049 757 3109 tamen
774 3047 808 3110 ut
822 3063 865 3108 ex
881 3047 944 3109 hoc

147 3146 187 3207 in
203 3146 369 3222 posterum
381 3145 525 3223 propriis
539 3145 704 3222 episcopis
715 3145 841 3206 nullum
857 3161 946 3222 prae-

145 3241 312 3320 judicium
338 3242 525 3318 generetur.
551 3243 634 3314 Quia
668 3259 748 3304 vero
779 3243 943 3304 interdum

147 3340 359 3417 propriorum
381 3341 611 3418 episcoporum
633 3341 762 3417 copiam
788 3357 854 3402 nou
876 3342 943 3402 ha-

147 3437 245 3509 betis,
263 3439 292 3498 si
320 3453 416 3515 quem
432 3438 634 3516 episcopum,
652 3441 811 3500 Romanae
834 3439 941 3512 SediS,

148 3535 187 3596 ut
200 3534 355 3608 diximus,
379 3535 522 3612 gratiam
543 3537 576 3599 et
597 3537 862 3597 communionem
882 3536 945 3597 ha-

146 3630 291 3704 bentem,
308 3632 341 3694 et
354 3633 395 3693 de
410 3649 474 3710 quo
486 3633 618 3710 plenam
642 3633 794 3694 notitiam
813 3633 943 3694 habea-

147 3729 204 3801 tis,
219 3745 278 3805 per
290 3746 351 3790 vos
364 3731 508 3793 transire
523 3731 708 3806 contigerit,
725 3729 767 3791 ab
784 3745 824 3792 eo
847 3729 945 3792 bene·

148 3825 944 3898 dictionesvasorumetvestium,consecrationes

146 3923 315 3997 altarium,
332 3924 557 3986 ordinationes
572 3923 809 3985 monachorum
829 3926 945 3986 aucto-

146 4021 248 4083 ritate
273 4021 470 4098 Apostolicae
493 4021 587 4082 Sedis
616 4022 766 4097 recipere
790 4021 940 4083 valeatis.

147 4121 255 4181 Porro
271 4119 298 4178 si
309 4119 455 4196 episcopi
467 4119 521 4180 rel
532 4118 589 4180 alii
603 4119 820 4180 ecclesiarum
834 4120 945 4181 racto-

147 4231 206 4276 res
221 4217 256 4276 in
280 4216 517 4278 monasterium
542 4217 689 4278 vestrum
709 4216 763 4276 vel
784 4231 944 4294 personas

147 4313 234 4374 inibi
259 4313 455 4376 constitutas
478 4314 724 4390 suspensionis,
748 4329 944 4374 excommu-

146 4411 328 4472 nicationis
336 4411 389 4472 vel
402 4411 571 4473 interdicti
585 4411 782 4472 sententiam
797 4413 945 4488 promul-

148 4509 316 4586 gaverint,
328 4510 399 4571 sive
410 4509 510 4570 etiam
522 4509 558 4569 in
573 4509 796 4570 mercenarios
804 4510 942 4582 vestros,

148 4621 211 4683 pro
226 4621 266 4666 eo
281 4605 367 4682 quod
380 4605 541 4676 decimas,
565 4605 651 4666 sicut
665 4605 788 4666 dictum
803 4607 863 4677 est,
877 4623 944 4666 non

148 4701 352 4781 persolvitis,
383 4701 455 4762 sive
477 4701 589 4778 aliqua
623 4701 797 4764 occasione
830 4718 944 4763 eorum

148 4816 225 4878 quae
241 4799 282 4860 ab
298 4799 479 4878 apostolica
491 4798 695 4874 benignitate
709 4799 803 4860 vobis
817 4799 945 4862 indulta

148 4899 239 4969 sunt,
256 4913 316 4957 seu
330 4895 558 4957 benefactores
573 4895 713 4967 vestros,
730 4911 790 4973 pro
805 4911 844 4957 eo
860 4897 945 4975 quod

148 4995 263 5072 aliqua
275 4993 369 5056 vobis
387 4991 549 5054 beneficia
559 4991 612 5053 vel
628 4991 784 5070 obsequia
798 5010 841 5054 ex
858 4995 947 5055 cari-

147 5094 218 5156 tate
244 5091 470 5169 praestiterint,
483 5089 536 5150 vel
557 5089 597 5149 ad
618 5089 835 5150 laborandum
850 5093 948 5170 adju-

147 5190 262 5252 verint
272 5189 307 5250 iu
322 5189 388 5249 illis
402 5186 572 5254 diebus,in
581 5185 698 5262 quibus
706 5203 763 5248 vos
776 5186 944 5262 laboratis,

149 5289 186 5349 ai
206 5287 266 5348 alii
287 5285 460 5356 feriantur,
481 5283 630 5344 eamdem
654 5285 850 5346 sententiam
866 5302 946 5363 per-

150 5383 417 5461 tuleriut‚ipsam
432 5381 589 5458 tanquam
607 5380 723 5441 contra
735 5381 828 5442 Sedis
842 5385 949 5459 Apos-

147 5477 945 5556 tolicaeindultaprolatamduximusirritandam.

149 5581 223 5640 Nec
245 5578 365 5640 litterae
387 5577 453 5638 illae
476 5575 665 5637 firmitatem
686 5573 839 5648 habeant,
864 5593 946 5653 quas

151 5675 254 5741 tacito
267 5675 400 5737 nomine
416 5673 646 5738 Cisterciensis
658 5673 784 5736 ordinis
793 5673 946 5736 etcontra

997 519 1146 581 tenorem
1163 515 1419 594 apostolicorum
1435 513 1685 593 privilegiorum
1695 529 1793 574 cons·

996 624 1102 686 titerit
1120 623 1302 698 impetrari.
1325 621 1491 682 Praeterea
1518 637 1593 681 cum
1619 635 1792 681 commune

995 721 1207 782 interdictum
1233 720 1332 781 terrae
1350 718 1460 790 luerit,
1477 717 1577 780 liceat
1594 716 1688 779 vobis
1701 715 1792 776 nihi-

996 819 1140 878 lominus
1153 817 1187 877 in
1209 817 1321 878 vestro
1336 815 1549 888 monasterio,
1569 814 1714 876 exclusis
1727 830 1792 874 ex-

997 911 1247 976 communicatis
1266 914 1299 975 et
1322 912 1519 986 interdictis,
1545 911 1658 974 divina
1681 910 1792 972 osticia

997 1012 1179 1073 celebrare.
1217 1011 1297 1072 Paci
1337 1026 1466 1088 quoque
1494 1009 1527 1071 et
1558 1008 1793 1086 tranquillitati
1839 1083 1841 1087 Ι

997 1109 1116 1169 vestrae
1142 1107 1280 1184 paterna
1308 1107 1539 1184 inposterum
1567 1103 1791 1166 sollicitudine

997 1205 1171 1282 providere
1195 1205 1358 1276 volantes,
1379 1203 1576 1265 auctoritate
1602 1203 1792 1278 Apostolica

996 1301 1221 1378 prohibemus,
1235 1302 1271 1363 ut
1282 1301 1370 1362 iutra
1379 1300 1555 1362 clausuras
1568 1300 1716 1361 locorum
1730 1316 1790 1360 seu

997 1399 1212 1476 grangiarum
1236 1399 1422 1460 vestrarum
1435 1397 1547 1458 nullus
1568 1397 1720 1472 rapinam
1733 1413 1793 1458 seu

997 1495 1120 1557 turtum
1132 1494 1253 1568 iacere,
1277 1495 1388 1571 ignem
1402 1511 1579 1572 apponere,
1597 1495 1792 1570 sanguinem

997 1591 1146 1664 tundere,
1159 1591 1325 1652 hominem
1346 1593 1470 1652 temere
1486 1607 1604 1668 capere
1616 1591 1668 1652 vel
1688 1591 1793 1653 inter-

998 1689 1108 1761 licere,
1123 1705 1181 1749 seu
1189 1689 1382 1751 violentiam
1394 1689 1515 1750 audeat
1525 1704 1693 1750 exercere.
1706 1692 1793 1750 Prae-

997 1789 1089 1848 terea
1113 1801 1227 1847 omnes
1251 1785 1420 1847 libertates
1455 1788 1488 1847 et
1517 1787 1743 1848 immunitates
1771 1801 1791 1848 a

998 1883 1300 1961 praedeoessoribus
1326 1883 1461 1952 nostris,
1478 1883 1637 1945 Romanis
1653 1883 1793 1944 Pontid-

999 1981 1104 2054 cibuS,
1122 1981 1230 2042 ordini
1245 1982 1356 2044 vestro
1372 1995 1560 2052 concessae,
1586 1995 1648 2041 nec
1664 1995 1729 2041 non
1745 1981 1792 2039 li-

998 2077 1143 2140 bertates
1163 2077 1196 2140 et
1213 2078 1440 2154 exemptiones
1466 2076 1668 2138 secularium
1688 2093 1792 2137 exac-

997 2177 1124 2236 tionum
1147 2190 1167 2236 a
1191 2175 1325 2252 regibus
1347 2175 1380 2236 et
1407 2175 1614 2252 principibus
1638 2175 1692 2236 vel
1715 2175 1792 2236 aliis

999 2273 1150 2333 fidelibus
1163 2272 1410 2335 rationabiliter
1429 2272 1524 2336 vobis
1545 2272 1692 2334 indultas
1712 2289 1794 2334 auo-

997 2369 1333 2446 toritatehpostolica
1342 2369 1576 2430 confirmamus
1585 2369 1793 2446 etpraescntis

999 2467 1114 2543 scripti
1125 2466 1301 2543 privilegio
1315 2466 1795 2528 communimusllecernimus

999 2579 1090 2640 ergo,
1103 2565 1139 2626 ut
1150 2563 1234 2624 nulli
1253 2564 1388 2624 omnino
1403 2563 1574 2624 hominum
1587 2563 1688 2625 liceat
1701 2580 1792 2640 prae-

998 2659 1101 2722 latum
1115 2660 1353 2722 monasterium
1374 2661 1498 2722 temere
1510 2660 1714 2737 perturbare,
1736 2663 1794 2722 aut

999 2763 1071 2838 ejus
1088 2759 1317 2835 possessiones
1335 2758 1479 2829 auterre,
1495 2757 1548 2820 val
1564 2757 1691 2818 ablatas
1711 2747 1794 2819 reti-

999 2872 1090 2928 nere,
1107 2856 1269 2927 minuere,
1282 2871 1341 2916 seu
1350 2853 1550 2932 quibuslibet
1561 2854 1794 2916 vexationibus

998 2952 1151 3028 fatigare,
1175 2953 1232 3014 sed
1256 2953 1367 3014 omnia
1387 2952 1519 3028 integra
1541 2954 1791 3020 conserventur,

999 3067 1113 3113 eorum
1125 3067 1185 3127 pro
1198 3066 1337 3128 quorum
1350 3049 1589 3126 gubernatione
1604 3066 1644 3110 ac
1661 3051 1795 3111 susten-

998 3148 1123 3211 tatione
1149 3163 1307 3209 concessa
1335 3148 1412 3209 sunt
1446 3146 1561 3208 usibus
1594 3147 1792 3208 omnimodis

999 3245 1182 3322 protutura,
1199 3245 1292 3306 salva
1308 3246 1402 3306 Sedis
1425 3245 1624 3326 Apostolica
1642 3245 1791 3305 auctori-

997 3347 1075 3404 tate.
1092 3343 1127 3402 Si
1141 3357 1205 3419 qua
1218 3342 1320 3417 igitur
1342 3342 1378 3402 in
1397 3340 1544 3403 futurum
1566 3341 1792 3402 ecclesiastica

999 3439 1200 3501 secularisve
1219 3452 1361 3514 persona
1383 3437 1469 3498 hanc
1488 3438 1610 3498 nostrae
1632 3438 1795 3498 constitu-

998 3537 1098 3598 tionis
1126 3535 1281 3612 paginam
1305 3535 1413 3595 sciens
1436 3535 1550 3596 contra
1572 3550 1645 3594 cam
1668 3535 1793 3594 temere

997 3633 1112 3695 venire
1139 3632 1327 3703 tentaverit,
1353 3631 1497 3692 secundo
1526 3630 1665 3692 tertiove
1700 3646 1792 3691 com—

999 3731 1134 3801 monita,
1151 3729 1216 3789 nisi
1227 3730 1356 3790 reatum
1368 3745 1464 3788 suum
1475 3743 1621 3802 congrua
1634 3727 1791 3788 satisfac-

998 3829 1087 3891 tione
1106 3827 1300 3898 correxerit,
1321 3825 1494 3902 potestatis
1519 3825 1720 3902 honorisque
1740 3826 1793 3885 sui

999 3925 1158 4001 dignitate
1179 3925 1302 3995 careat,
1319 3939 1476 4000 reamque
1492 3939 1527 3983 se
1543 3923 1655 3984 divino
1665 3923 1792 3999 jndicio

998 4023 1142 4084 existere
1153 4021 1192 4082 de
1212 4023 1400 4098 perpetrata
1416 4021 1590 4096 iniquitate
1604 4022 1791 4096 cognoscat,

998 4123 1062 4181 eta
1082 4119 1307 4180 sacratissimo
1325 4133 1464 4195 corpore
1490 4133 1529 4178 ac
1549 4117 1711 4192 sanguine
1733 4118 1792 4178 Dei

998 4220 1031 4280 et
1044 4217 1175 4278 Domini
1190 4214 1418 4291 Redemptoris
1439 4214 1545 4274 nostri
1566 4215 1647 4275 Jesu
1670 4213 1793 4276 Christi

998 4313 1189 4385 alienafiat,
1206 4313 1304 4388 atque
1323 4313 1358 4371 in
1380 4311 1527 4371 extremo
1550 4309 1703 4371 examine
1725 4310 1795 4372 dis-

997 4407 1799 4486 trictaeultionisubjaceat.Cunctisautemeidem-

998 4511 1071 4572 loco
1095 4524 1155 4568 sua
1178 4509 1256 4584 jura
1280 4505 1489 4568 servantibus
1516 4505 1559 4566 sit
1582 4521 1648 4582 pax
1663 4506 1794 4568 Domini

999 4606 1104 4669 nostri
1115 4607 1195 4668 Jesu
1210 4603 1342 4675 Christi,
1362 4603 1524 4681 quatenus
1539 4603 1571 4664 et
1585 4603 1639 4664 hic
1652 4603 1799 4664 trucium

999 4705 1094 4766 bonae
1119 4703 1259 4764 actionis
1283 4701 1480 4778 percipiant,
1495 4701 1528 4762 et
1551 4701 1637 4778 apud
1662 4699 1798 4763 distric-

999 4805 1068 4864 tum
1072 4797 1792 4878 judicempraemiaaeternaepacisinveniant.

999 4904 1115 4960 Amen.
1129 4901 1245 4957 Amen.
1257 4897 1374 4956 Amen.

1041 4999 1108 5071 Ego
1121 4994 1299 5065 Honorius,
1313 4991 1485 5053 catholicae
1496 4991 1652 5052 Ecclesiae
1666 4992 1798 5069 episco-

1000 5109 1073 5171 pus,
1091 5089 1285 5166 subscripsi.

1041 5193 1109 5264 Ego
1121 5190 1150 5249 N
1154 5187 1292 5258 icolaus,
1304 5183 1511 5247 Tusculanus
1523 5185 1708 5262 episcopus
1723 5186 1799 5247 sub-

1002 5285 1133 5362 scripsi.

1041 5385 1109 5459 Ego
1129 5379 1246 5452 (luido,
1262 5379 1489 5440 Praenestinus
1510 5377 1695 5456 episcopus,
1717 5380 1799 5442 sub-

1002 5479 1132 5556 scripsi.

1041 5579 1108 5652 Ego
1126 5574 1322 5650 Hugolinus,
1347 5572 1507 5634 Ostiensis
1529 5573 1562 5635 et
1582 5573 1801 5636 velletrensis

1002 5673 1187 5751 episcopus,
1204 5670 1396 5747 subscripsi.
