4200 6404
141 336 204 399 scs
619 341 744 402 xv.-
764 341 809 404 ιιι
832 341 1134 436 rnsrosuucrr
1155 343 1308 405 Jaconr.
1626 309 1634 338 '
1734 295 1804 409 aro

133 498 243 560 dedet
278 499 432 561 odorem
460 501 494 563 et
523 499 644 576 peleus
670 503 799 576 alicuid
826 505 867 564 ab
899 517 938 564 eo
1032 501 1284 576 concinnitas,
1298 501 1377 581 quid
1391 499 1552 566 dicamde
1566 503 1792 582 tetquomodo

136 594 271 675 (Matth.
285 612 345 669 xx,
367 594 434 677 20).
993 598 1133 660 laudabo
1156 601 1208 662 tei
1232 600 1267 662 si
1288 616 1438 678 saperem
1458 601 1507 675 te,
1524 601 1731 680 appretiarer
1744 602 1791 664 te.

176 695 284 756 Mater
311 695 457 756 tiliorum
492 696 642 760 Zebedaei
665 699 806 760 vocatur
830 697 937 758 Maria
993 698 1028 760 Si
1055 698 1173 776 scirem
1196 698 1355 775 quantum
1377 698 1480 771 vales,
1502 699 1646 777 pretium
1660 715 1790 777 appen-

137 791 282 854 Salome.
306 795 403 854 Anna
427 794 460 857 et
479 795 611 856 Emeria
626 795 699 856 duae
715 811 847 858 sorores
864 794 939 856 lue-
992 794 1104 856 derem
1126 796 1244 873 prote.
1266 796 1330 858 Sed
1351 796 1436 858 sorte
1463 797 1596 858 excedis
1621 797 1793 874 angustias

135 892 226 952 runt
244 894 290 952 De
304 891 436 952 Emeria
451 895 529 955 nata
541 894 592 956 est
609 893 795 967 Elisabeth3
812 893 853 954 de
868 893 939 954 Eli·
993 908 1093 964 meas,
1109 909 1169 955 nec
1182 893 1325 970 pretium
1336 893 1488 957 invenire
1499 895 1614 972 potero
1626 895 1713 974 apud
1727 911 1789 958 me.

136 988 256 1050 sabeth
278 987 395 1050 heatus
414 991 560 1052 loannes
579 991 738 1068 Baptista.
762 995 858 1054 Anna
875 1007 936 1053 ao·
993 990 1083 1052 Dabo
1095 993 1206 1053 tamen
1221 981 1308 1068 quod
1319 991 1438 1064 haheo,
1455 994 1488 1054 et
1503 993 1608 1055 totum
1627 994 1714 1070 quod
1730 993 1793 1054 ha-

136 1085 387 1164 cepitloachim
404 1087 573 1161 invirum,
592 1088 766 1168 dequibus
789 1091 869 1152 nata
888 1090 939 1150 est
991 1087 1064 1158 heo,
1093 1088 1188 1151 daho.
1215 1090 1332 1151 Totum
1354 1091 1440 1167 quod
1463 1091 1513 1152 est
1538 1091 1573 1152 in
1601 1091 1792 1154 habitaculo

135 1183 241 1246 Beata
263 1184 372 1247 Maria
385 1186 492 1247 mater
506 1186 649 1248 Domini.
672 1187 804 1249 Mortuo
827 1189 937 1249 autem
992 1187 1141 1263 corporis
1165 1187 1242 1257 mei,
1258 1203 1317 1264 pro
1332 1188 1364 1249 te
1376 1187 1471 1261 daho,
1489 1187 1575 1266 quod
1593 1191 1792 1252 tamencum

134 1282 289 1344 Joachim
304 1282 444 1360 cleopas
459 1283 554 1346 duxit
565 1287 707 1357 Annam,
721 1286 755 1348 θῖ
768 1285 883 1362 genuit
895 1301 939 1346 θιι
991 1282 1096 1346 totum
1109 1284 1241 1357 dedero,
1263 1285 1359 1362 quasi
1371 1285 1514 1347 nihilum
1528 1285 1698 1364 reputabo.
1715 1290 1794 1354 Om-

135 1396 179 1441 ea
213 1381 353 1442 alteram
390 1381 542 1454 Mariam,
572 1398 646 1459 quas
681 1382 804 1445 dicitnr
830 1384 938 1444 Maria
992 1397 1051 1442 nes
1077 1383 1188 1443 carnis
1213 1382 1413 1460 voluptates,
1438 1399 1553 1446 omnes
1572 1385 1693 1446 animae
1707 1401 1790 1454 meae

11 1479 21 1488 '
40 1485 66 1502 “·
95 1511 102 1518 ·
119 1478 281 1556 -Gleopae,
296 1494 395 1555 quam
409 1479 548 1556 cleopas
563 1479 775 1556 desponsavit
787 1479 937 1559 Alphaeo,
988 1478 1214 1556 jucunditates
1230 1495 1290 1557 pro
1302 1482 1336 1541 te
1350 1480 1569 1554 commutabo,
1586 1483 1623 1544 ιιῖ
1639 1483 1672 1543 ῖθ
1687 1483 1793 1546 solam

135 1575 179 1636 de
196 1591 260 1653 qua
284 1577 382 1638 natus
401 1576 608 1639 estJaoohus
623 1577 733 1640 minor
749 1579 782 1640 θῖ
800 1578 936 1656 loseph.
993 1574 1126 1646 hahere,
1143 1577 1175 1638 te
1190 1577 1295 1638 solam
1309 1577 1438 1639 valeam
1453 1577 1635 1655 possidere,
1654 1581 1704 1641 Tu
1718 1581 1791 1642 sola
1888 1601 1892 1610 ’

136 1673 366 1736 Undedicitor
376 1673 520 1736 Jacohus
532 1675 672 1752 Alphaei.
684 1676 814 1738 Mortuo
829 1677 938 1738 autern
993 1672 1074 1734 mihi
1104 1673 1248 1744 charior,
1282 1675 1318 1736 tu
1344 1674 1416 1736 sola
1439 1675 1635 1753 jucundior,
1660 1677 1697 1738 tu
1720 1677 1794 1740 sola

136 1771 272 1848 Cleopa,
296 1775 393 1832 Anna
411 1773 509 1834 tertio
527 1773 646 1835 marito
669 1774 800 1836 salome
814 1774 936 1851 nupsit,
993 1771 1138 1833 suavior.
1173 1771 1348 1834 Plenitudo
1372 1771 1536 1849 siqnidem
1559 1773 1643 1849 legis
1666 1775 1717 1836 est
1737 1775 1793 1836 di-

136 1869 195 1946 qui
216 1869 331 1946 genuit
349 1885 393 1931 ex
413 1885 453 1933 ea
474 1867 614 1932 alteram
630 1872 786 1945 Mariam,
805 1872 845 1934 de
861 1887 936 1950 qua,
993 1867 1102 1942 lactis,
1119 1884 1158 1931 eo
1178 1869 1265 1946 quod
1284 1869 1341 1931 lex
1363 1870 1399 1932 in
1413 1870 1515 1932 verbo
1542 1870 1717 1934 charitatis
1736 1873 1793 1934 in·

137 1967 340 2044 desponsata
356 1967 524 2041 Zebedaeo,
541 1969 612 2030 nati
628 1971 706 2032 sunt
718 1969 862 2034 Jacohus
875 1970 940 2032 mi·
993 1967 1173 2039 stauretur,
1188 1968 1221 2030 et
1230 1969 1299 2029 tota
1306 1967 1362 2029 lex
1373 1984 1434 2045 per
1446 1983 1520 2030 eam
1529 1969 1697 2046 impletur.
1709 1970 1793 2041 Quid

136 2080 201 2126 nor
221 2064 255 2126 θῖ
267 2066 414 2127 loannes
438 2066 660 2142 Evangelista.
689 2070 738 2130 Ita
756 2069 808 2130 est
830 2067 939 2130 Maria
993 2079 1073 2140 ergo
1096 2064 1230 2142 expedit
1255 2064 1387 2127 diversa
1414 2081 1576 2143 quaerere,
1601 2067 1658 2128 uhi
1682 2067 1790 2130 omnis

138 2161 272 2223 salome
283 2163 391 2224 mater
402 2162 546 2225 filiorum
556 2163 706 2226 Zebedaei
721 2164 762 2225 de
775 2179 840 2241 qua
854 2164 939 2227 dici·
993 2163 1289 2226 consummationis
1309 2164 1401 2227 videt
1421 2165 1495 2242 quis
1517 2165 1617 2227 finem
1644 2167 1678 2229 θῖ
1701 2181 1793 2230 oom-

68 2299 72 2304 ›
135 2263 195 2320 tur
205 2260 239 2320 in
252 2259 426 2335 evangelio
440 2260 526 2338 quod
541 2261 638 2324 modo
649 2261 789 2324 audistis
799 2284 806 2322 ι
816 2268 940 2326 Aeoes-
992 2261 1170 2338 pletionem
1185 2277 1204 2322 r
1219 2263 1231 2322 i

134 2357 220 2418 sit...
233 2358 340 2418 Maria
352 2357 593 2435 interpretatur
602 2359 792 2420 illuminata
802 2359 855 2421 vel
866 2359 940 2422 illu·
1034 2359 1099 2421 Sed
1127 2359 1230 2421 latum
1258 2359 1449 2422 mandatum
1478 2361 1652 2423 charitatis
1680 2359 1791 2426 nimis.

134 2454 298 2517 minatrix
316 2456 370 2516 vel
389 2455 485 2518 stella
507 2457 622 2530 maris,
647 2455 680 2520 et
698 2457 762 2520 hoc
780 2457 938 2520 hebraico
994 2457 1163 2534 Siquidem
1191 2457 1222 2518 si
1243 2458 1347 2520 totam
1373 2457 1480 2534 legem
1500 2459 1574 2538 qaus
1593 2449 1790 2534 servaverit,

135 2568 302 2626 sermone,
319 2569 397 2631 syro
415 2554 526 2616 autom
543 2555 694 2618 Domina.
708 2556 810 2618 Beata
830 2556 939 2618 Maria
993 2553 1139 2616 offendat
1153 2555 1264 2616 autem
1286 2555 1322 2616 in
1344 2570 1409 2617 uno
1432 2555 1587 2617 mandato
1602 2555 1788 2630 charitatis,

138 2651 191 2712 est
204 2651 391 2714 illuminata
404 2667 463 2730 per
471 2653 679 2730 spiritualem
693 2653 846 2730 gratiam,
856 2655 938 2714 illu·
993 2650 1100 2712 factm
1125 2652 1177 2716 est
1197 2651 1344 2713 omnium
1363 2667 1452 2714 reus.
1470 2638 1551 2714 ¹Cum
1567 2668 1631 2730 qua
1644 2669 1711 2714 non
1727 2670 1792 2730 po·

138 2749 302 2811 minatrix
320 2765 380 2827 per
403 2751 620 2829 principalem
640 2751 816 2828 justitiam,
842 2752 938 2814 stella
994 2748 1058 2810 test
1080 2749 1202 2826 aliquis
1225 2751 1294 2811 Deo
1325 2749 1522 2827 displicere,
1546 2749 1625 2828 quia
1647 2747 1794 2813 charitas

137 2847 243 2908 maris
267 2863 327 2924 per
341 2848 548 2925 spiritualem
572 2849 847 2924 misericordiam,
868 2853 937 2912 Do·
994 2846 1102 2924 operit
1126 2845 1373 2908 multitudinem
1400 2845 1630 2924 peccatorum,
1660 2851 1694 2908 et
1721 2848 1794 2912 sine

136 2946 231 3006 mina
241 2961 301 3022 per
312 2945 470 3007 aeternam
481 2947 674 3023 potentiam.
688 2947 819 3010 Salome
829 2947 938 3010 inter-
994 2959 1058 3022 qua
1072 2959 1139 3006 non
1151 2944 1259 3021 potest
1272 2943 1395 3022 aliquis
1410 2944 1441 3006 ei
1454 2944 1670 3021 complacere.
1686 2947 1794 3028 Opera

138 3039 538 3122 praesumensque
551 3045 667 3120 genuit
680 3043 860 3106 duostilios
876 3061 939 3123 pa·
993 3041 1179 3120 iniquitatis
1194 3043 1271 3104 sunt
1296 3040 1501 3104 solummodo
1518 3042 1693 3116 malorum,
1713 3045 1793 3122 quia

140 3141 203 3213 cis,
213 3139 509 3204 scilicetJacohum
520 3142 940 3220 etsoannemetsigniucat
994 3139 1080 3201 sicut
1093 3139 1240 3201 charitas
1255 3155 1321 3202 non
1332 3140 1443 3217 potest
1460 3141 1611 3202 exerceri
1627 3141 1792 3204 nisiinter

138 3239 936 3312 charitatem.Charitasautemduosdlioshahet,
992 3236 1097 3299 honos
1123 3239 1156 3300 et
1176 3239 1298 3314 justos,
1330 3237 1377 3299 ita
1403 3237 1563 3316 iniquitas
1588 3253 1655 3300 non
1688 3239 1796 3316 potest

138 3337 236 3409 idest,
253 3336 351 3398 iidem
365 3335 486 3398 honam
498 3337 663 3399 ethonam
679 3339 918 3416 operationem.
993 3335 1125 3412 operari
1152 3335 1218 3396 nisi
1238 3336 1326 3398 inter
1347 3335 1481 3414 iniquos
1493 3337 1527 3398 et
1540 3350 1727 3414 perversos.
1747 3339 1795 3399 De

151 3479 154 3484 ,
177 3434 367 3495 Notandum
387 3435 439 3496 est
462 3435 548 3512 quod
562 3435 685 3513 triplex
708 3437 758 3498 est
777 3438 937 3515 operatio.
994 3432 1113 3509 quibus
1144 3432 1225 3495 dicit
1253 3433 1358 3494 isaias
1376 3455 1383 3492 :
1402 3435 1514 3508 Opera
1538 3447 1661 3495 eorum
1687 3449 1795 3510 opere

135 3535 195 3593 Est
209 3533 297 3593 enim
308 3548 391 3610 opus
405 3531 589 3606 charitatis,
608 3549 692 3610 opus
704 3534 890 3611 iniquitatis
906 3535 940 3597 et
994 3531 1142 3602 inuidia,
1176 3529 1211 3591 et
1242 3545 1327 3604 opus
1354 3529 1549 3604 iniquitatis,
1576 3533 1614 3590 tn
1635 3525 1795 3593 mathus

95 3615 97 3620 ’
136 3631 402 3707 opusvanitatis.
419 3633 507 3708 Opus
523 3631 697 3694 charitatis
717 3633 767 3695 est
781 3648 859 3694 vere
875 3631 938 3695 ho·
993 3641 1126 3690 eorum.
1146 3631 1259 3689 Pedes
1273 3641 1396 3689 eorum
1412 3628 1458 3688 cd
1479 3631 1610 3688 meum
1632 3628 1793 3702 currunt,

136 3745 234 3804 num;
260 3745 342 3805 opus
364 3727 549 3806 iniquitatis
571 3731 622 3792 est
646 3743 726 3792 vere
747 3731 882 3803 malum,
906 3731 939 3792 et
993 3723 1255 3800 etsesttnontut
1276 3724 1455 3798 effurzdant
1468 3727 1675 3801 scripsissem
1689 3729 1793 3788 ireno-

135 3841 220 3902 opus
235 3825 396 3888 vanitatis
418 3828 469 3888 est
484 3826 559 3888 dcte
573 3826 707 3888 honum.
724 3830 814 3904 Opus
827 3828 940 3889 chari·
993 3821 1144 3892 centem·
1170 3821 1393 3898 separationes
1421 3835 1554 3894 eorum,
1570 3822 1796 3898 coprus-vonas

135 3922 215 3983 tatis
240 3923 290 3984 est
316 3921 522 3984 solummodo
544 3922 718 3995 honorum,
743 3923 822 4000 quia
851 3939 939 3986 non·
974 3917 1309 3991 'inuidemoastitos
1324 3919 1359 3980 et
1370 3919 1582 3981 castelliolo
1593 3922 1794 3982 attacorum

134 4021 203 4080 nisi
217 4019 307 4081 inter
320 4019 424 4081 honos
443 4021 477 4082 et
487 4021 596 4099 justos
618 4020 765 4083 charitas
788 4020 938 4084 exerceri
994 4015 1059 4096 (is.
1087 4029 1145 4078 u1x
1150 4017 1174 4090 t.
1209 4015 1304 4078 Unde
1337 4015 1522 4078 Malachiae
1559 4017 1720 4094 propheta
1748 4018 1796 4081 ait

135 4117 256 4195 potest,
272 4118 350 4194 quia
363 4117 420 4178 uhi
430 4117 577 4180 charitas
589 4116 636 4179 ihi
646 4121 746 4192 Deus,
761 4119 848 4181 sicut
859 4119 940 4181 dicit
993 4114 1117 4177 sanctis
1145 4113 1187 4175 de
1218 4113 1287 4174 illis
1315 4113 1372 4192 qui
1403 4113 1531 4175 faciunt
1555 4114 1644 4175 mala
1676 4131 1794 4192 opera:

133 4217 283 4277 loannes
308 4216 343 4276 in
357 4215 504 4292 Epistola
520 4236 529 4276 ε
545 4221 639 4279 Deus
657 4218 811 4280 ouantes
825 4217 889 4290 cst,
905 4219 939 4280 el
993 4215 1210 4290 Epredtminl
1224 4212 1258 4272 et
1272 4213 1446 4273 οαῖθαῖῖῖῖθ
1467 4213 1602 4285 impios,
1622 4227 1701 4272 curn
1720 4215 1798 4286 ltac-

134 4314 326 4387 aetimasset
348 4313 638 4387 incomitatam
657 4317 728 4376 Deo
749 4315 877 4386 monet,
905 4316 939 4379 et
993 4311 1066 4371 rint
1095 4311 1272 4372 errasset>
1299 4309 1421 4384 planta
1441 4311 1570 4384 pedum
1596 4309 1795 4370 vestrorum

132 4415 229 4472 Deus
257 4414 294 4472 ῖιι
318 4425 357 4472 eo
385 4407 414 4489 (1
439 4412 549 4484 ioan,
571 4425 615 4483 tv,
633 4410 697 4491 16).
717 4412 810 4473 Unde
825 4412 938 4476 fideles
994 4402 1279 4486 (Malaoh·1v‚3)·

135 4507 293 4568 admonet
318 4507 496 4584 Apostolus
516 4506 630 4570 dicens
647 4527 654 4567 ε
671 4509 795 4570 Omnia
819 4511 939 4572 vestra
1035 4503 1148 4566 Sancti
1164 4501 1388 4578 egredientur,
1404 4502 1500 4576 idest,
1517 4503 1794 4582 contemplabun-

134 4619 243 4679 opera
269 4607 306 4666 tn
331 4605 502 4668 charitate
515 4606 602 4677 sieut
621 4604 651 4685 (l
678 4605 936 4688 Gor.xv1,14).
992 4601 1047 4665 tur
1077 4601 1241 4664 tormenta
1271 4599 1502 4662 damnatorum
1535 4601 1672 4679 propter
1705 4602 1794 4664 mala

135 4701 221 4774 Quia
239 4701 325 4763 sicut
338 4716 457 4762 aarum
473 4701 523 4764 est
541 4702 652 4763 carius
667 4702 701 4765 et
714 4703 892 4780 pretiosius
906 4706 940 4767 θῖ
993 4714 1094 4776 opera
1108 4713 1181 4775 qnae
1195 4697 1345 4760 lecerunt
1359 4697 1394 4759 in
1406 4697 1470 4759 hoc
1482 4698 1616 4761 mundo.
1630 4701 1669 4762 nt
1683 4699 1795 4761 calca-

135 4799 344 4876 splendidius
372 4799 526 4861 omnihus
544 4801 699 4874 metallis,
724 4801 772 4863 ita
793 4800 939 4864 charitas
993 4796 1075 4857 bunt
1089 4795 1219 4872 impios,
1240 4795 1336 4867 idest,
1358 4795 1624 4858 condemnabunt
1638 4797 1740 4874 ipsos.
1756 4797 1796 4860 Et

134 4899 186 4959 est
200 4899 310 4975 major
323 4898 356 4959 et
368 4897 646 4959 melioremnihus
656 4898 845 4971 virtutihus,
861 4901 938 4977 quia
994 4893 1087 4970 impii
1113 4893 1212 4954 erunt
1243 4893 1330 4954 sicut
1357 4891 1454 4963 cinis,
1491 4893 1577 4956 idest
1611 4893 1795 4956 combustio

135 4995 230 5056 nulla
241 4994 347 5057 virtus
360 4994 432 5055 sine
445 5010 485 5056 ea
500 4997 551 5058 est
564 4996 682 5069 virtus,
700 4997 778 5074 quia
792 4996 939 5060 charitas
993 4991 1082 5068 ignis
1094 4990 1223 5051 aeterssi·
1240 4989 1280 5051 Εἴ
1290 4991 1387 5051 esunt
1399 4989 1460 5051 sub
1472 4991 1794 5068 pedibusjustorurn,

135 5093 273 5155 excellit
287 5093 321 5154 et
343 5091 506 5169 precellit
520 5091 658 5154 caeteras
676 5093 827 5156 virtutes.
845 5095 940 5157 Unde
994 5089 1070 5166 quia
1081 5086 1165 5164 iusti
1184 5086 1330 5148 eruniin
1342 5088 1437 5160 coelo,
1460 5088 1524 5164 ipsi
1539 5091 1648 5150 autem
1664 5090 1798 5150 crucia-

134 5190 341 5267 Angustinus
357 5207 399 5251 :a
423 5189 486 5252 Ubi
510 5189 658 5251 charitas
685 5192 752 5265 est,
783 5192 861 5270 quid
888 5198 940 5258 est
994 5186 1118 5248 huntur
1138 5183 1174 5245 in
1197 5182 1341 5245 inferno.
1367 5185 1461 5246 Unde
1474 5187 1798 5249 deremias:0maes

136 5286 223 5366 quod
247 5285 354 5363 possit
379 5285 514 5347 deesset
539 5284 859 5362 subintelligendum
875 5291 937 5364 est,
991 5282 1233 5360 persecutores
1270 5284 1346 5354 elus
1381 5284 1684 5356 apprehenderunt
1721 5300 1800 5347 cern

134 5384 222 5448 nihil
236 5382 327 5444 honi.
341 5383 382 5444 Et
395 5382 453 5444 uhi
465 5382 612 5444 charitas
625 5398 692 5445 non
704 5385 764 5456 est,
782 5385 860 5463 quid
876 5389 936 5460 est,
995 5382 1089 5442 inter
1109 5379 1290 5456 capacitas
1301 5377 1437 5458 (Thren.
1459 5394 1484 5453 1,
1500 5379 1546 5460 3).
1562 5382 1799 5444 Persecutores

135 5481 224 5561 quod
240 5479 347 5559 possit
360 5481 673 5558 prodessesiQuasi
691 5480 938 5546 diceretznihil.
996 5479 1117 5540 animas
1145 5479 1223 5538 sunt
1251 5477 1428 5538 daemones.
1460 5478 1527 5555 Ipsi
1555 5483 1799 5557 persequuntur

134 5583 176 5643 Et
190 5581 239 5642 ait
253 5579 376 5640 etiam:
393 5595 412 5639 ιι
428 5577 580 5641 Charitas
602 5595 676 5658 quae
691 5579 800 5642 deseri
820 5582 940 5658 potest,
996 5577 1142 5638 animam
1163 5575 1198 5635 in
1213 5575 1358 5648 insarno,
1374 5576 1525 5638 vexando
1540 5593 1615 5639 eam
1630 5577 1665 5638 in
1682 5579 1797 5640 diver-

137 5693 320 5754 numquam
334 5691 415 5739 vera
429 5675 492 5740 luit
505 5693 535 5738 s.
997 5673 1044 5737 sis
1057 5673 1210 5738 alvariis
1221 5672 1406 5736 tormentis.
1421 5675 1461 5736 nt
1481 5673 1547 5752 ipsi
1563 5675 1798 5754 apprehende-
