4234 6442
146 319 215 384 429
789 319 1018 384 EPISTOLAE.
1042 321 1121 384 LIB.
1147 321 1171 382 Ι.
1745 323 1809 383 430

153 481 286 559 gentius
310 479 527 552 attendentes,
545 495 604 540 ros
620 479 652 542 et
671 479 780 541 locum
804 483 951 542 vestrum
1006 481 1182 544 ecclesiam
1196 481 1341 544 vestram
1356 479 1576 558 personaliter
1595 480 1803 554 armantes,

154 582 188 640 et
205 579 381 640 ecclesiam
399 593 497 656 quarn
512 575 609 640 beato
624 577 732 651 Petro,
759 579 792 640 et
807 577 903 641 nobis
919 578 952 641 et
1006 578 1163 642 dilectum
1178 577 1283 642 tilium
1297 581 1459 642 loannem
1471 579 1561 642 Petri
1575 577 1696 640 Leonis
1720 577 1804 638 sub-

154 679 312 740 Romanae
331 674 488 737 Ecclesiae
509 675 685 742 obtulistis.
704 691 779 737 cnm
797 675 950 738 omnibns
1005 675 1181 740 diaconum
1214 679 1382 749 nostrum,
1415 678 1567 754 nepotem
1603 676 1715 738 dilecti
1744 675 1806 738 nni

154 773 261 845 bonis,
278 790 350 850 quse
364 772 523 850 praedicta
543 773 685 834 ecclesia
700 775 736 834 in
751 775 950 852 praesentia·
1006 774 1176 846 (luidonis,
1206 777 1239 836 S.
1267 775 1398 838 Nicolai
1426 776 1461 836 in
1490 789 1625 836 carcere
1651 773 1823 834 Tulliano·

154 886 227 931 rum
232 871 519 948 J'usteetlegitime
528 871 684 948 possidet,
695 872 794 934 autin
806 871 951 934 futurum
1003 872 1138 934 diaconi
1162 873 1264 943 card..
1279 873 1399 935 vestris
1423 875 1456 934 et
1478 872 1591 950 populi
1620 871 1806 933 Placentini

149 967 250 1044 justis
272 967 378 1029 modis
402 970 469 1030 Deo
496 968 637 1046 propitio
659 969 780 1046 poterit
798 969 949 1046 adipisci,
1006 969 1094 1032 votis
1108 969 1311 1032 unanimiter
1321 969 1606 1041 concurrentibus,
1619 967 1712 1031 robis
1728 982 1807 1044 pro-

153 1064 215 1126 suh
230 1063 318 1127 beati
327 1066 417 1127 Petri
428 1067 462 1128 et
474 1067 586 1127 nostra
598 1067 801 1143 protectione
814 1067 954 1144 suscipi·
1006 1065 1163 1130 viderunt
1176 1067 1212 1132 in
1225 1068 1427 1145 episcopum,
1440 1069 1474 1130 et
1484 1070 1661 1144 pastorem.
1670 1068 1807 1128 Gratum

154 1177 239 1234 mus,
257 1163 290 1224 et
300 1163 473 1240 praesentis
487 1163 601 1240 scripti
614 1163 799 1241 patrocinio
810 1181 952 1226 commu·
1006 1164 1168 1241 siquidem
1204 1165 1365 1241 gerimus,
1389 1166 1423 1228 et
1444 1167 1564 1228 uestrae
1579 1165 1806 1240 circumspec-

154 1260 275 1321 nimus.
294 1261 480 1323 statuentes
495 1263 531 1323 ut
541 1261 682 1324 ecclesia
692 1263 803 1325 restra
819 1279 877 1324 seu
891 1279 951 1325 vos
1005 1262 1105 1324 tionis
1119 1262 1329 1340 prudentiam
1345 1263 1626 1334 commendamus,
1644 1261 1729 1338 quod
1745 1261 1806 1322 de-

154 1357 219 1434 ipsi
233 1357 358 1419 nullius
379 1359 622 1438 archiepiscopi
642 1359 694 1421 rel
716 1361 875 1438 episcopi,
894 1361 952 1423 aut
1006 1360 1183 1424 siderando
1196 1360 1391 1438 praedictum
1411 1360 1649 1424 subdiaconum
1669 1358 1805 1436 episco-

153 1454 297 1533 alicujus
308 1455 543 1519 ecclesiastica
558 1473 719 1538 personae,
731 1457 950 1536 praeterquam
1006 1473 1081 1520 cum
1108 1459 1256 1522 vestrum
1284 1473 1374 1531 esse,
1401 1457 1594 1520 ostendistis
1620 1457 1806 1520 devotionis

154 1553 295 1615 Romani
315 1553 479 1630 pontificis
499 1554 725 1632 iurisdictioni
749 1555 896 1618 debeatis
916 1557 950 1618 in
1005 1555 1172 1628 affectum,
1189 1556 1276 1632 quod
1294 1556 1328 1618 in
1347 1555 1456 1632 ipsum
1470 1554 1594 1616 hahere
1623 1554 1807 1618 credamini

154 1652 323 1726 posterum
341 1651 524 1729 subjacere,
542 1651 615 1715 sive
630 1651 665 1713 in
680 1653 792 1731 aliquo
808 1670 951 1731 respon·
1006 1653 1210 1716 cardinalem
1228 1675 1235 1714 ε
1252 1654 1295 1726 et,
1311 1669 1370 1730 per
1384 1654 1457 1725 hoc,
1474 1655 1583 1730 ipsum
1594 1667 1633 1716 ao
1647 1668 1736 1724 suos,
1749 1651 1809 1728 qui

153 1747 244 1808 dere.
274 1749 323 1809 nd
356 1749 517 1811 indicium
543 1751 653 1812 autem
676 1743 785 1828 ¹hujns
818 1768 838 1813 a
868 1753 951 1814 Sede
1006 1750 1202 1828 multiplicia
1213 1752 1353 1828 possunt
1362 1749 1621 1827 vobisobsequia
1633 1749 1803 1820 exhibere,

154 1845 343 1922 Apostolica
366 1847 530 1924 perceptae
554 1847 729 1921 libertatis
755 1851 824 1911 tres
847 1849 951 1910 libras
1006 1849 1047 1908 ad
1069 1847 1280 1910 dilectIonem
1305 1850 1452 1910 vestram
1478 1849 1603 1910 arctius
1618 1845 1803 1922 obligastis

153 1957 239 2004 cerae
255 1943 350 2004 nobis
370 1945 558 2022 nostrisque
580 1945 829 2008 successoribus
853 1948 951 2008 annis
1006 1947 1139 2016 Verum,
1158 1945 1317 2022 quiajam
1331 1945 1418 2007 dicto
1434 1943 1637 2006 subdiacono
1660 1943 1803 2020 expedit,

154 2039 295 2115 singulis
328 2041 536 2118 persolvetis,
566 2043 791 2114 Decernimus,
822 2045 884 2104 eto.
916 2045 951 2105 Si
1006 2041 1138 2104 etdioto
1155 2041 1328 2113 cardinali,
1355 2042 1496 2118 aliisque
1525 2041 1642 2104 amicis
1657 2040 1806 2116 ejusdem

154 2137 229 2214 quis
243 2139 364 2208 autem,
379 2139 466 2200 etc...
482 2140 599 2200 Datum
610 2140 789 2202 Beneventi
803 2143 862 2202 VII
877 2141 950 2202 idus
1006 2137 1202 2200 subdiaconi
1226 2138 1345 2214 placet,
1366 2140 1401 2200 ut
1424 2139 1532 2200 adhuc
1553 2138 1686 2200 insistat
1706 2137 1807 2198 sciro-

88 2302 90 2306 ,
153 2235 303 2311 Augusti.
322 2237 391 2297 Nos
411 2235 514 2308 initur
528 2237 678 2312 praedicti
693 2237 950 2313 predecessoris
1005 2234 1132 2297 laeticie
1151 2235 1347 2312 disciplinis,
1364 2237 1550 2312 praesertim
1565 2251 1640 2297 oum
1655 2235 1697 2296 ad
1712 2234 1746 2296 id
1762 2235 1806 2296 sit

153 2331 259 2394 nostri
280 2333 430 2410 vestigiis
452 2334 670 2407 inhaerentes,
696 2350 756 2395 vos
780 2336 813 2398 et
841 2336 950 2396 locum
1006 2335 1087 2394 aetas
1101 2333 1232 2405 idonea,
1256 2333 1446 2411 huJusmodi
1469 2349 1553 2394 onus
1576 2333 1640 2394 sibi
1656 2333 1697 2394 ad
1713 2347 1805 2409 prae-

152 2430 311 2502 vestrum,
328 2431 360 2492 et
381 2431 556 2492 ecclesiam
572 2447 647 2492 cum
673 2431 827 2493 omnibus
841 2432 948 2504 bonis,
1005 2447 1081 2492 sens
1096 2447 1162 2492 non
1175 2431 1379 2508 providimus
1398 2431 1643 2508 imponendum.
1661 2430 1804 2506 Ideoque

151 2541 226 2602 quae
235 2528 392 2604 praedicta
403 2529 544 2590 ecclesia
554 2529 854 2604 impraesentiarum
861 2531 950 2606 juste
1005 2527 1198 2590 discretioni
1223 2529 1343 2590 restrae
1374 2545 1434 2605 per
1460 2529 1652 2604 apostolica
1681 2528 1805 2604 scripta

153 2639 193 2684 ac
214 2624 352 2701 pacifice
374 2625 530 2702 possidet,
554 2627 611 2687 aut
625 2626 661 2686 in
684 2625 831 2688 futurum
849 2627 949 2703 justis
1005 2625 1210 2697 mandamus,
1228 2627 1390 2702 quatenus
1406 2624 1493 2686 inira
1512 2624 1702 2702 quindecim
1719 2623 1802 2695 dies,

153 2721 259 2782 modis
285 2723 353 2784 Deo
383 2723 526 2800 propitio
552 2723 674 2800 poterit
705 2723 857 2802 adipisci,
889 2723 949 2784 suh
1005 2724 1079 2800 post
1090 2723 1334 2800 susceptionem
1356 2722 1609 2801 praesentiarum
1624 2738 1699 2782 cnm
1724 2737 1806 2782 con-

151 2818 241 2881 beati
252 2820 342 2882 Petri
353 2819 386 2882 et
396 2822 511 2882 nostra
521 2821 726 2898 protectione
737 2821 947 2899 suscipimus,
1005 2820 1081 2882 silio
1102 2821 1253 2898 praedicti
1274 2818 1414 2892 abbatie,
1445 2835 1622 2897 personam
1648 2819 1803 2880 idoneam

153 2916 186 2978 et
207 2917 380 2993 presentis
406 2917 523 2995 scripti
551 2918 738 2996 patrocinio
766 2919 951 2980 communi·
1004 2917 1098 2982 vobis
1111 2918 1271 2980 canonice
1287 2917 1323 2978 in
1336 2917 1526 2994 episcopum
1542 2916 1686 2993 eligatis.
1712 2917 1806 2978 Alio-

153 3029 237 3074 mus.
256 3015 458 3087 statuentes,
473 3017 509 3078 ut
519 3014 660 3078 ecclesia
673 3017 796 3089 vestra,
820 3032 950 3078 sauros
1005 3015 1084 3092 quin
1099 3015 1229 3092 aliquos
1249 3015 1395 3078 vestrum
1410 3015 1483 3076 vioe
1500 3014 1648 3080 omnium
1663 3015 1705 3076 ad
1719 3030 1803 3075 nos-

152 3109 216 3186 ipsi
231 3110 355 3172 nullius
371 3111 615 3190 archiepiscopi
637 3112 689 3174 vel
710 3113 869 3190 episcopi,
893 3115 951 3175 aut
1003 3113 1272 3176 tramdestinetis
1288 3113 1511 3190 praesentiam,
1529 3113 1565 3174 ut
1585 3128 1645 3190 per
1657 3127 1714 3174 eos
1730 3128 1805 3173 cnm

152 3208 296 3287 alicujus
308 3209 543 3272 ecclesiasticae
559 3227 720 3288 personae,
729 3211 949 3288 praeterquam
1004 3211 1146 3272 consilio
1166 3213 1280 3274 nostro
1290 3212 1410 3273 vestrae
1424 3211 1639 3288 provideatur
1653 3209 1804 3272 ecelesiae

153 3307 293 3370 Romani
313 3307 478 3384 pontilicis
495 3309 722 3388 jurisdictioni
747 3307 895 3370 debeatis
914 3309 949 3369 in
1004 3309 1045 3370 de
1069 3324 1223 3386 persona,
1248 3325 1321 3386 quae
1346 3309 1438 3370 tanto
1462 3310 1625 3384 congruat
1650 3309 1745 3370 oneri
1772 3307 1806 3370 et

152 3405 319 3481 posterum
335 3403 519 3483 subjacere,
537 3405 657 3467 sivein
672 3405 785 3482 aliquo
805 3421 949 3482 respon·
1005 3406 1135 3468 honori.
1153 3409 1270 3468 Datum
1286 3407 1458 3481 dnapniae,
1476 3407 1507 3466 11
1519 3406 1592 3466 idus
1603 3405 1703 3482 J'unii,
1719 3421 1804 3481 pon-

151 3501 242 3574 dere,
259 3503 352 3564 salva
367 3501 555 3564 obedientia
571 3503 603 3564 et
617 3503 805 3564 reverentia
820 3503 951 3564 damal-
1005 3503 1149 3567 udatus
1163 3501 1269 3565 nostri
1282 3517 1370 3564 anno
1385 3502 1502 3579 primo.

151 3597 300 3660 dulensis
320 3601 423 3662 eremi
445 3599 566 3662 debita.
589 3599 637 3661 Ad
658 3599 819 3662 indicium
840 3600 949 3662 autem

152 3695 251 3774 hujus
266 3703 429 3778 perceptae
444 3714 464 3759 a
480 3699 564 3759 Sede
578 3696 767 3774 apostolica
787 3697 950 3758 libertatis
1277 3689 1534 3776 GCGXXXIX

151 3793 220 3856 tres
238 3793 342 3856 libras
371 3811 457 3857 certe
481 3793 589 3866 nohis,
610 3793 799 3871 nostrisque
817 3809 951 3856 sncces-

151 3891 282 3953 soribus
312 3893 409 3952 annis
445 3890 585 3966 singulis
619 3891 825 3968 persolvetis.
858 3891 950 3953 Nulli

151 4005 242 4064 ergo,
258 3989 320 4050 etc.
342 3989 414 4050 Dat.
433 3987 593 4064 Anagniae
615 3991 675 4050 VII
695 3989 740 4049 id.
763 3989 852 4068 junii
866 4005 950 4066 pon·
1354 4060 1360 4071 ι

151 4085 297 4150 tiflcatus
312 4086 417 4148 nostri
433 4101 521 4147 anno
536 4086 654 4162 primo.
1300 4061 1334 4118 ¹⁶
1350 4062 1424 4136 Junii
1441 4062 1519 4119 ¹²¹⁷·
1557 4153 1568 4162 ⁴

1060 4165 1202 4229 [biverani,
1211 4166 1374 4232 Spidlepium
1386 4165 1556 4225 Libonianum,
1567 4181 1592 4231 p.
1606 4165 1662 4228 rit,
1673 4179 1699 4216 n.
1711 4165 1748 4230 3.]

398 4281 694 4370 CCCXXXVJII
1003 4274 1245 4346 Compositionem
1266 4274 1340 4330 inter
1359 4271 1520 4331 iohannem
1540 4271 1672 4330 abbatem
1688 4279 1717 4330 et
1732 4287 1802 4330 con·

207 4368 213 4381 ⁸
342 4371 343 4376 ἵ
1038 4369 1155 4420 ventum
1176 4360 1365 4420 Sublacenses
1380 4375 1416 4418 ex
1430 4368 1510 4432 parte
1524 4375 1581 4418 una
1596 4369 1625 4418 et
1638 4363 1673 4420 N.
1690 4362 1802 4434 episco-

214 4433 267 4496 Ad
279 4437 410 4494 oletum
425 4432 459 4493 θῖ
472 4436 635 4506 mitidum
649 4431 878 4492 PWCWWOS·
1038 4464 1106 4526 pum
1121 4449 1334 4522 capitulumque
1352 4449 1513 4508 Tiburtinos
1532 4463 1568 4507 ex
1582 4450 1670 4512 altera
1687 4449 1803 4522 iactam,

453 4545 553 4619 ljunii
570 4546 649 4604 1217.
1038 4537 1198 4598 confirmat.

304 4649 423 4714 luguen,
438 4651 514 4702 ”³¹5⁸
525 4665 605 4710 ⁸⁸⁰¹&
620 4657 640 4701 ἲ·
652 4651 671 4711 ¹·
687 4666 713 4715 P·
724 4649 792 4715 ²⁰⁰]
841 4691 843 4698 v
1042 4665 1209 4728 Honorius
1220 4665 1406 4742 episcopus,
1419 4681 1718 4729 serrusserrorum
1730 4669 1801 4739 Dei,

151 4755 201 4814 Eis
215 4755 330 4812 mandat
343 4763 375 4814 ut
388 4755 461 4814 inira
480 4757 513 4814 ta
527 4757 589 4816 dies
602 4773 667 4816 cum
683 4750 803 4816 consilio
818 4756 947 4834 predicti
1002 4762 1133 4826 dilectis
1159 4761 1240 4824 filiis
1265 4763 1388 4826 loanni
1415 4761 1526 4828 abbati
1557 4764 1591 4826 et
1624 4765 1804 4828 conventui

187 4841 297 4900 abbatis
307 4859 460 4916 personam
470 4843 601 4904 idoneam
614 4847 668 4906 sibi
683 4847 823 4906 canonice
834 4847 863 4904 in
876 4847 948 4920 epis
1003 4859 1214 4932 Suhqaoensj,
1239 4860 1381 4922 saputem
1401 4862 1435 4921 et
1454 4861 1671 4937 apostolicam
1694 4860 1803 4924 pene.

186 4931 423 5006 ⁰⁰l¹¹¹1¹e¹igant
1002 4956 1193 5018 dictionem.

190 5049 357 5111 Honorius
395 5046 581 5126 episcopus,
614 5065 731 5112 servus
775 5067 946 5114 servorum
1043 5056 1150 5125 Quum
1164 5052 1253 5114 inter
1267 5055 1464 5124 Romanum,
1483 5053 1648 5129 quondam
1672 5053 1803 5130 praede-

149 5147 221 5220 Dei,
238 5145 300 5209 etc.
1002 5165 1168 5214 cessorem
1182 5148 1287 5216 tuum,
1298 5149 1346 5210 tili
1361 5147 1476 5220 abbas,
1489 5150 1590 5212 etvos
1605 5151 1799 5226 conventus,

190 5247 240 5308 Ex
258 5243 379 5306 litteris
407 5240 609 5304 venerabilis
631 5242 743 5305 fratris
765 5247 868 5308 nostri
890 5263 948 5310 ar·
1001 5263 1045 5312 ex
1059 5249 1153 5324 parte
1176 5261 1253 5318 nna,
1271 5247 1304 5308 et
1324 5246 1549 5308 venerabilem
1562 5248 1700 5310 fratrem
1717 5265 1800 5310 nos-

149 5341 353 5420 chiepiscopi
364 5339 555 5411 Januensis,
573 5343 606 5401 et
618 5340 729 5402 dilecti
746 5341 806 5402 tilii
819 5342 947 5408 abbatis
1000 5346 1088 5410 trum
1104 5346 1145 5406 N.
1161 5344 1364 5424 episcopum,
1386 5345 1419 5406 et
1437 5344 1575 5408 dilectos
1600 5344 1687 5408 filios
1702 5347 1798 5423 capi-

150 5441 190 5504 de
216 5438 384 5510 Columha,
410 5438 443 5500 et
468 5438 599 5510 vestris,
624 5439 857 5516 perpendimus
872 5443 946 5504 evi·
1000 5443 1106 5506 tulum
1129 5441 1338 5504 Tiburtinum
1363 5456 1408 5503 ex
1431 5442 1548 5514 altera,
1570 5443 1800 5508 controversia

1064 3844 1117 3903 Ad
1130 3845 1299 3904 Joanrzenc
1318 3841 1521 3903 abbatemet
1538 3839 1745 3903 retinentum

1279 3939 1529 4002 Sublacensem.

149 5535 275 5608 denter,
293 5535 378 5614 quod
392 5534 674 5612 archiepiscopus,
688 5536 720 5596 et
741 5534 842 5598 abbas
860 5554 948 5614 prae·
999 5541 1296 5616 verteretursnper
1307 5539 1582 5617 episcopalijure,
1596 5540 1681 5618 quod
1692 5541 1799 5604 dictus

149 5633 240 5707 dicti,
253 5635 350 5713 juxta
370 5633 517 5702 mandati
537 5631 718 5710 apostolici
732 5632 883 5708 sormam,
904 5635 945 5698 ad
1000 5638 1174 5716 episcopus
1182 5637 1372 5715 requirebat
1383 5637 1424 5704 ab
1436 5638 1587 5702 eeclesiis
1601 5641 1798 5704 monasterii
