4162 6424
351 205 413 266 635

393 363 555 426 Caeterum
575 360 611 421 ut
629 353 690 418 sub
704 351 911 430 breviloquio
927 353 1147 421 transeamus,

352 461 440 541 quod
468 459 572 529 idem,
603 455 754 516 homines
794 449 967 512 memorati
1002 447 1149 525 episcopi

355 557 602 635 captostenens
617 551 707 628 ipsos
716 565 775 626 per
785 547 955 610 molestias
963 544 1149 606 carcerales

353 657 388 718 et
399 669 518 731 graves
526 663 702 726 corporum
711 644 927 708 cruciatusde
938 641 1150 705 facultatibus

355 754 425 814 suis
440 747 600 818 emunxit,
617 747 764 807 castrum
787 739 1015 812 Plthuerense,
1040 738 1151 800 nobile

355 834 1150 912 acdecorumecclesiaehureliauensis,ecclesiae

356 934 589 1026 patrimonium
599 957 638 1002 ac
651 941 880 1017 episcoporum
893 936 998 1012 ipsius
1014 933 1153 995 domici-

356 1046 438 1105 lium
449 1039 602 1119 speciale,
613 1037 698 1116 quod
709 1037 883 1112 episcopus
895 1033 1095 1094 memoratus
1104 1046 1154 1091 re·

356 1141 500 1218 liquerat
510 1136 730 1206 immunitum,
747 1147 786 1194 eo
799 1131 885 1209 quod
905 1129 1098 1192 carissimus
1118 1128 1152 1189 in

356 1238 488 1300 Christo
505 1235 593 1294 lilius
610 1233 723 1294 noster
734 1230 908 1306 Philippus
924 1241 985 1288 rex
1006 1229 1154 1286 Franco·

355 1322 1153 1396 rumillustrlseldeminhibueratmilitineipsum

356 1427 555 1498 offenderet,
579 1425 683 1486 donee
707 1424 794 1484 esset
817 1437 836 1481 a
859 1418 1000 1497 quadam
1026 1417 1062 1477 in
1088 1431 1153 1493 qua

356 1529 431 1590 erat
440 1523 651 1602 expeditione
664 1536 829 1590 reversus,
843 1519 882 1578 de
891 1519 968 1594 jure
982 1515 1153 1591 utriusque

358 1623 565 1702 postmodum
589 1619 774 1684 auditurus,
804 1613 869 1691 ipsi
890 1629 964 1674 cum
990 1611 1154 1672 Herberto

358 1707 1154 1794 tratresuo,etJohannedequeomonteetaliis

359 1815 574 1894 complicibus
596 1812 677 1884 suls,
692 1811 768 1872 ante
793 1809 881 1884 regis
906 1808 1010 1885 ipsius
1035 1821 1154 1867 rever-

359 1914 499 1983 sionem,
527 1925 601 1971 cum
630 1907 843 1969 multitudine
873 1906 1076 1965 armatorum
1096 1915 1155 1978 per

313 2037 319 2049 ·
359 2009 552 2071 violentiam
577 2005 764 2080 occupavit,
792 2006 826 2064 et
847 2002 954 2079 posito
976 2016 1076 2076 super
1094 2015 1154 2060 ar-

361 2123 433 2170 cem
451 2103 575 2166 vexillo
602 2101 816 2163 ethominum
836 2097 994 2160 fidelitate
1009 2097 1153 2173 recepta,

361 2202 534 2280 usurpavit
563 2199 626 2260 sibi
653 2196 834 2259 dominium
859 2196 894 2256 111
919 2193 1045 2267 eodem,
1067 2193 1156 2254 trac·

361 2303 460 2378 taque
472 2298 594 2360 ibidem
612 2294 790 2372 episcopali
807 2293 946 2370 capella,
962 2291 1080 2368 pallas,
1098 2305 1157 2352 oa-

361 2401 469 2470 licem,
487 2397 519 2457 et
534 2395 600 2455 alia
616 2393 650 2454 in
674 2408 737 2452 usu
759 2391 845 2452 sacri
869 2389 1046 2451 ministerii
1072 2403 1155 2450 con-

364 2495 512 2566 secrata,
553 2490 701 2569 profanis
736 2487 890 2549 manibus
921 2485 1153 2557 contrectavit,

365 2607 504 2671 quorum
519 2588 669 2668 quaedam
683 2586 791 2648 adbuc
805 2585 953 2646 detinere
968 2583 1154 2661 praesumit;

362 2691 476 2752 domos
490 2701 618 2764 quoque
644 2683 879 2745 canonicorum
903 2681 1054 2744 eccleslae
1070 2695 1157 2756 pree-

360 2785 512 2848 bendalis
540 2781 641 2843 castri
664 2779 811 2858 ejusdem
826 2778 990 2840 violenter
1013 2777 1154 2852 effregit,

361 2885 449 2946 bona
472 2882 619 2956 ipsorum
647 2875 808 2951 diripiens
831 2876 863 2936 et
877 2875 1065 2951 asportans,
1077 2890 1158 2935 can-

361 2983 434 3042 tore
457 2975 563 3057 ipsius
591 2972 741 3034 ecclesiae
767 2987 872 3049 usque
895 2970 937 3032 ad
961 2971 1156 3032 effusionem

364 3071 538 3151 sanguinis
558 3069 701 3147 turpiter
722 3071 754 3130 et
769 3068 944 3130 inhoneste
958 3069 1109 3140 tractato,
1125 3069 1158 3129 et

362 3172 487 3234 diutius
513 3167 573 3230 sub
602 3166 749 3229 ciborum
780 3167 812 3228 et
839 3166 979 3227 vestium
996 3165 1157 3227 tenuitate

361 3265 544 3332 miserabili
572 3264 761 3341 mancipato
791 3263 950 3325 custodiae
983 3262 1154 3324 carcerali.

400 3369 538 3428 Demum
552 3377 643 3434 vem,
660 3361 696 3422 ut
708 3361 844 3436 sanguis
868 3360 1064 3436 sanguinem
1082 3362 1158 3422 tan-

361 3463 511 3541 peretot
538 3457 829 3521 accumularentur
848 3459 983 3533 peccata
996 3457 1155 3533 peccatis,

361 3554 686 3636 archipresbyterum
714 3553 855 3624 Belsioe,
885 3554 995 3614 virum
1024 3553 1157 3630 quidem

361 3661 431 3720 tum
446 3671 515 3715 suae
528 3651 733 3730 praelationis
753 3651 890 3722 honore,
912 3652 982 3712 tum
997 3641 1157 3711 sacerdo-

362 3751 595 3826 talidignitate
622 3747 724 3808 oflicii
750 3747 981 3818 reverendum,
996 3747 1157 3808 carcerali

363 3849 455 3926 prius
486 3845 645 3906 afflictum
667 3845 836 3918 angustia,
866 3845 965 3904 noctu
991 3843 1070 3906 lecit
1099 3859 1159 3922 per

365 3944 539 4025 quemdam
555 3943 594 4003 de
608 3941 676 4001 suis
690 3941 902 4001 macilentum
913 3955 1033 4016 equum
1045 3957 1159 4001 ascen·

366 4045 444 4105 dere
472 4041 545 4103 sine
574 4037 667 4110 sella,
696 4037 763 4114 qui,
780 4038 970 4099 transverso
996 4037 1031 4097 in
1050 4038 1158 4116 eapite

365 4140 497 4218 caputio
523 4137 703 4212 stricteque
731 4137 889 4207 consuto,
915 4135 962 4196 ita
991 4135 1158 4211 quodvis

363 4239 492 4316 spirare
505 4235 643 4306 valeret,
660 4233 819 4294 subducta
835 4235 927 4294 veste
939 4247 999 4308 per
1013 4233 1157 4294 castrum

362 4337 470 4414 ipsum
483 4335 515 4394 et
530 4334 635 4401 extra,
649 4331 761 4392 taliter
772 4331 822 4391 eet
834 4329 1024 4406 compulsus
1031 4330 1158 4390 tamdiu

363 4433 550 4492 discurrere
563 4429 668 4488 donec
678 4426 747 4487 lere
756 4427 908 4502 spiritum
923 4426 1113 4502 exhalaret3
1127 4429 1159 4488 et

363 4527 400 4588 ut
413 4525 564 4586 inaudito
578 4525 742 4584 tormento
754 4521 846 4583 nulla
857 4521 985 4584 deesset
993 4521 1156 4600 impietas,

364 4623 537 4684 sudantem
547 4635 615 4698 praa
627 4617 730 4680 nimia
741 4618 865 4679 doloris
875 4621 1029 4695 augustia
1040 4621 1074 4682 in
1086 4622 1158 4683 loeo

363 4720 509 4783 carceris
525 4717 751 4792 frigidissima
778 4716 983 4779 attenuatum
999 4718 1156 4790 vestibus,

362 4821 505 4882 tortores
518 4814 754 4876 miserabiliter
767 4814 985 4876 recluserunt.

402 4919 574 4994 Quumque
595 4911 864 4988 archipresbyter
885 4913 956 4990 ipse
978 4913 1012 4973 in
1033 4915 1158 4976 tautam

362 5016 497 5092 propter
519 5012 583 5072 hoc
607 5010 838 5086 aegritudinem
861 5009 1050 5083 incidisset,
1072 5013 1158 5088 quod

362 5127 439 5190 spes
454 5125 523 5172 suae
543 5107 816 5170 convalescentiae
832 5107 924 5168 nulla
938 5111 1038 5181 esset,
1051 5108 1158 5174 dictus

361 5210 476 5279 miles,
505 5221 643 5282 sperans
667 5203 837 5266 homicidii
861 5206 973 5266 notam
999 5205 1155 5278 evadere,

362 5305 455 5368 abire
474 5302 624 5381 permisit
645 5301 807 5362 eumdem.
837 5302 1054 5378 supradictus
1077 5317 1157 5364 vero

362 5403 536 5479 episcopus
549 5404 618 5463 tam
633 5400 668 5460 in
681 5399 790 5476 ipsum
805 5399 943 5460 militem
959 5415 1057 5476 quam
1073 5401 1160 5462 Her-

362 5497 491 5559 bertum
506 5497 641 5560 tratrem
658 5499 742 5574 ejus,
759 5498 945 5560 Johannem
960 5497 1000 5557 de
1021 5496 1156 5559 Rubeo-

973 189 1148 252 HONORII
1172 187 1215 248 111
1238 185 1386 248 OPERA.
1960 193 1986 242 us

1203 345 1314 408 monte
1330 343 1365 407 ot
1378 344 1463 405 alios
1480 345 1552 420 ejus
1574 341 1767 420 complices,
1785 345 1939 419 propter
1959 343 1999 403 hs:

1204 447 1237 506 et
1253 443 1319 504 alia
1336 441 1460 516 flagitia
1477 439 1698 519 quibuscum,
1714 439 1913 502 ecelesiam
1930 455 2001 501 sua:

1205 544 1236 603 ct
1259 557 1335 601 suos
1357 539 1505 615 graviter
1527 537 1750 608 offenderunt,
1776 542 2002 598 excommni-

1206 638 1359 709 cationis,
1380 637 1413 698 et
1431 637 1466 697 in
1489 637 1613 697 terram
1632 651 1761 705 eornm,
1784 649 1871 712 quae
1900 634 2002 693 cirilli:

1206 738 1283 796 sunt
1293 735 1473 796 draconum
1484 735 1647 810 etpascua
1657 732 1917 795 struthionum,
1928 733 2005 791 iutu-

1206 833 1285 894 dicti
1302 831 1482 894 sententias
1497 830 1730 908 promulgavit,
1749 845 1843 905 quas
1863 845 1930 888 vos
1950 830 1998 903 ip<

1207 929 1294 991 sicut
1308 929 1507 1006 accepimus,
1525 927 1635 988 tacitis
1655 927 1691 988 111
1710 927 1845 988 vestris
1867 925 2006 986 ditucul-

1207 1027 1269 1087 bus
1297 1025 1468 1103 publicari.
1500 1025 1542 1086 Ut
1577 1025 1685 1086 autem
1712 1023 1755 1084 ad
1783 1024 2023 1083 ulciscendis,

1207 1124 1332 1186 tantam
1346 1123 1405 1184 Del
1418 1124 1450 1184 et
1464 1122 1621 1184 Ecclesiae
1634 1121 1848 1183 universalis
1863 1121 2005 1196 injurias„

1208 1225 1330 1284 nostrae
1348 1221 1398 1282 vis
1415 1219 1624 1282 auctoritatis
1641 1220 1792 1290 accedat,
1819 1218 2005 1278 discretim.

1208 1320 1326 1380 vestrae
1346 1335 1406 1395 per
1424 1317 1613 1394 Apostolica
1635 1317 1763 1393 scripta
1787 1317 2006 1392 praecipiens·

1208 1416 1415 1485 mandamus,
1428 1416 1594 1492 quatenus
1604 1414 1738 1476 easdem
1748 1415 1948 1475 sententias
1960 1416 2007 1472 ›ia-

1208 1512 1296 1588 gulis
1317 1511 1432 1572 diebus
1456 1511 1631 1574 domlnicis
1653 1513 1686 1572 et
1701 1510 1856 1582 festivis
1882 1512 2004 1588 pulsati

1209 1609 1379 1686 campanis
1389 1609 1423 1670 et
1432 1608 1580 1669 candelis
1588 1609 1752 1679 accensis,
1764 1623 1833 1684 per
1844 1609 2004 1667 universa

1209 1706 1368 1768 ecclesias
1382 1708 1567 1768 uestrarum
1582 1705 1767 1768 dioecesum
1785 1705 1933 1766 faciatis
1945 1722 2003 1764 au:-

1208 1805 1341 1866 toritate
1356 1805 1469 1865 nostra
1484 1802 1675 1865 solemniter
1687 1802 1871 1874 innovari,
1884 1805 1930 1874 et,
1947 1821 2003 1878 sup·

1209 1905 1369 1979 ponentes
1383 1901 1456 1962 loca
1471 1899 1627 1978 quaslibet
1638 1900 1680 1961 ad
1695 1915 1773 1980 quae
1788 1901 1865 1976 ipsi
1880 1901 2003 1960 desere

1209 2000 1276 2060 rint
1291 2013 1349 2075 per
1363 1999 1491 2060 vestras
1502 1998 1673 2069 dioeceses,
1688 1997 1864 2074 quamdiu
1881 2015 2002 2074 pra-:z-

1209 2099 1259 2157 tes
1273 2095 1395 2156 ibidem
1406 2095 1529 2156 luerint
1541 2095 1730 2166 interdicto,
1744 2095 1812 2156 sub
1827 2095 2001 2156 intermin-

1210 2194 1300 2254 tione
1311 2191 1532 2254 anathematis
1544 2191 1720 2268 probibere
1730 2195 1884 2264 eureus,
1901 2196 2000 2268 nepi-

1210 2292 1330 2352 vestrae
1346 2289 1571 2367 jurisdictioni
1590 2287 1761 2367 subjectus
1776 2289 1920 2351 eisdem
1935 2307 2001 2349 11111.-

1211 2388 1367 2458 munioet,
1382 2403 1489 2464 neque
1503 2388 1592 2464 ipsos
1607 2401 1667 2448 sou
1677 2387 1818 2464 aliquos
1836 2388 1883 2448 de
1898 2388 1999 2448 lamii:

1211 2487 1265 2547 rel
1281 2501 1340 2546 sua
1360 2485 1518 2547 societate
1536 2486 1692 2562 receptet,
1714 2501 1906 2562 quousque
1920 2503 2002 2561 sape

1211 2584 1299 2646 dicto
1314 2583 1470 2661 episcopo
1485 2584 1517 2645 et
1531 2584 1608 2644 aliis
1620 2582 1782 2659 iniuriam
1794 2585 1916 2660 passis
1927 2585 2002 2642 salis

1211 2680 1351 2742 iecerint
1364 2681 1589 2758 competenter
1605 2681 1638 2744 et
1658 2695 1733 2742 cum
1749 2681 1915 2756 eiusdem
1938 2683 2003 2756 spis-

1212 2778 1285 2854 copi
1301 2777 1420 2839 litteris
1431 2777 1585 2839 venerint
1595 2777 1634 2837 ad
1652 2778 1775 2838 sedem
1789 2779 2002 2854 apostolicas

1211 2875 1414 2936 absolvendi.
1431 2876 1548 2936 Datum
1561 2875 1728 2942 Laterani,
1745 2877 1796 2936 111
1814 2875 1898 2936 idus
1915 2874 2004 2935 fabra-

1212 2974 1286 3046 arii,
1303 2971 1512 3049 pontificatus
1527 2971 1632 3034 nostri
1647 2987 1735 3035 anno
1749 2973 1925 3034 secundo.

1252 3169 1289 3228 ln
1300 3167 1450 3228 eumdem
1462 3166 1594 3230 modum
1605 3166 1767 3244 scriptum
1780 3170 1838 3229 est
1846 3185 1952 3246 super
1960 3168 2005 3226 ha·

1212 3264 1377 3341 episcopo,
1404 3265 1532 3326 cantori
1553 3266 1587 3326 at
1607 3264 1857 3326 archidiacono
1873 3269 2006 3326 Trecen-

1211 3360 1316 3432 tibus,
1332 3375 1438 3434 resque
1454 3379 1465 3421 .·
1478 3360 1645 3422 interdicti
1658 3362 1854 3424 sententias
1868 3365 2005 3440 promni-

1212 3457 1313 3532 gavit.
1323 3457 1446 3518 Deinde
1455 3457 1808 3534 subjicitur:Quasnos
1818 3461 2005 3520 mandaue-

1212 3553 1247 3614 in
1275 3554 1486 3628 Bituricensi,
1510 3553 1785 3630 Rotbomagensi,
1813 3558 2004 3620 senonensi,

1212 3651 1397 3712 'turonensi
1408 3653 1441 3713 et
1452 3652 1605 3713 Remensi
1616 3653 1802 3728 provinciis
1820 3656 2004 3715 solomona·

1213 3748 1386 3825 publicari,
1399 3748 1592 3810 discretioni
1604 3751 1724 3811 vestran
1741 3765 1805 3826 per
1824 3752 2001 3828 Apostoliu

1213 3847 1337 3922 scripta
1361 3845 1556 3906 mandamus
1585 3847 1747 3923 quatenus
1766 3847 1907 3910 nobiles
1931 3850 2000 3908 vic-s

1213 3958 1352 4020 qnorum
1375 3943 1481 4004 eidem
1505 3943 1734 4008 malefactores
1761 3946 1898 4007 vassali
1929 3951 1996 4006 suu

1212 4039 1265 4102 val
1286 4039 1326 4102 de
1346 4056 1485 4118 quorum
1498 4041 1735 4120 jurisdictione
1751 4043 1959 4106 consistunt.
1976 4052 1995 4100 u

1213 4137 1302 4214 ipsos
1323 4139 1653 4214 peroccupationem
1677 4138 1859 4201 feudorum
1883 4157 1997 4202 Sutilttf.

1213 4235 1285 4295 sine
1297 4233 1415 4295 fraude
1428 4235 1463 4296 et
1476 4234 1560 4296 alios
1575 4238 1674 4312 prout
1690 4234 1753 4297 sibi
1769 4237 1902 4300 tradita
1921 4240 2000 4298 desu-

1213 4347 1272 4408 per
1291 4334 1341 4393 est
1362 4332 1518 4408 potestas,
1541 4332 1742 4409 compellant
1762 4333 1930 4412 episcopo
1949 4351 2003 4394 111·ὼ

1213 4429 1383 4490 moratoet
1397 4428 1473 4490 aliis
1489 4429 1595 4508 passis
1608 4431 1779 4507 inJurlam,
1797 4447 1951 4510 congrue
1968 4448 2005 4489 sn·

1212 4525 1367 4588 tislaoere
1391 4527 1431 4587 de
1453 4525 1594 4598 damnis,
1621 4529 1654 4590 et
1680 4527 1842 4604 irrogatis
1868 4530 2005 4607 injuriis.

1213 4623 1404 4700 diligentius
1420 4625 1594 4696 moneatis,
1611 4623 1801 4687 inhibentes
1814 4642 1861 4687 ne
1876 4627 1951 4704 quis
1966 4627 2008 4702 ip

1213 4737 1267 4781 sos
1279 4721 1312 4780 in
1329 4722 1418 4782 terra
1431 4735 1491 4782 sua
1507 4723 1689 4798 receptare,
1700 4722 1753 4783 vel
1763 4723 1806 4784 de
1816 4722 1951 4784 familia
1964 4725 2006 4782 vat

1214 4821 1372 4880 societate
1387 4837 1447 4880 sua
1462 4820 1605 4882 retinere
1621 4821 1811 4896 praesumat,
1828 4837 1959 4899 eosque
1973 4821 2006 4880 ad

1214 4917 1257 4987 id,
1270 4917 1299 4976 si
1314 4916 1431 4977 moniti
1446 4931 1632 4993 repugnare
1647 4919 1940 4994 presumpserint,
1960 4935 2007 4996 par

1212 5027 1387 5074 censuram
1408 5012 1679 5085 eeclesiasticam,
1705 5013 1937 5090 appellatione
1958 5033 2007 5076 re-

1213 5113 1311 5182 mota,
1331 5110 1475 5186 cogatis.
1500 5110 1590 5182 Quod
1612 5111 1641 5170 sl
1663 5125 1729 5170 uon
1749 5125 1880 5185 omnes,
1905 5117 1943 5176 tu
1964 5129 2006 5183 aa,

1213 5208 1316 5270 trater
1330 5207 1495 5286 episcope,
1512 5223 1714 5269 cumeorum
1730 5208 1849 5282 altero,
1867 5213 1935 5272 etc.

1252 5307 1371 5368 Datum
1388 5306 1554 5379 Laterani,
1572 5306 1647 5366 XVI
1666 5305 1734 5366 kal.
1755 5308 1881 5381 martii,
1899 5311 2006 5385 ponii-

1213 5403 1330 5466 dcatus
1344 5403 1450 5465 nostrl
1464 5419 1552 5465 auno
1567 5402 1722 5464 secundo.
