4162 6424
79 281 139 345 con
714 270 943 333 emesena.
966 271 1045 332 ura.
1071 264 1110 334 rt.
1393 235 1395 242 '
1679 277 1738 335 ooo

85 442 204 501 Nonne
219 435 298 500 Saul
313 449 373 513 per
387 429 646 495 inobedientiam
661 442 802 506 regnum
823 430 884 492 de·
937 431 994 492 sed
1016 429 1057 491 ab
1079 430 1153 508 ipso
1174 431 1242 491 Deo
1266 427 1400 490 homine
1420 430 1500 492 Jesu
1524 427 1666 504 Christo,
1690 434 1740 495 sic

81 535 203 598 meruit
216 528 883 610 etperobedientiambenedictionemob-
938 529 1149 589 contemnere
1168 527 1365 602 jussionem.
1392 527 1514 588 Verum
1540 528 1652 589 111111
1679 529 1740 590 ad-

81 634 184 696 tinuit
197 630 374 700 Abraham,
389 629 423 690 et
437 626 652 704 multiplicari
661 641 773 688 semen
787 641 883 686 suum
937 625 1060 685 hucin
1085 622 1232 685 lenitatis
1261 622 1381 700 spiritu
1417 624 1564 700 experiri
1589 625 1739 687 volentes

82 730 169 791 sicut
179 729 253 790 coeli
266 727 381 788 stellas
396 725 429 788 et
443 740 558 786 omnes
572 723 687 801 gentes
702 723 737 783 in
753 737 814 784 suo
829 737 884 782 se-
937 723 1048 784 utrum
1063 721 1135 782 haec
1150 720 1337 797 objurgatio
1358 720 1423 781 sibi
1442 720 1570 782 dederit
1588 721 1741 784 intellec·

83 827 172 888 mine
186 824 358 888 benedicit
377 841 396 884 a
412 825 499 890 outa
521 821 673 894 obedisti,
698 819 746 882 ait
770 819 885 881 Domi·
937 819 1019 891 turn,
1043 819 1101 880 aut
1122 833 1165 880 an
1179 817 1240 890 sal,
1258 817 1344 894 qnod
1359 819 1409 902 est
1427 817 1500 895 ipse
1515 817 1621 880 salliri
1636 820 1743 895 possit

82 939 156 995 nus,
172 925 246 984 noct
269 936 357 983 mata
376 917 668 998 oeaeaacntorsstn
683 919 884 998 tao'scmtnc
937 917 974 976 in
988 917 1112 993 aliquo,
1128 914 1181 977 vel
1197 915 1245 977 sic
1259 915 1434 977 evanuerit
1447 931 1490 976 ex
1502 916 1570 977 toto
1585 915 1671 992 quod
1696 915 1738 977 ad

84 1031 204 1081 amnes
222 1019 388 1094 pentes.»
518 1047 520 1052 ·
940 1012 1081 1075 nihilum
1097 1011 1184 1074 ultra
1198 1012 1320 1080 valeat,
1336 1012 1534 1090 Apostolicis
1549 1027 1625 1074 eum
1640 1013 1741 1074 duxi-

122 1117 285 1177 Miramur
304 1130 385 1176 sane
406 1127 473 1176 non
486 1113 653 1175 modicum
667 1111 701 1175 et
714 1126 886 1173 movemur
939 1127 1013 1172 mus
1027 1111 1149 1173 litteris
1163 1109 1387 1181 excitandum,
1399 1111 1435 1171 in
1446 1110 1570 1172 virtute
1585 1109 1739 1171 obedien-

84 1209 181 1290 quod,
199 1209 287 1274 sicut
308 1227 350 1272 ex
372 1212 466 1288 parte
491 1210 624 1272 dilectae
651 1209 781 1270 Christo
808 1208 886 1270 illiae
939 1207 996 1271 ttae
1008 1207 1072 1285 ipsi
1087 1207 1236 1272 districte
1248 1206 1482 1288 praecipiendo,
1494 1207 1689 1269 mandantes
1705 1207 1741 1270 ut

84 1311 206 1371 nobilis
220 1307 371 1370 mulieris
383 1311 419 1370 B.
434 1307 613 1371 comitissa
625 1305 814 1384 Campaniae
825 1305 887 1383 fuit
939 1307 1008 1367 tam
1022 1305 1183 1366 Erardum
1207 1305 1240 1367 et
1263 1303 1452 1381 Philippam
1470 1303 1636 1381 praefatos,
1659 1321 1741 1382 quos

84 1405 290 1484 propositum
304 1421 417 1468 coram
441 1405 548 1477 nobis,
566 1420 666 1482 quum
688 1400 752 1464 sibi
766 1402 799 1465 et
810 1400 886 1464 aliis
941 1415 1002 1463 nos
1017 1399 1377 1462 excommunicavimus
1390 1401 1742 1478 proptereorum'con-

86 1504 250 1580 episcopis
265 1503 361 1580 regni
375 1501 526 1581 Francia
542 1501 730 1563 dederimus
745 1501 886 1577 111111-
941 1498 1120 1582 tumaoiam
1147 1495 1369 1570 manifestam,
1392 1495 1614 1575 praecipiendo
1637 1498 1741 1558 nihil-

86 1602 189 1678 ceptis
211 1602 247 1662 ut
269 1599 431 1662 mendum
455 1599 496 1660 de
510 1602 620 1660 Brena
638 1597 671 1660 et
686 1596 885 1674 Philippum,
941 1595 1073 1656 ominus
1098 1594 1253 1672 praefatas
1274 1595 1457 1657 sententias
1474 1594 1613 1657 tirmiter
1627 1595 1744 1656 obser-

87 1699 116 1759 si
143 1697 228 1760 forte
255 1697 371 1759 contra
399 1696 557 1759 dilectum
585 1693 707 1768 filium,
743 1692 887 1755 nobilem
940 1693 1015 1754 vari
1029 1691 1127 1770 prout
1140 1693 1175 1753 in
1189 1691 1401 1768 generalibus
1416 1691 1536 1754 litteris
1551 1691 1741 1754 continetur

87 1793 208 1863 virum,
236 1796 271 1853 Τ.
302 1795 500 1853 Trecensem
526 1791 680 1852 comitem
706 1804 889 1866 praesume-
942 1805 1041 1866 quam
1071 1803 1185 1851 omnes
1217 1787 1393 1866 praedictos
1421 1789 1546 1850 arctius
1584 1789 1742 1866 unquam

88 1890 163 1950 rent
174 1889 363 1965 malignari,
382 1891 486 1952 Deum
501 1887 653 1948 habendo
679 1901 748 1963 prae
770 1875 885 1956 oculis,
942 1886 1245 1948 excommunicatos
1265 1885 1405 1958 evitans,
1429 1885 1584 1962 praefatas
1607 1887 1743 1948 senten-

24 2041 25 2050 ,
86 1985 218 2046 sublato
233 1983 410 2063 cujuslibet
435 1983 707 2046 contradictionis
723 1981 887 2058 etappel·
942 1983 1074 2055 tentiae,
1098 1981 1217 2058 gratia,
1242 1981 1318 2044 odio
1344 1982 1376 2044 et
1396 1980 1514 2044 timore
1538 1983 1741 2060 postpositis,

84 2082 222 2144 lationis
258 2080 445 2152 obstaculo,
484 2078 711 2141 ecclesiastica
746 2092 887 2138 censura
943 2079 1084 2155 singulis
1096 2077 1211 2140 diebus
1223 2079 1398 2142 dominicis
1408 2079 1441 2142 et
1453 2079 1592 2151 festivis,
1603 2079 1743 2156 pulsatis

84 2179 353 2256 compescerent3
369 2177 456 2238 idem
485 2177 678 2253 episcopus,
693 2189 760 2235 non
781 2173 888 2236 solum
942 2175 1160 2252 campaniaci
1181 2175 1328 2236 candelis
1350 2176 1511 2248 accensis,
1537 2176 1742 2249 solemniter,

86 2277 118 2337 id
138 2275 283 2352 exsequi
298 2290 365 2336 non
380 2273 520 2345 curavit,
535 2273 615 2334 licet
629 2271 716 2332 idem
729 2271 886 2343 Erardus,
943 2273 1073 2335 sublato
1093 2271 1327 2351 appellationis
1351 2273 1533 2346 obstaculo,
1550 2273 1696 2350 publicet
1710 2276 1743 2336 et

87 2387 161 2434 cum
177 2371 365 2434 fautoribus
380 2370 461 2444 suis,
478 2371 513 2431 in
528 2371 649 2431 terram
662 2367 810 2446 ejusdem
825 2381 887 2428 oo-
943 2369 1045 2432 faciat
1064 2370 1099 2430 in
1119 2370 1270 2432 ecclesiis
1288 2370 1352 2431 sibi
1371 2371 1511 2432 subditis
1525 2369 1622 2446 modo
1641 2370 1745 2431 simili

85 2470 177 2531 mitis
193 2468 356 2530 nonnulla
371 2464 561 2528 exercuerit
574 2463 730 2527 incendia
741 2464 773 2526 et
797 2463 890 2540 rapi·
944 2465 1125 2543 publicari,
1155 2465 1381 2528 denuntiando
1395 2465 1616 2527 nihilominus
1656 2467 1742 2543 quod

88 2582 159 2638 nas,
189 2581 307 2627 verum
333 2565 444 2636 etiarn,
470 2578 545 2624 cum
559 2561 762 2624 venerabilis
786 2559 891 2622 trater
944 2561 1051 2624 dictus
1067 2562 1223 2636 Erardus,
1240 2565 1375 2640 propter
1389 2563 1528 2624 nimium
1550 2577 1745 2624 excommu-

89 2664 207 2725 noster
231 2661 490 2724 Silvanectensis
518 2661 693 2738 episcopus
721 2658 755 2722 et
776 2657 889 2719 dilecti
944 2659 1122 2720 nicationis
1138 2659 1372 2736 contemptum,
1395 2675 1469 2719 cum
1486 2661 1557 2737 jam
1572 2659 1616 2721 sit
1637 2657 1742 2736 ipsius

30 2836 33 2844 Ι
87 2761 146 2822 tilii
161 2759 405 2821 abbessanctae
421 2755 596 2820 Genovefae
618 2757 651 2820 et
664 2757 756 2834 prior
777 2754 889 2816 Sancti
944 2755 1067 2832 duplici
1088 2755 1221 2817 vinculo
1246 2755 1435 2828 innodatus,
1451 2756 1572 2833 poterit
1592 2772 1660 2818 non
1679 2757 1745 2818 im-

34 2851 43 2882 ’·
85 2857 229 2920 Martini
251 2855 291 2917 de
311 2855 442 2932 Campis
457 2853 670 2926 Parisiensis,
687 2851 751 2914 sibi
775 2851 892 2914 aucto-
945 2853 1062 2916 merito
1077 2853 1255 2916 formidare
1265 2869 1307 2914 ne
1322 2853 1432 2914 notam
1445 2853 1595 2915 incurrat
1607 2852 1744 2915 haereti-

85 2957 185 3017 ritate
202 2952 316 3016 nostra
330 2951 389 3013 sub
400 2967 497 3030 poena
510 2949 750 3028 suspensionis,
765 2965 891 3026 praece-
944 2953 1020 3014 ticae
1043 2951 1229 3028 pravitatis,
1260 2951 1293 3012 et
1313 2965 1374 3012 nos
1396 2951 1531 3027 propter
1544 2949 1608 3012 hoc
1626 2951 1742 3012 contra

87 3053 203 3130 perint
228 3051 265 3112 ut
278 3049 440 3111 Erardum
464 3049 498 3110 11
516 3047 705 3125 Philippum
721 3045 888 3123 praefatos,
946 3065 1021 3110 enm
1030 3048 1168 3111 forsitan
1178 3047 1407 3125 procedamus,
1423 3047 1521 3123 prout
1530 3046 1646 3110 contra
1659 3048 1743 3110 tales

84 3151 249 3212 Milonem
276 3147 318 3208 de
340 3145 485 3217 Noeriis‚
515 3145 672 3206 Milonem
700 3142 740 3204 de
769 3143 891 3204 sancto
946 3145 1118 3208 consuevit
1132 3145 1278 3222 procedi,
1295 3160 1395 3221 quum
1411 3144 1445 3204 in
1464 3143 1673 3221 hocnegotio
1688 3160 1744 3222 pa-

85 3245 296 3316 Flerentino,
315 3241 767 3312 SimonemdeGlaromonte,
783 3241 893 3300 Simo·
947 3259 1018 3304 cern
1046 3242 1081 3303 et
1110 3242 1274 3319 iustitiam
1309 3240 1547 3318 amplexemur.
1582 3241 1744 3312 Quocirca

85 3361 160 3405 nem
173 3344 221 3404 de
235 3340 415 3402 Saxofonte
430 3337 689 3414 acRaynaldum
705 3336 745 3398 de
760 3335 892 3396 thisel
947 3338 1140 3401 discretioni
1164 3339 1284 3400 vestrae
1310 3352 1371 3413 per
1399 3337 1590 3414 apostolica
1621 3338 1745 3414 scripta

90 3439 270 3516 diligenter
293 3436 444 3499 moneret
466 3437 502 3496 ut
517 3433 605 3494 infra
620 3431 808 3509 quindecim
821 3431 892 3491 dies
947 3436 1142 3497 mandamus
1170 3435 1344 3511 quatenus,
1377 3434 1406 3493 si
1433 3432 1541 3494 dictus
1570 3435 1745 3512 episcopus

91 3537 217 3598 inirent
240 3535 391 3608 treugam
406 3547 481 3592 cum
497 3529 665 3592 comitissa
688 3528 847 3605 praedicta
861 3528 894 3588 et
948 3533 1147 3610 praeceptum
1175 3531 1325 3594 nostrum
1346 3529 1532 3604 neglexerit
1552 3529 1744 3607 adimplere,

92 3637 130 3694 T·
147 3629 358 3706 1110111113,
376 3623 894 3705 11116111911111111111911611111
948 3645 1008 3692 vos
1025 3626 1158 3690 eumad
1177 3627 1250 3688 haec
1263 3641 1323 3703 per
1347 3641 1478 3704 poenam
1505 3626 1744 3704 suspensionis,

94 3727 246 3791 Concilio
262 3725 451 3797 diffinitum,
464 3722 612 3800 alioquin
625 3722 718 3798 ipsos
733 3722 766 3782 et
780 3735 894 3782 eorum
949 3724 1079 3786 sublato
1092 3723 1268 3802 cujuslibet
1289 3722 1562 3784 contradictionis
1578 3722 1612 3784 et
1631 3724 1748 3800 appel-

94 3827 129 3886 in
155 3826 219 3886 hac
234 3823 327 3901 parte
339 3822 487 3885 fautores
510 3817 813 3882 excommunicatos
828 3833 893 3894 pu·
949 3821 1083 3885 lationis
1096 3820 1279 3892 obstaculo,
1293 3819 1511 3896 compellatis,
1524 3820 1556 3881 et
1568 3835 1628 3881 nos
1647 3821 1747 3882 etiam

94 3923 181 3983 hlice
205 3918 386 3991 nuntiaret,
402 3919 564 3980 eteorum
581 3917 688 3978 terras
708 3915 895 3992 suppositas
949 3935 1068 3980 manus
1083 3919 1213 3981 nostras
1227 3918 1261 3980 in
1274 3934 1348 3980 curn
1357 3917 1470 3994 taliter
1484 3933 1670 3995 aggravare
1685 3934 1745 3978 cu-

95 4017 290 4091 interdicto;
315 4015 394 4077 licet
408 4015 449 4077 ad
473 4013 652 4075 ineundam
673 4013 823 4088 treugam
839 4026 895 4072 eos
949 4015 1445 4092 rabbinusQuodexperimento
1458 4018 1747 4092 cognoscetquam

96 4115 274 4186 monuerit,
295 4112 492 4190 contempsit
512 4111 547 4172 in
572 4111 648 4172 aliis
663 4111 794 4187 penitus
812 4109 894 4171 obe·
949 4114 1164 4176 temerarium
1179 4113 1222 4174 sit
1241 4113 1356 4174 contra
1372 4111 1540 4172 stimulum
1556 4111 1744 4173 calcitrare.

95 4211 177 4281 dire,
195 4209 231 4269 in
252 4207 451 4286 Apostolicae
475 4206 569 4268 Sedis
587 4207 757 4284 injuriam,
774 4206 807 4266 et
829 4220 896 4265 non
952 4211 1043 4284 Quod
1060 4210 1089 4271 si
1100 4225 1166 4271 non
1180 4224 1294 4271 omnes
1307 4209 1349 4270 iis
1362 4207 1582 4284 exsequendis
1598 4208 1750 4284 potueri-

95 4307 203 4368 solum
225 4306 373 4384 ejusdem
390 4305 522 4366 comitis
538 4319 654 4365 verum
676 4303 776 4364 etiam
794 4302 896 4365 totius
951 4308 995 4369 tis
1020 4307 1182 4369 interesse
1205 4304 1270 4366 duo
1292 4305 1499 4366 vestrumea
1528 4303 1749 4365 nihilominus

94 4402 389 4480 16811111011118111,
410 4403 443 4465 et
464 4401 734 4480 impedimentum
759 4415 898 4460 succur-
952 4403 1189 4480 exsequantur.
1212 4401 1330 4463 Datum
1355 4398 1510 4462 Laterani
1523 4402 1568 4462 Vl
1586 4399 1748 4461 kalendas

95 4517 152 4561 sus
168 4501 387 4562 nihilominus
410 4501 522 4561 Terrae
547 4498 695 4571 5111101111
712 4498 810 4568 unde,
832 4495 897 4556 nisi
952 4501 1123 4573 februarii,
1139 4499 1352 4580 pontificatus
1367 4499 1472 4560 nostri
1485 4513 1573 4561 anno
1591 4498 1748 4560 secundo.

94 4595 316 4655 mansuetudo
333 4593 457 4654 motum
471 4592 578 4654 nostri
591 4591 694 4652 animi
709 4592 896 4667 temperas-

94 4693 155 4762 set,
180 4692 405 4766 contemptum
420 4689 611 4766 hujusmodi
627 4687 768 4750 forsitan
786 4686 899 4748 taliter
1293 4677 1414 4764 CXVI

95 4788 320 4864 punissemus,
334 4786 419 4863 quod
435 4787 593 4861 qnantum
608 4783 898 4846 sitinobedientiae

96 4885 229 4955 vitium,
246 4868 343 4960 poena
359 4883 507 4954 docente,
525 4882 750 4958 cognosceret,
767 4880 824 4958 qui
839 4896 900 4941 ne-
1240 4917 1458 4978 Summum

93 4981 193 5058 gligit
216 4980 300 5041 illud
327 4978 515 5055 intelligere
538 4994 597 5055 per
623 4977 839 5055 scripturam.
863 4977 898 5038 Si
1301 5035 1306 5045 ,

94 5079 187 5142 enim
214 5076 300 5138 illud
328 5077 407 5138 ante
437 5075 558 5137 mentis
587 5076 701 5136 oculos
729 5074 900 5136 habuisset
1126 5152 1131 5163 Ι
1248 5035 1447 5162 ,ῊῙΒΜΜ

95 5177 182 5254 quod
195 5175 249 5238 vir
268 5175 339 5247 Dei,
356 5189 417 5252 pro
437 5188 477 5234 eo
491 5172 578 5250 quod
596 5171 633 5233 in
647 5171 762 5235 Bethel
785 5175 899 5234 contra
992 5157 1101 5220 11111111·
1114 5151 1160 5204 nh.
1172 5152 1204 5213 ¹¹2
1213 5155 1287 5216 θ11111·
1297 5149 1354 5200 ⁸⁸³·
1367 5151 1425 5200 ⁸¹³⁵·
1436 5151 1474 5200 ua
1487 5150 1507 5202 Ρ
1509 5150 1606 5204 01111111
1621 5149 1713 5212 thart]

96 5272 358 5350 prohibitionem
384 5269 517 5332 Domini
542 5259 661 5346 panem
686 5269 837 5341 comedit,
858 5267 899 5329 ab
974 5256 1379 5358 Rogatutueptemcantoris
1399 5255 1543 5314 suession.
1561 5255 1732 5314 insererem

99 5371 249 5445 ejusdem
271 5370 337 5432 loci
359 5367 521 5446 propheta
536 5367 703 5445 deceptus,
723 5366 899 5430 11111111-
1276 5346 1425 5418 recipiant.

99 5467 192 5528 teriit
212 5481 233 5527 a
254 5467 350 5528 leone
374 5481 564 5543 percussus,
581 5465 721 5526 forsitan
736 5463 902 5525 timuisset
994 5457 1174 5528 Honorius,
1190 5455 1265 5529 eta,
1282 5454 1412 5516 dilectis
1425 5453 1504 5531 tiliis
1519 5453 1694 5517 abbatissae
1719 5455 1751 5518 et

101 5563 300 5638 Apostolicae
318 5563 424 5636 Sedis,
448 5579 521 5639 quae
540 5578 606 5624 non
632 5563 683 5626 est
697 5561 738 5624 ab
752 5561 899 5632 homine,
956 5555 1134 5618 conventui
1149 5554 1255 5616 beatae
1270 5552 1385 5614 Mariae
1401 5551 1613 5618 suessionen.

953 4825 1004 4884 Ad
1017 4821 1225 4884 abbatissam
1236 4819 1269 4881 ct
1283 4819 1490 4880 concentum
1505 4819 1611 4881 heatae
1624 4821 1751 4880 blartce
