4200 6404
325 257 388 319 259
786 243 964 308 HONORII
984 241 1031 318 111
1053 239 1203 314 OPERA·
1217 269 1259 284 -·
1273 189 1509 300 SERMONES.
1926 239 1990 298 260
2076 271 2077 284 .

325 415 385 486 lia,
399 415 495 493 quasi
520 427 655 476 anemos
670 410 777 474 lethes
796 405 932 486 propter
951 400 1127 481 quamdam
1220 399 1303 464 uem
1327 399 1500 466 sciendum
1523 397 1584 470 est,
1602 397 1688 476 quod
1705 397 1888 475 aliqnando
1905 413 1990 476 pas-
2076 367 2077 410 ³

328 513 528 576 obhvionem
543 509 790 588 temporalium.
808 508 951 567 Auernos
971 503 1021 564 est
1041 515 1125 562 ven·
1179 497 1246 560 tori
1270 498 1478 560 subtrahitur
1501 499 1610 573 gratia
1640 495 1905 573 praedicationis,
1924 512 1988 573 pro

327 611 409 686 tus3
453 610 575 672 dicitur
605 607 712 669 lethes
742 603 876 666 oblivio.
912 601 1039 662 Ventus
1077 597 1127 660 est
1180 597 1268 658 malo
1292 597 1411 658 merito
1439 594 1561 672 plebis,
1589 595 1768 672 aliquando
1792 610 1853 671 pro
1893 595 1988 656 malo
2076 671 2077 682 ἵ

329 709 398 770 vita
432 721 591 786 presens.
632 704 758 768 Ventus
795 701 847 764 est
882 698 924 761 ad
960 696 1126 758 modicum
1180 693 1299 762 marito
1313 710 1382 756 suae
1397 693 1594 770 iniquitatis.
1609 693 1703 754 Unde
1719 691 1836 756 heatus
1852 694 1989 768 Grego-

329 819 462 884 parens.
489 800 582 866 Unde
600 802 663 866 Joh
684 822 692 862 r
719 799 893 870 Memento
920 797 1002 867 niet,
1020 797 1125 866 Deae,
1180 792 1252 854 rius
1269 813 1276 854 :
1293 794 1420 870 «Saepe
1438 807 1498 868 pro
1520 807 1581 852 sua
1596 789 1773 868 iniquitate
1787 789 1989 868 praedican-

328 907 411 978 quia
429 903 553 964 metes
578 901 714 964 estotte
736 889 1125 975 mea(Job.vu‚7).1i-
1180 889 1263 952 tium
1289 890 1404 967 lingua
1430 889 1693 965 restringitur.»
1725 890 1819 966 sape
1840 904 1928 950 rero
1955 888 1990 950 et

328 997 453 1062 heretis
476 999 580 1075 igitur
600 1014 620 1060 a
641 995 787 1075 peccatis
811 991 985 1057 animabus
1011 989 1127 1050 subdi·
1180 987 1402 1066 subjectorum
1418 987 1516 1079 culpa
1530 986 1611 1064 agit,
1627 986 1664 1048 ut
1678 985 1798 1064 eisqui
1817 989 1988 1064 praesunt,

328 1098 450 1170 torum,
477 1096 686 1175 persanctae
701 1090 950 1172 praedicationis
968 1087 1124 1158 studium,
1180 1085 1427 1164 predicationis
1442 1099 1552 1148 sermo
1574 1083 1801 1146 subtrahatur.
1826 1084 1990 1146 Restrin-

327 1195 449 1258 erectis
466 1194 508 1256 ad
532 1197 636 1255 Deum
658 1207 718 1270 per
741 1189 889 1269 paradisi
910 1186 1124 1258 desiderium,
1179 1185 1270 1260 gitur
1283 1184 1397 1260 lingua
1413 1183 1628 1260 praedicantis
1642 1198 1704 1244 sua
1716 1182 1880 1260 nequitia,
1896 1183 1991 1245 sicut

328 1290 518 1353 laetantibus
531 1275 567 1351 in
581 1290 721 1352 Domino
736 1287 900 1364 mbouae
913 1282 1126 1346 conscientie
1180 1282 1301 1344 dicitur
1325 1297 1384 1358 per
1411 1280 1623 1344 Psalmistam
1638 1281 1843 1344 :Peccatori
1861 1282 1990 1343 autem
2076 1323 2077 1330 ι

327 1387 565 1460 testimoninm,
581 1386 735 1464 superest
745 1385 783 1451 ut
796 1383 928 1449 moueri
938 1381 1081 1443 debeant
1095 1379 1127 1441 et
1179 1382 1269 1442 decit
1302 1384 1406 1452 Deus,
1432 1394 1541 1454 quare
1570 1380 1608 1440 tu
1638 1394 1790 1443 anemae
1815 1379 1987 1452 justitias

328 1485 493 1548 instanter
515 1483 655 1557 hortari,
679 1482 844 1561 quatenus
869 1495 911 1541 ea
937 1490 1012 1556 qus
1036 1478 1126 1540 retro
1179 1493 1277 1540 meas
1297 1479 1332 1540 et
1350 1481 1501 1541 assumis
1517 1477 1764 1540 testamentum
1780 1491 1904 1538 mem
1917 1491 1989 1550 per
2076 1517 2077 1520 ,

328 1582 408 1645 sunt
431 1581 537 1654 obliti,
553 1580 751 1657 temporalia
779 1577 908 1642 scilicet
929 1577 963 1638 et
988 1575 1125 1644 caduca,
1179 1590 1217 1638 oa
1230 1573 1433 1654 edomatas.
1452 1575 1505 1647 49,
1529 1572 1592 1652 16).
1607 1575 1648 1636 nt
1661 1589 1795 1636 rursum
1811 1595 1820 1634 z
1836 1588 1882 1634 ex
1897 1572 1987 1636 vitio

328 1680 371 1741 ad
386 1680 547 1741 interiora
562 1694 599 1740 se
613 1692 745 1756 semper
761 1674 953 1747 extendant,
966 1674 1008 1735 ad
1026 1673 1127 1751 spiri-
1180 1672 1403 1748 subjectorum
1416 1688 1483 1734 vox
1499 1670 1752 1749 predicantium
1767 1671 1985 1749 prohibetur,
2076 1673 2077 1681 ’

326 1777 432 1839 tualia
457 1776 613 1839 videlicet
638 1777 674 1838 et
701 1775 846 1846 aeterna,
884 1772 991 1836 donec
1021 1773 1127 1832 Deum
1179 1770 1266 1832 sicut
1292 1771 1334 1832 ad
1359 1770 1566 1832 Ezechielem
1589 1769 1749 1832 Dominus
1773 1769 1877 1832 dicit:
1898 1772 1989 1832 Lin-

325 1873 779 1938 deorumviderevaleantin
792 1871 885 1938 Sion.
1179 1867 1984 1946 quamtadmedboereseererectcmpclutoteto,
2076 1939 2077 1946 ἵ

367 1971 497 2047 Repete
512 1973 796 2047 machometem
809 1971 945 2040 messe,
958 1967 997 2029 et
1010 1966 1127 2028 mittat
1180 1967 1214 2028 et
1234 1969 1306 2028 eris
1320 1968 1419 2039 qimai
1433 1965 1563 2038 metes,
1579 1979 1641 2027 ecc
1653 1966 1754 2038 eccam
1778 1967 1837 2026 etr
1857 1967 1986 2036 obiur-

326 2071 507 2142 epcceetos
521 2071 558 2129 te
578 2064 982 2146 ineammseamtltatth.
997 2062 1125 2142 ιιι,38).
1179 2077 1278 2140 perer,
1292 2065 1373 2138 qaia
1398 2066 1521 2125 mnae
1538 2075 1755 2137 receperetis
1779 2061 1831 2125 est
1844 2059 1986 2140 (li'aech.
2076 2057 2077 2076 ¹

327 2165 489 2226 Dominus
514 2165 632 2226 messis
660 2165 798 2240 rogatus
819 2161 999 2239 aliquando
1027 2159 1128 2224 mittit
1181 2176 1231 2232 ιιι,
1256 2159 1321 2239 26).
1347 2163 1395 2222 Ac
1421 2161 1450 2222 si
1475 2161 1591 2238 aperte
1614 2159 1736 2222 dieat:
1765 2159 1894 2222 idcirco
1922 2158 1985 2222 tibi

249 2291 254 2314 ι
328 2262 500 2338 operarios
512 2262 547 2322 in
562 2259 803 2333 misericordia,
819 2259 999 2337 aliquando
1012 2260 1049 2320 in
1062 2259 1124 2319 ira.
1181 2257 1429 2336 praedicationis
1456 2273 1565 2319 sermo
1583 2255 1723 2329 tollitur,
1740 2256 1917 2335 quiedam
1932 2273 1986 2319 me

327 2357 517 2436 Aliquando
545 2359 692 2436 operarii
719 2357 835 2420 volunt
852 2357 986 2434 operari
1007 2356 1041 2420 et
1061 2371 1127 2417 non
1181 2356 1217 2417 iu
1245 2355 1316 2418 suis
1344 2355 1473 2419 actibus
1502 2354 1595 2433 plebs
1624 2357 1909 2432 exasperatum
1934 2355 1988 2417 est

329 2457 575 2534 permittuntur.
598 2455 785 2532 Aliquando
800 2456 917 2517 nolunt
939 2453 1076 2532 operari
1096 2454 1129 2514 et
1180 2453 1282 2530 digna
1298 2453 1353 2515 cui
1364 2453 1553 2516 exhortatio
1568 2453 1720 2516 veritatis
1733 2453 1801 2517 dat.
1818 2455 1869 2516 lix
1883 2455 1985 2531 cujus
2076 2465 2077 2494 ι

327 2556 504 2630 eogrmtur.
520 2553 681 2614 Dominus
707 2552 826 2614 messis
840 2552 942 2614 mittit
956 2551 1129 2629 operarios
1181 2567 1261 2628 ergo
1272 2551 1365 2624 vitia,
1374 2550 1621 2628 praedicationis
1630 2565 1740 2614 sermo
1749 2550 1982 2623 subtrahatur,

323 2651 363 2714 in
382 2650 623 2723 misericordia,
640 2649 772 2728 quando
786 2649 844 2712 dat
861 2649 1011 2727 pastores
1024 2647 1128 2710 bonos
1182 2665 1248 2711 non
1276 2647 1376 2712 facile
1405 2648 1626 2726 cognoscitur.
1654 2648 1749 2712 Unde
1773 2648 1981 2725 Gregoriusa

329 2749 386 2827 qui
400 2749 539 2828 pascant
552 2733 720 2826 populum,
742 2747 886 2811 scientia
909 2747 941 2809 et
963 2746 1126 2808 doctrina.
1180 2763 1200 2807 e
1223 2745 1342 2810 sunau
1359 2746 1552 2824 occultoque
1569 2745 1738 2824 judicioa
1762 2747 1985 2824 quorumdam

329 2847 490 2908 Dominus
518 2845 619 2908 mittit
646 2846 817 2922 operarios
845 2845 882 2906 in
907 2844 971 2917 ira,
996 2844 1150 2922 quando¹
1181 2844 1318 2906 auribus
1331 2843 1652 2921 pradicatiosaneta
1667 2843 1885 2916 subtrahitur,
1905 2845 1985 2922 quia

332 2943 391 3005 dat
400 2945 549 3021 pastores
565 2943 682 3006 malos.
697 2943 791 3006 Unde
811 2943 894 3005 dicit
905 2957 965 3019 per
980 2945 1101 3003 meam
1117 2963 1126 3001 ε
1149 2939 1150 2948 ’
1181 2942 1340 3005 suscitari
1354 2941 1568 3020 pergratiam
1580 2957 1647 3006 non
1660 2942 1873 3007 mereatur.»
1896 2945 1987 3020 Ope-
2076 2943 2077 2962 ,

334 3046 429 3104 Dabo
441 3043 501 3103 tibi
514 3055 632 3117 recem
645 3043 682 3103 te
694 3043 912 3116 [teoraciae
931 3037 1031 3119 (Osee
1052 3055 1126 3111 1111,
1182 3039 1265 3104 rarii
1278 3040 1389 3104 autem
1412 3039 1529 3103 volunt
1551 3039 1695 3117 operari,
1712 3041 1745 3103 et
1757 3055 1825 3102 non
1841 3041 1983 3116 permit-
2076 3065 2077 3136 3

329 3136 397 3216 11).
415 3139 454 3200 nt
464 3137 526 3201 Job
540 3159 549 3198 z
563 3140 790 3213 caerepnare
803 3139 888 3212 facit
912 3137 1129 3211 nepocsano
1183 3137 1308 3210 tuntur,
1321 3138 1399 3216 quia
1414 3137 1544 3214 praelati
1554 3137 1588 3200 et
1599 3136 1788 3202 sacerdotes
1798 3137 1983 3215 aliquando
2076 3179 2077 3196 .

330 3237 478 3311 propter
506 3236 647 3310 peecata
668 3238 786 3310 pepecit
809 3232 898 3314 (Job.
924 3249 1042 3306 rxmu,
1058 3231 1127 3313 30).
1182 3235 1299 3297 volunt
1313 3234 1630 3312 predicar-eornm
1643 3233 1982 3312 permittunturjuste

329 3333 371 3395 Et
384 3331 584 3410 Gregorius:
601 3349 620 3393 c
636 3331 826 3394 secundum
841 3331 962 3393 merita
975 3330 1129 3393 subdito-
1182 3331 1242 3393 Dei
1253 3331 1392 3410 judicio.
1408 3333 1479 3396 Hoc
1494 3333 1605 3396 autem
1626 3332 1702 3396 ideo
1718 3333 1825 3410 potest
1839 3332 1982 3410 dispen-

328 3445 404 3493 rum
431 3430 621 3508 praelaturae
643 3429 839 3491 tribuuntur
865 3429 1066 3506 regentium,
1092 3429 1130 3490 ut
1182 3429 1251 3492 sari
1266 3446 1286 3492 a
1301 3432 1381 3504 Deo,
1397 3445 1440 3492 ne
1455 3429 1597 3508 populus
1610 3430 1751 3492 audiens
1765 3430 1982 3509 predicatio-
2076 3479 2077 3498 ,

331 3543 420 3606 saepe
434 3528 490 3606 qui
504 3527 661 3591 ridentur
675 3526 765 3599 honi,
785 3541 863 3588 mox
875 3527 1012 3604 accepto
1031 3527 1127 3603 regi·
1183 3543 1260 3590 nem
1270 3527 1378 3592 etnon
1392 3527 1531 3600 taciens,
1545 3527 1682 3605 gravius
1689 3527 1870 3606 judicetur.
1888 3529 1984 3592 Unde

328 3626 421 3688 mine
457 3625 690 3702 permittantur
724 3624 910 3688 deteriores
945 3623 1067 3686 fleri.»
1093 3624 1127 3686 Si
1182 3625 1980 3704 legimuscoapostolbmactihusspoetolorum,
2076 3645 2077 3648 ¹

332 3722 514 3784 secundum
547 3722 666 3784 merita
700 3722 814 3787 nostra
849 3723 1002 3799 pastores
1022 3721 1129 3786 malos
1183 3724 1269 3802 quod
1283 3725 1496 3788 tentaserunt
1514 3724 1565 3786 ire
1584 3724 1775 3802 Bythiniam
1794 3724 1835 3788 ad
1850 3725 1980 3802 praedi-
2076 3731 2077 3788 l

332 3818 526 3895 accipimus,
551 3818 588 3878 iu
613 3817 748 3878 illorum
773 3819 905 3880 achone
942 3819 1130 3896 colligimus
1183 3823 1336 3895 candum,
1353 3820 1464 3886 einen
1477 3822 1629 3899 permisit
1644 3838 1707 3885 ‚eos
1729 3821 1866 3899 spiritus
1887 3825 1981 3886 Jesu.
2076 3809 2077 3892 ζ

333 3915 419 3993 qnod
432 3929 480 3976 ex
502 3915 616 3975 nostra
631 3929 772 3990 pensare
791 3913 1004 3976 debebamm
1029 3916 1131 3979 Vide-
1184 3920 1344 3984 Similiter
1365 3919 1460 3982 multi
1485 3921 1604 3984 volunt
1625 3919 1724 3983 hodie
1747 3919 1932 3997 praedicare
1952 3921 1984 3982 et
2076 3901 2077 3912 ¹

332 4012 413 4074 licet
426 4032 434 4072 r
448 4011 483 4072 Si
497 4011 648 4088 pastores
662 4009 790 4072 tacitmt
801 4011 889 4072 mala
904 4025 1018 4088 opera,
1031 4013 1130 4076 etnos
1183 4033 1250 4080 non
1262 4017 1499 4094 permittuntur
1510 4017 1563 4082 vel
1578 4019 1714 4095 propter
1723 4033 1820 4080 suam
1830 4031 1980 4096 occupa·
2076 4013 2077 4098 l

333 4109 516 4188 accipimus
528 4110 680 4186 pastores
696 4107 803 4172 malos
816 4108 996 4171 secuudum
1011 4111 1130 4173 merita
1183 4115 1319 4188 tionem,
1334 4115 1388 4178 rel
1399 4114 1654 4192 propterpopuli
1667 4115 1877 4192 pravitatem.
1886 4118 1979 4193 Ope-

331 4209 460 4278 nostra,
474 4207 600 4269 certum
620 4205 784 4284 estquod
810 4221 872 4268 nos
886 4205 1027 4269 iacimus
1042 4208 1129 4270 mala
1182 4212 1266 4274 rarii
1291 4212 1401 4276 autem
1427 4212 1625 4291 quandoque
1649 4213 1769 4276 nolunt
1785 4213 1920 4290 operari
1949 4213 1982 4274 et
2076 4205 2077 4268 l

333 4321 446 4384 opera,
461 4305 498 4368 ut
508 4319 572 4368 nos
591 4304 672 4366 mali
685 4305 792 4367 malos
801 4305 953 4383 pastores
976 4306 1129 4385 accipis·
1183 4311 1358 4386 coguntur,
1388 4310 1467 4390 quia
1495 4311 1630 4388 quidam
1650 4310 1730 4372 boni
1752 4309 1822 4372 viri
1846 4309 1980 4386 lugiunt
2076 4299 2077 4368 ζ

331 4419 417 4466 mus.
1183 4407 1343 4472 honorem
1372 4407 1594 4486 prelationis
1619 4409 1653 4470 et
1676 4409 1789 4470 tamen
1813 4411 1979 4485 eoguntur
2076 4403 2077 4406 ’

373 4503 477 4564 Oros
496 4499 627 4576 prelati
647 4499 683 4562 et
707 4499 915 4564 sacerdotest
932 4501 1129 4566 circumcisa
1182 4505 1362 4582 presidere
1389 4505 1639 4583 dispensatione
1669 4505 1846 4568 creatoris.
1882 4505 1978 4568 Unde
2076 4523 2077 4532 ¹

333 4595 430 4658 debet
456 4610 531 4659 esse
557 4596 627 4658 vita
654 4599 776 4660 restra·
802 4598 877 4663 Non
901 4597 991 4662 enim
1007 4595 1130 4664 aedos
1183 4604 1315 4681 Moyses
1343 4601 1452 4666 nolint
1474 4617 1548 4666 esse
1568 4603 1737 4680 praelatus,
1758 4603 1874 4666 dicens
1889 4625 1898 4664 ε
1916 4605 1979 4666 Ob-

334 4691 428 4754 vobis
442 4691 511 4753 rita
532 4691 567 4752 in
587 4692 690 4764 terra,
717 4691 857 4764 seilicet,
883 4694 920 4756 nt
942 4710 1017 4759 cum
1033 4695 1129 4758 honis
1182 4715 1290 4775 secan,
1311 4702 1468 4772 Domine,
1493 4701 1593 4764 mitte
1621 4716 1723 4776 qaam
1746 4703 1921 4763 memoras
1945 4715 1982 4764 es

333 4789 467 4854 faciatis
478 4787 764 4866 aliquandomale,
774 4789 831 4854 sed
839 4791 1127 4872 nequeoelypoca
1184 4796 1301 4878 (Exod.
1317 4815 1362 4873 ιι.
1377 4796 1442 4880 13).
1468 4797 1531 4862 Sed
1546 4799 1657 4862 mmen
1672 4799 1808 4862 coaetus
1823 4797 1979 4862 obedivit
2076 4823 2077 4832 ι

334 4888 372 4950 ut
384 4885 580 4965 quandoque
603 4886 778 4954 declinetis
801 4903 822 4950 a
845 4887 931 4954 bono
949 4891 985 4954 et
998 4889 1129 4956 faciatis

332 4983 949 5054 maliancireumcisueestsbraham
963 4991 1129 5062 senensi
1514 4977 1651 5065 XXIII

332 5085 653 5258 {³335}ssssssss
665 5083 1129 5250 {ffiw‘ssffiffffissfflsi
1287 5137 1333 5199 m
1354 5137 1632 5204 onorcarronn
1653 5135 1879 5200 accessa.

332 5281 443 5343 tamar
457 5278 653 5344 efficiamini
669 5280 758 5344 sieut
777 5281 913 5358 paruuli
936 5296 1003 5346 non
1018 5281 1128 5346 intra-
1227 5286 1315 5350 Vidit
1332 5289 1436 5352 Jacob
1458 5291 1497 5351 te
1516 5289 1664 5350 somariis
1686 5291 1817 5350 scemm
1829 5285 1981 5349 stantem
2076 5253 2077 5266 ἵ

330 5375 409 5440 bitis
422 5376 457 5438 in
471 5393 611 5453 regnum
624 5377 794 5440 coelorum.
813 5380 871 5440 Vae
888 5379 1051 5456 operariis
1063 5379 1127 5442 do·
1180 5385 1458 5458 superterram,
1485 5387 1520 5448 et
1540 5399 1706 5448 cacumen
1731 5387 1807 5458 aas
1835 5384 1980 5459 tanceas

330 5473 462 5536 minieae
475 5476 603 5550 messis,
618 5477 648 5538 si
673 5491 748 5540 cum
770 5474 876 5554 paleis
888 5477 967 5539 sunt
992 5475 1129 5542 combu-
1179 5486 1313 5556 coctam
1329 5490 1468 5561 ampelos
1477 5497 1608 5559 qaoque
1623 5485 1689 5546 Det
1707 5481 1933 5546 ascendentes
1946 5482 1980 5544 ct

331 5570 449 5634 rendit
1180 5581 1422 5644 descendentes
1431 5595 1499 5656 per
1515 5596 1595 5644 eam
1616 5577 1712 5658 (Gen.
1728 5593 1847 5654 xxuu,
1865 5576 1932 5658 12).
