4200 6404
159 193 219 253 197
427 173 530 255 livii.
544 221 585 240 -
598 192 642 254 IN
664 190 917 256 Nativrraun
938 191 1088 254 SANCTI
1107 191 1286 256 JOANNIS
1307 193 1536 257 BAPTISTAE.
1747 197 1809 258 les,
1833 221 1836 229 ¹

152 351 207 416 est
238 349 274 411 in
300 349 473 427 allegoria.
499 349 651 414 Continet
677 349 766 414 cuim
794 348 951 413 Ecclesiae
1006 350 1123 428 ipsius,
1140 353 1173 413 et
1187 349 1314 414 deuotis
1336 352 1542 416 orationibus
1566 355 1599 418 et
1615 356 1724 419 manat
1746 356 1811 420 ille·

153 450 412 516 sacramentum,
428 449 525 510 tidem
541 448 574 510 et
590 449 730 525 gratiam
743 449 949 526 populorum.
1006 453 1169 521 cumbae,
1179 449 1804 530 quiadelectaturspiritualidulcedine

152 545 327 608 Elisabeth
340 545 506 622 significat
520 547 669 608 sanctam
686 546 865 608 Ecclesiam
874 560 953 622 qua·
1007 545 1121 623 ipsius,
1146 547 1232 624 quod
1254 547 1397 610 faciebat
1419 550 1534 622 David,
1562 567 1636 612 cum
1652 552 1801 614 diceret:

151 645 231 706 tuor
252 643 292 704 de
320 643 448 718 cansis3
477 643 584 720 prima
606 659 625 704 a
645 643 790 715 nomine,
806 642 951 704 secunda
1006 647 1115 710 Quam
1124 646 1807 722 mopimnuutttudodotcedtnistuae,Do·

150 759 174 803 a
194 739 457 812 conversatione,
473 741 600 803 tertias
611 742 790 813 senectute,
803 741 951 819 quarm
1005 745 1098 804 minc
1113 740 1184 821 (Pe.
1199 743 1249 816 30,
1266 740 1331 821 20).
1352 744 1446 806 Unde
1472 746 1577 808 Isaias
1594 763 1601 808 :
1618 751 1744 825 Regem
1767 752 1805 810 iu

151 839 311 902 diuturna
326 837 515 902 sterilitate.
1005 842 1126 902 decoro
1140 855 1203 902 suo
1214 842 1386 915 videbunt,
1396 844 1431 904 ct
1445 844 1581 906 terram
1594 850 1724 922 atoupc
1733 861 1806 908 cer·

191 941 221 998 A
245 935 390 1008 nomine,
415 937 494 1014 quia
515 935 684 998 Elisabeth
712 935 952 1014 interpretatur
1005 938 1088 999 nant
1110 942 1198 1000 ocull
1212 942 1287 1012 ojus
1310 937 1367 1018 (is.
1386 940 1803 1022 xxxv111,17).QuiUeum

149 1035 213 1097 Dei
230 1033 294 1096 mei
318 1033 488 1096 saturitas.
507 1036 623 1112 inquo
642 1034 850 1110 significatur
864 1033 950 1113 quod
1006 1035 1094 1098 recte
1108 1035 1232 1108 vident,
1246 1035 1370 1098 terram
1384 1053 1403 1099 a
1417 1038 1516 1117 longe
1532 1042 1684 1114 cernunt,
1705 1042 1800 1115 idest,

149 1133 301 1195 Ecclesia
323 1131 424 1194 satiat
444 1131 611 1196 Christum
631 1131 728 1193 bonis
741 1131 906 1210 operibns,
919 1132 951 1195 et
1005 1134 1115 1196 omnia
1130 1136 1265 1196 terrena
1277 1135 1473 1214 despiciunt.
1489 1142 1569 1212 Quae
1585 1141 1673 1202 euim
1686 1140 1803 1218 despi-

149 1230 280 1293 devotis
296 1229 513 1300 orationibus,
535 1231 569 1292 at
582 1229 723 1292 satiatur
737 1247 757 1292 a
772 1230 902 1292 Christo
914 1230 950 1292 in
1005 1232 1148 1304 ciuntur,
1165 1232 1299 1309 alonge
1315 1234 1423 1295 videri
1437 1235 1554 1300 solent.
1572 1237 1677 1299 isaias
1688 1237 1802 1300 nomi-

148 1328 309 1406 praesenti
330 1329 478 1404 tempore
497 1327 593 1390 donis
613 1327 856 1405 spiritualibus,
872 1327 969 1389 etin·
1006 1329 1098 1392 navit
1120 1345 1234 1407 rogem
1262 1330 1429 1394 Christum
1448 1349 1547 1412 quem
1565 1334 1751 1398 videbimus
1766 1335 1802 1398 in

149 1426 265 1487 futuro
288 1425 419 1502 gaudiis
440 1423 641 1487 coelestibus.
665 1425 814 1487 Ecclesia
829 1424 951 1488 dicitur
1005 1426 1124 1490 decore
1155 1443 1226 1500 sno,
1257 1429 1353 1501 idest,
1379 1431 1415 1491 in
1440 1431 1592 1494 claritate
1618 1433 1803 1500 divinitatis

147 1523 302 1600 pluribus
317 1522 433 1595 modis,
449 1523 506 1584 sed
522 1522 787 1600 perbreuitatem
802 1523 843 1584 ad
858 1538 949 1601 prae-
1006 1541 1086 1598 suae,
1111 1527 1198 1588 sicut
1220 1526 1342 1603 legitur
1359 1527 1395 1588 in
1415 1531 1595 1605 Evangelio
1612 1553 1620 1590 ε
1637 1533 1721 1593 Cium
1738 1547 1802 1594 oc-

150 1637 232 1684 sens
256 1621 449 1684 omittimus.
473 1621 621 1682 Ecclesia
639 1621 703 1682 ista
725 1621 847 1683 dicitur
864 1636 950 1683 con·
1005 1625 1098 1685 uerti
1134 1627 1227 1696 fitius
1266 1629 1415 1688 leontinis
1453 1629 1492 1688 tu
1523 1630 1707 1702 majestate
1737 1645 1802 1692 sua

152 1719 307 1796 gregatio
335 1717 493 1780 fidelium.
529 1721 621 1780 Tunc
652 1715 775 1780 dicitur
802 1718 950 1781 Ecclesia
1006 1719 1136 1799 (Mattb.
1149 1737 1227 1794 xxv,
1239 1720 1305 1802 31),
1321 1723 1419 1796 idest,
1432 1725 1468 1785 in
1483 1725 1591 1802 gloria
1606 1743 1675 1788 suae
1685 1726 1804 1789 divini·

148 1815 365 1894 congregatio
382 1815 539 1889 bdelium,
557 1815 688 1894 quando
706 1817 784 1878 boni
799 1816 951 1878 homines
1005 1819 1093 1880 tatis.
1115 1821 1155 1882 Et
1174 1819 1236 1882 Jcb
1253 1837 1261 1880 :
1278 1823 1321 1882 In
1338 1836 1446 1884 corne
1465 1826 1672 1886 menoidebo
1691 1829 1804 1888 Deum

149 1906 398 1992 congregantur
412 1913 454 1975 ad
468 1914 675 1977 bonorumet
689 1914 821 1976 landem
839 1915 872 1976 et
884 1914 952 1991 glo·
1005 1917 1221 1980 saluatorem
1231 1933 1348 1980 mcum
1359 1917 1444 1998 (iob.
1459 1935 1530 1994 xrx,
1547 1920 1612 2000 26).

148 2015 236 2075 siam
260 2016 341 2078 Jesu
361 2011 496 2087 Christi,
519 2013 561 2075 ad
585 2012 795 2075 tractandum
818 2011 950 2075 vella-
1045 2016 1807 2096 Aconuersation03Elisabetbdesignatiiccle·

149 2111 305 2174 ciendum
345 2111 467 2174 bonum
506 2127 600 2188 opus.
635 2111 729 2174 Unde
763 2111 799 2172 in
837 2113 951 2173 Euan-
1006 2111 1102 2181 siam,
1115 2113 1194 2190 quia
1209 2114 1295 2176 sicut
1308 2114 1389 2176 dicit
1404 2117 1511 2178 Lucas
1530 2117 1738 2194 euangelista
1764 2118 1806 2182 do

77 2271 80 2276 .
149 2209 259 2286 gello:
276 2211 336 2272 Ubi
355 2211 422 2271 duo
445 2210 584 2271 veltres
602 2209 802 2286 conprcgott
819 2209 951 2283 nortui
1006 2210 1202 2288 ipsoetviro
1214 2214 1286 2288 ejus
1299 2213 1460 2274 Zacharia
1473 2217 1806 2288 :srantjusuamuo

150 2311 189 2369 in
221 2309 362 2368 nornine
387 2319 481 2375 mco,
513 2309 551 2367 tn
576 2309 690 2368 medio
719 2321 842 2370 corum
872 2322 951 2368 sum
1005 2309 1204 2370 autolicum
1216 2312 1411 2372 incedentes
1420 2313 1457 2372 tu
1466 2315 1623 2375 omnibus
1632 2314 1807 2376 muricatis

150 2402 563 2483 (Mattb.1u111,20).Ubi
583 2405 660 2466 sunt
676 2403 752 2476 duo,
770 2419 864 2465 amor
878 2403 948 2476 liei,
1005 2405 1039 2466 ct
1059 2407 1370 2479 justscmtonuus
1397 2412 1537 2472 Domini
1561 2414 1638 2472 sinc
1667 2417 1808 2486 querela

149 2502 318 2575 videlicet,
330 2504 365 2564 ct
376 2517 471 2564 amor
483 2503 628 2581 proximi
642 2502 689 2564 ibi
704 2519 778 2562 sum
791 2503 827 2563 in
843 2501 950 2564 medio
1007 2499 1100 2580 (Luc.
1118 2519 1140 2575 1,
1163 2502 1208 2581 6).
1223 2504 1315 2576 Quod
1329 2504 1456 2566 duobus
1466 2507 1572 2568 modis
1587 2508 1695 2584 potest
1706 2507 1807 2570 intel-

148 2617 278 2663 eorum.
302 2601 363 2662 Vel
375 2599 432 2661 ubi
447 2601 524 2662 sunt
536 2602 604 2662 tres
615 2601 767 2673 virtutes,
782 2599 948 2672 videlicet,
1006 2599 1077 2676 ligi,
1102 2601 1180 2678 quia
1193 2601 1242 2662 ita
1257 2602 1340 2678 justi
1355 2603 1451 2664 eraut
1464 2603 1499 2664 in
1514 2605 1759 2682 conspectuDei
1773 2606 1807 2668 et

149 2699 245 2772 tides,
269 2713 345 2776 spes
369 2700 402 2760 et
426 2697 586 2770 charitas,
612 2698 658 2759 ibi
681 2713 733 2759 me
762 2697 949 2760 manifesto.
1006 2697 1803 2780 bominum,quodnemoconquerebaturdeipsis.

149 2796 301 2859 Ecclesia
313 2795 626 2858 satiaturaCbristo
642 2796 677 2857 in
690 2795 847 2872 praeseuti
861 2797 950 2857 tem-
1006 2795 1100 2857 Unde
1128 2795 1210 2858 dicit
1238 2796 1416 2873 Apostolus
1440 2801 1695 2862 :Providentes
1717 2805 1805 2862 bono

149 2910 232 2974 pore
252 2893 347 2955 donis
368 2893 607 2971 spiritualibus.
634 2894 727 2956 Unde
753 2892 949 2970 Apostolus:
1005 2895 1224 2956 pontonium
1241 2909 1360 2956 coram
1374 2898 1456 2968 Deo,
1478 2899 1537 2958 scd
1556 2898 1663 2959 ettam
1685 2913 1807 2960 corum

153 2995 339 3067 Unicuique
353 2993 513 3054 nostrum
527 2993 609 3054 doto
630 2993 682 3054 est
694 2992 815 3068 pratia
827 3005 953 3054 secun-
1006 2994 1162 3052 mnitibus
1189 2995 1381 3055 bominibus
1398 2992 1444 3072 (11
1465 2995 1538 3055 Cor.
1555 3009 1628 3068 v111,
1644 2995 1710 3075 21).
1730 2998 1808 3058 Nou

148 3093 235 3152 darm
262 3105 465 3153 mensuram
491 3091 688 3151 donationis
713 3091 851 3152 curasti.
883 3093 952 3151 Alit
1006 3088 1127 3151 suiiicit
1147 3089 1242 3151 bonis
1262 3091 1295 3152 et
1310 3091 1411 3167 justis
1431 3090 1556 3154 babere
1578 3093 1805 3155 testimonium

148 3188 256 3251 datur
268 3203 385 3250 cernuo
401 3189 591 3262 sapienties,
617 3191 677 3249 aiii
699 3201 816 3250 sermo
838 3191 952 3249 scicn-
1006 3185 1047 3246 ab
1062 3186 1105 3247 iis
1119 3186 1175 3263 qui
1188 3187 1266 3250 sunt
1277 3186 1377 3260 intus,
1392 3187 1507 3250 idesta
1518 3191 1734 3263 conscientia,
1747 3191 1804 3252 sed

149 3287 220 3358 tioe,
257 3287 318 3348 atii
350 3287 456 3358 tides,
489 3289 550 3347 citt
576 3285 695 3362 prat-ta
721 3285 948 3347 sonitatum...
1006 3282 1047 3345 ab
1056 3282 1164 3362 iisqui
1175 3286 1254 3346 sunt
1263 3283 1498 3358 ioris‚idestab
1510 3285 1805 3350 bominibus.Nam

149 3383 248 3464 (iipb.
272 3398 316 3455 iv,
333 3385 377 3458 7),
402 3383 436 3445 et
456 3383 491 3444 in
512 3381 623 3444 futuro
645 3381 775 3458 gaudiis
801 3381 950 3444 coelesti·
1007 3380 1144 3458 quilibet
1167 3380 1273 3442 bonus
1300 3382 1397 3444 debet
1422 3382 1546 3445 babere
1566 3386 1806 3447 conscientiam

149 3480 225 3553 bus,
242 3481 320 3558 quia
332 3481 368 3542 in
382 3479 494 3542 futura
509 3480 577 3542 uita
596 3479 792 3541 satiabimur
806 3480 846 3542 dc
870 3483 948 3553 Deo,
1005 3477 1124 3540 bonam
1141 3478 1227 3556 apud
1238 3481 1342 3540 Deum
1352 3481 1385 3541 et
1399 3477 1521 3542 lamam
1537 3481 1623 3558 apud
1638 3481 1803 3543 homines.

150 3579 232 3657 quia
245 3578 432 3640 videbimus
446 3594 521 3640 eum
539 3577 624 3640 iacie
640 3577 681 3639 ad
702 3577 834 3651 faciem,
851 3579 950 3640 sicuti
1006 3575 1099 3638 Unde
1120 3575 1155 3636 in
1177 3575 1356 3652 Evangelio
1379 3593 1386 3636 :
1409 3580 1466 3638 Sic
1487 3579 1671 3640 lucentium
1685 3580 1805 3642 oestro

150 3678 213 3749 ost,
229 3677 314 3740 sicut
333 3676 457 3738 dicitur
470 3676 505 3737 in
528 3676 655 3753 psalmo
672 3697 680 3736 :
695 3675 856 3738 Satiatur
869 3679 951 3736 dum
1005 3687 1124 3735 corum
1137 3675 1366 3735 horninibus...
1383 3671 1515 3753 (Mattb.
1529 3689 1562 3748 v,
1576 3675 1640 3755 16).
1654 3676 1715 3738 Vel
1731 3675 1804 3738 sine

150 3774 432 3849 nwntsestubitur
444 3775 555 3850 atomo
567 3774 637 3835 tuo.
657 3771 751 3835 Unde
767 3773 802 3834 in
816 3775 950 3850 Apoca-
1006 3769 1152 3847 querela,
1183 3769 1261 3847 qnia
1287 3770 1333 3832 ita
1355 3771 1439 3851 justi
1458 3773 1491 3834 et
1514 3773 1677 3850 patientes
1696 3777 1802 3849 erant,

151 3873 240 3950 lypsi
255 3893 261 3930 :
278 3872 417 3949 aposto
436 3873 480 3933 oct
501 3870 629 3933 ostium
642 3871 786 3945 arpano
811 3886 822 3930 .·
836 3874 952 3945 siquis
1006 3867 1092 3945 quod
1116 3867 1181 3944 ipsi
1206 3883 1273 3929 non
1295 3869 1583 3947 conquerebantur
1610 3871 1651 3934 de
1679 3873 1802 3952 aliquo,

148 3971 301 4032 audierit
326 3977 444 4031 cocmn
474 3983 591 4030 meam
618 3969 653 4030 et
680 3969 863 4043 aperuerit
884 3973 949 4042 ja·
1005 3963 1092 4040 quod
1107 3963 1172 4041 ipsi
1192 3979 1252 4041 pro
1267 3979 1380 4026 amoro
1402 3965 1461 4027 Dei
1482 3968 1806 4044 patientersustine-

147 4083 258 4128 uiuam
271 4067 566 4129 intraboadtltum
579 4067 613 4128 et
633 4069 772 4130 coenobo
785 4081 865 4128 cum
881 4069 947 4140 tao,
1004 4059 1084 4122 bant
1105 4061 1227 4123 omnia.
1242 4062 1371 4124 ntideo
1393 4065 1489 4126 orant
1496 4065 1580 4142 justi
1596 4066 1802 4129 autolicum.

148 4165 183 4228 ct
203 4167 259 4227 itio
272 4179 408 4226 mecum
423 4153 538 4244 (Apoc.
553 4179 602 4238 ur,
616 4163 680 4244 10).
1045 4158 1184 4233 Quidam
1206 4161 1284 4222 sunt
1300 4160 1378 4222 ante
1393 4163 1496 4223 Deum
1509 4163 1542 4223 et
1565 4179 1632 4224 non
1647 4164 1724 4225 ante
1738 4164 1803 4225 bo-

190 4261 351 4324 Dominus
373 4261 438 4324 stat
456 4261 498 4323 ad
527 4262 658 4334 ostium,
681 4261 760 4339 quia
784 4260 950 4323 illuminat
1005 4259 1127 4334 mines3
1140 4258 1477 4336 quidamanteiieum
1491 4260 1524 4320 et
1537 4261 1614 4321 ante
1630 4260 1800 4336 homines3

149 4359 355 4422 intellectum
382 4359 542 4422 nostrum.
569 4362 634 4422 Per
657 4359 779 4420 ostium
807 4374 949 4438 namque
1005 4355 1139 4433 quidam
1160 4371 1222 4417 nco
1242 4355 1442 4416 autolicum
1461 4370 1524 4418 noc
1543 4357 1620 4419 ante
1637 4357 1800 4422 homines.

147 4457 338 4520 intellectus
350 4457 553 4533 designatur.
566 4457 650 4530 Quia
660 4457 747 4518 sicut
756 4469 816 4533 par
828 4458 949 4519 ostium
1003 4453 1090 4516 iusti
1112 4453 1189 4514 sunt
1207 4451 1285 4513 ante
1298 4451 1451 4514 homines
1468 4454 1501 4517 et
1521 4469 1589 4516 non
1606 4457 1683 4518 autc
1697 4457 1801 4518 Deum

148 4555 250 4617 bomo
270 4554 468 4632 ingreditur,
489 4555 536 4616 ita
554 4555 588 4616 et
601 4571 661 4632 per
672 4555 875 4618 intellectum
890 4556 949 4616 lux
1004 4551 1196 4630 hypocritae,
1213 4551 1270 4629 qui
1285 4550 1400 4613 dicunt
1419 4553 1452 4614 et
1472 4567 1539 4614 non
1554 4553 1692 4628 iaciunt,
1715 4555 1802 4618 sicut

149 4652 265 4714 divina
276 4653 378 4714 menti
387 4651 584 4714 infunditur.
596 4654 683 4716 Deus
698 4653 877 4715 autcmlux
886 4653 947 4724 est,
1003 4650 1125 4712 dicitur
1138 4649 1174 4711 in
1189 4650 1369 4726 Evangelio
1387 4639 1633 4727 :Quocumque
1644 4655 1804 4716 dicerint

149 4767 223 4828 quea
238 4750 407 4827 intratper
419 4751 550 4822 ostium,
562 4750 658 4824 idest,
673 4766 734 4827 per
745 4749 948 4812 intellectum
1004 4752 1097 4810 uobis
1123 4749 1262 4811 servate
1290 4748 1325 4810 ct
1351 4750 1481 4824 socttc,·
1504 4755 1693 4813 secundom
1716 4767 1802 4815 vero

149 4850 313 4910 nostrum.
324 4849 482 4910 Dominus
494 4848 603 4926 pulsat
617 4847 658 4909 ad
669 4848 801 4921 ostium,
816 4849 948 4926 quando
1003 4861 1109 4921 opero
1123 4861 1245 4908 eorum
1253 4847 1357 4910 nolite
1370 4850 1487 4922 socero
1502 4845 1738 4926 (Matinum,
1754 4851 1799 4929 2).

148 4946 276 5010 crebris
290 4945 537 5010 visitationibus
550 4946 742 5025 compungit
757 4963 815 5008 cor
826 4945 948 5009 burna-
1003 4944 1192 5022 Hypocritae
1203 4943 1362 5005 simulant
1376 4961 1412 5006 se
1426 4944 1553 5006 habere
1562 4947 1760 5009 sanctitates
1771 4949 1803 5009 et

148 5053 240 5118 num,
254 5043 356 5117 audit,
374 5045 469 5118 idest,
486 5044 623 5106 exaudit
635 5059 751 5107 vocem
772 5045 875 5118 illius,
892 5047 948 5123 qui
1003 5042 1143 5105 virtutes
1158 5055 1240 5118 quas
1255 5056 1322 5103 non
1337 5039 1471 5114 babent,
1494 5043 1527 5105 et
1539 5043 1751 5108 dissimulant
1766 5058 1801 5106 se
1853 5113 1855 5122 ,

148 5141 280 5220 perlicit
286 5157 385 5220 opere
392 5142 480 5220 quod
490 5131 666 5205 uultileus.
675 5144 948 5221 Aperitjanuam,
1004 5157 1070 5204 non
1083 5137 1208 5201 babere
1222 5138 1304 5202 vitia
1319 5141 1352 5201 et
1363 5143 1498 5218 peccata
1519 5157 1592 5219 quae
1605 5140 1738 5204 babent.
1755 5145 1803 5205 De

148 5240 235 5303 idest
249 5240 485 5317 cogitationem
502 5255 577 5320 quae
596 5241 721 5318 cogitat
739 5257 779 5304 ca
798 5257 871 5320 qnae
889 5241 949 5303 Uei
1004 5239 1078 5302 istis
1091 5235 1341 5300 dicitUcminus
1356 5237 1391 5298 in
1406 5238 1612 5315 Evangelio-2
1638 5241 1694 5301 να.»
1707 5243 1802 5304 uobis

149 5339 238 5401 sunt.
255 5338 414 5401 Dominus
429 5338 532 5401 intrat
551 5338 593 5401 ad
612 5337 720 5412 illum,
737 5338 870 5418 quando
889 5355 948 5401 sua
1003 5337 1200 5413 hypocritis,
1212 5338 1270 5410 uui
1281 5337 1412 5398 stmtlm
1420 5338 1503 5399 estis
1512 5338 1701 5413 sepulchris
1714 5342 1803 5402 deol-

149 5426 259 5512 gratia
283 5436 390 5514 replet
413 5453 472 5500 cor
495 5437 678 5500 humanum
701 5437 734 5499 et
753 5437 863 5499 coenat
875 5453 949 5499 cum
1004 5436 1102 5508 baim,
1118 5450 1195 5510 quaa
1214 5436 1303 5508 forts
1318 5435 1491 5510 apparent
1511 5437 1704 5500 bominibus
1721 5453 1801 5514 spo·

151 5533 222 5606 illo,
239 5534 316 5612 quia
331 5535 514 5599 delectatur
524 5551 598 5599 cum
613 5535 673 5600 illo
687 5535 782 5599 bonis
795 5535 949 5612 operibus
1003 5538 1107 5608 cisso,
1121 5534 1217 5601 intus
1226 5533 1345 5596 autem
1358 5532 1440 5596 utut
1449 5535 1553 5610 meua
1562 5537 1695 5599 ossibus
1706 5551 1804 5599 mor-
