4214 6400
361 323 402 384 83
975 326 1151 389 HONORII
1173 325 1219 387 111
1240 323 1387 386 OPERA.
1964 333 1995 397 8t

404 479 474 544 Etsi
487 481 676 559 apostolica
692 483 793 544 Sedes
808 485 966 562 tanquam
983 487 1038 563 pia
1053 487 1159 548 mater

363 594 478 641 curam
497 581 590 655 gerat
605 580 638 642 et
657 576 915 643 sollicitudinem
937 583 1155 660 singulorum,

364 675 490 738 devotis
504 677 670 755 praecipue
682 694 721 740 ac
736 679 925 742 domesticis
940 681 1018 742 filiis
1033 683 1158 743 mater-

363 789 416 834 nae
431 774 563 850 pietatis
586 775 748 851 gremium
774 779 946 842 consuevit
965 795 1005 840 eo
1025 779 1157 840 facilius

364 872 506 947 aperire,
524 889 588 950 quo
607 889 664 934 eos
680 873 743 935 sibi
758 875 902 938 assiduae
920 877 1157 938 familiaritatis

364 967 482 1031 devota
509 971 644 1032 servitia
660 973 938 1036 recommendant.
955 977 1035 1034 Cum
1057 975 1158 1050 igitur

364 1065 503 1127 dilectus
517 1067 605 1128 lilius
615 1070 774 1146 magister
784 1072 867 1135 Otho
881 1073 1022 1150 scriptor
1032 1073 1154 1144 noster,

365 1165 545 1226 canonicus
560 1167 710 1228 ecclesiae
732 1171 851 1232 vestrae
872 1171 967 1245 grata
991 1169 1084 1231 vobis
1095 1171 1157 1247 ju-

364 1261 451 1336 giter
464 1262 634 1339 impendat
657 1264 826 1343 obsequia,
843 1267 876 1328 et
896 1283 962 1328 non
984 1267 1093 1328 minus
1109 1267 1157 1328 sic

364 1357 484 1420 absens
500 1377 597 1438 quam
614 1378 761 1438 praesens
780 1365 887 1426 eidem
902 1365 1051 1426 ecclesiae
1066 1364 1159 1425 utili-

363 1458 415 1518 ter
428 1455 600 1530 habeatur,
618 1461 869 1523 universitatem
884 1463 1027 1524 vestram
1042 1477 1159 1538 rogan·

364 1553 441 1614 dam
467 1554 623 1618 duximus
655 1559 688 1620 et
718 1560 930 1633 monendam,
961 1577 1021 1637 per
1047 1563 1157 1636 Apos-

363 1650 464 1713 tolica
475 1653 569 1713 vobis
583 1654 704 1732 scripta
713 1657 934 1735 praecipiendo
950 1658 1155 1732 mandantes,

352 1751 528 1825 ,quatenus
543 1751 650 1813 eidem
666 1753 702 1814 in
724 1757 836 1817 nostro
859 1756 995 1818 servitio
1012 1773 1159 1818 commo-

365 1848 453 1908 ranti
475 1848 516 1909 ob
540 1851 761 1913 reverentiam
783 1854 981 1930 apostolicae
1011 1855 1105 1916 Sedis
1127 1855 1159 1916 et

365 1945 525 2017 nostram,
542 1948 714 2010 annuatim
738 1948 865 2012 fructus
889 1951 1073 2028 praebendae
1089 1967 1158 2013 suae

365 2041 574 2118 integraliter
606 2046 794 2125 assignetis,
829 2049 1071 2111 satisfacientes
1095 2048 1158 2110 sibi

366 2153 512 2214 congrue
527 2140 567 2202 de
582 2141 768 2217 subtractis,
782 2145 1008 2209 nonobstante
1019 2163 1160 2208 cousue-

364 2235 480 2297 tudine
495 2254 593 2315 quam
609 2257 709 2317 super
723 2242 785 2304 hoc
801 2245 914 2306 contra
930 2243 1082 2306 absentes
1097 2261 1158 2306 ca-

365 2334 505 2396 nonicos
529 2335 697 2400 intervos
722 2339 844 2402 dicitur
867 2357 1058 2417 emanasse;
1085 2358 1159 2403 cum

367 2429 549 2493 familiares
561 2436 666 2496 nostri
681 2452 745 2514 quo
758 2437 847 2499 circa
860 2454 921 2499 nos
935 2455 974 2500 se
990 2439 1161 2516 obsequia·

365 2527 416 2590 les
431 2530 589 2592 exhibent
604 2533 780 2607 universis,
799 2535 921 2598 minori
937 2553 1004 2598 non
1019 2536 1161 2600 debeant

366 2629 587 2703 praerogativa
609 2631 753 2705 gaudere
779 2649 877 2710 quam
900 2633 1011 2695 vestra
1035 2634 1160 2710 singuli

283 2765 289 2775 .
366 2739 507 2800 quorum
518 2728 651 2803 negotia
662 2745 721 2805 per
732 2730 822 2806 ipsos
836 2732 957 2808 saepius
968 2747 1161 2809 promoven·

365 2821 431 2882 tur.
457 2824 662 2900 Praeceptum
682 2827 899 2903 apostolicum
919 2829 1031 2890 taliter
1042 2829 1161 2906 imple-

367 2917 446 2989 turi,
463 2920 692 2998 quodpropter
704 2923 767 2985 hoc
778 2923 872 2985 vobis
884 2925 999 2986 durius
1015 2925 1160 2988 scribere

367 3029 435 3074 uon
448 3031 615 3091 cogamur.
628 3019 746 3080 Datum
760 3022 927 3094 Laterani,
941 3023 1031 3084 XVII
1045 3023 1161 3084 kalen·

368 3109 427 3172 das
442 3111 638 3188 decembris,
656 3131 745 3178 anno
759 3118 875 3194 primo.

717 3357 805 3446 LXI

387 3570 439 3632 Aa
453 3571 672 3632 Deceleicum
680 3575 875 3648 episcopum
887 3574 1139 3637 Placentinum.

655 3683 770 3743 16101.
793 3685 870 3744 lilii.

471 3807 635 3868 [bairandei.
648 3807 761 3860 llistoria
775 3809 807 3859 ds
819 3809 956 3874 Plasencia,
967 3825 993 3876 p.
1003 3809 1059 3874 ih]

366 3948 509 4023 Episcopo
523 3951 688 4010 Placentino
706 3955 844 4012 ecclesias
857 3954 893 4012 de
908 3955 992 4030 Bejar
1015 3966 1044 4016 et
1058 3959 1093 4018 de
1104 3968 1160 4020 ter·

592 4041 679 4099 minis
696 4044 756 4100 suis
772 4044 930 4102 coufirmat.

406 4185 574 4246 Honorius
583 4187 767 4264 episcopus,
781 4205 896 4252 servus
906 4207 1077 4254 servorum
1090 4196 1160 4266 liei,

365 4282 551 4344 venerabili
570 4283 665 4347 fratri
685 4287 856 4349 Dominico
881 4290 1046 4368 episcopo,
1064 4295 1097 4355 et
1111 4293 1164 4354 di·

365 4376 460 4441 lectis
487 4381 565 4442 liliis
594 4383 731 4460 capituli
746 4386 943 4461 Placentini,
965 4387 1105 4452 salutem
1130 4391 1163 4454 et

366 4478 582 4553 apostolicam
596 4479 872 4545 benedictionem.

407 4575 445 4633 ln
475 4576 616 4651 regestis
644 4576 751 4639 felicis
786 4580 955 4643 memoriae
984 4582 1162 4647 Clementis

367 4686 461 4747 papae
483 4673 739 4749 praedecessoris
756 4677 863 4738 nostri
884 4677 1012 4741 litteras
1026 4679 1162 4744 inveni·

367 4785 442 4832 mus
456 4771 491 4832 in
507 4770 742 4834 hune'modum
759 4795 766 4833 ε

406 4870 599 4932 «Clemens
623 4870 809 4949 episcopus,
842 4889 958 4935 servus
990 4890 1163 4937 servorum

366 4985 386 5028 e
406 4969 477 5036 Dei,
490 4969 662 5030 carissimo
681 4969 716 5030 in
733 4970 863 5050 Christo
876 4971 945 5032 filio
955 4971 1078 5035 illustri
1091 4975 1162 5050 regi

357 5083 385 5128 .‹
407 5066 557 5128 castellae
583 5068 765 5144 Alphonso,
787 5070 981 5132 salutemet
1002 5072 1164 5149 apostoli-

366 5181 385 5224 «
407 5164 771 5228 cambenedictionem.

405 5266 537 5324 «Tunc
572 5264 631 5325 Dei
663 5263 907 5341 beneplacitum
940 5264 976 5325 in
1009 5265 1164 5326 humanis

365 5361 562 5438 «impletur
586 5361 725 5433 setthim,
750 5377 824 5423 oum
853 5361 954 5424 corda
976 5363 1164 5440 principum

366 5475 385 5518 ‹
407 5457 527 5520 adhoc
550 5459 773 5536 conspicimus
798 5459 924 5520 viribus
948 5459 1029 5522 totis
1051 5460 1165 5522 inten-

366 5554 496 5628 11011,
520 5557 556 5617 ut
571 5557 679 5618 cultus
701 5555 810 5617 divini
832 5557 979 5618 nominis
994 5555 1162 5633 dilatetur,

366 5651 591 5734 ‹etssinimiei
628 5655 704 5716 fldei
737 5654 909 5717 catholice
936 5655 1162 5718 conterantur.

1212 501 1231 544 a
1254 481 1347 546 Unde
1363 497 1424 544 uos
1446 482 1502 560 qui
1519 483 1746 559 quorumlibet
1770 484 1826 561 piu
1850 485 1994 553 desideria

1212 597 1230 641 s
1253 580 1395 658 quadam
1410 595 1511 640 manu
1524 578 1764 642 sollicitudinis
1780 583 1936 660 adjuvare
1955 589 1996 648 te-

1213 695 1231 740 s
1252 693 1382 745 nemur,
1398 677 1559 740 tanto-ad
1580 678 1822 755 conceptorum
1844 685 1996 745 executio-

1212 793 1230 835 «
1252 791 1329 837 nem
1348 790 1405 836 eos
1428 775 1580 836 volumus
1602 775 1758 851 diligenti
1781 777 1995 844 exhortatione

1211 872 1421 945 «inducere,
1447 872 1480 933 et
1502 873 1694 946 annuendo,
1720 887 1797 950 quaa
1833 876 1994 952 postulant,

1212 969 1407 1040 «invitare,
1437 969 1562 1046 quanto
1591 971 1647 1048 pia
1680 971 1836 1044 exordia,
1873 989 1941 1050 quae
1965 977 1996 1038 de

1211 1066 1338 1128 «bona
1370 1067 1557 1130 intentione
1596 1068 1795 1144 procedunt,
1824 1075 1994 1147 sperantur,

1212 1164 1507 1226 «laudabiliorum
1536 1165 1628 1228 exitu
1653 1165 1898 1228 concludenda.
1928 1171 1995 1232 lude

1212 1279 1230 1323 s
1251 1264 1311 1335 est,
1329 1263 1414 1340 quod
1429 1263 1647 1324 intentionem
1663 1265 1795 1340 regiam
1815 1264 1919 1327 modis
1933 1281 1995 1328 on·

1212 1359 1348 1420 «nibus
1377 1362 1657 1433 commendantes,
1691 1361 1733 1422 de
1766 1362 1995 1438 amplificandis

1212 1474 1230 1518 a
1252 1451 1452 1520 Christianae
1466 1458 1830 1548 religionisterminis‚
1843 1463 1911 1538 jam
1929 1477 1995 1522 con-

1212 1571 1231 1614 s
1253 1556 1380 1632 ceptam
1399 1555 1436 1616 in
1461 1555 1657 1618 Placentina
1681 1557 1832 1630 civitate,
1856 1573 1946 1634 quam
1967 1561 1995 1619 in

1214 1653 1343 1714 «terra
1367 1669 1428 1729 per
1457 1652 1689 1716 strenuitatem
1718 1654 1813 1716 tuam
1846 1653 1884 1715 de
1910 1671 1992 1716 manu

1212 1767 1231 1810 a
1252 1750 1523 1812 Hismaelitarum
1546 1749 1725 1828 adquisita,
1745 1751 1992 1828 divinaprospe·

1213 1848 1348 1910 «rante
1372 1847 1557 1920 clementia,
1581 1849 1763 1926 populasse
1794 1849 1991 1926 dignosceris,

1213 1961 1232 2004 a
1253 1945 1449 2007 auctoritate
1460 1946 1649 2022 Apostolica
1657 1946 1881 2024 episcopalem
1896 1947 1993 2008 cathe-

1214 2059 1232 2104 «
1253 2042 1347 2104 dram
1360 2042 1791 2106 constituimus.Dioecesim
1805 2059 1928 2121 quoque
1942 2043 1992 2104 ha·
2058 2079 2059 2082 =

1213 2139 1393 2202 «bendam
1411 2141 1510 2216 Juxta
1533 2141 1789 2218 dispositionem
1810 2141 1940 2216 regiam,
1959 2139 1991 2200 ab

1214 2255 1232 2298 i
1253 2237 1368 2298 eadem
1383 2238 1524 2300 ecclesia
1539 2239 1724 2300 cathedrali
1737 2239 1947 2308 decernimus,
1963 2237 1990 2298 ut

1214 2352 1232 2395 i
1253 2335 1354 2408 villae,
1371 2334 1457 2396 sicut
1471 2336 1627 2412 praesenti
1642 2337 1769 2414 scripto
1782 2335 1989 2412 concluditur,

1213 2448 1232 2493 e
1254 2449 1327 2509 quae
1342 2448 1403 2493 sua
1425 2434 1504 2494 sunt
1516 2433 1548 2495 ei
1561 2433 1740 2509 largitione
1754 2447 1907 2520 concessa
1919 2431 1989 2492 dioe—
2058 2429 2059 2510 1

1214 2545 1375 2590 «cesano
1400 2531 1478 2607 jure
1504 2529 1545 2590 ad
1576 2545 1650 2590 eam
1678 2531 1840 2608 perpetuo
1870 2529 1991 2590 debeant
2058 2525 2059 2532 ³

1214 2627 1422 2703 «pertinere
1447 2643 1454 2682 ε
1480 2628 1671 2702 Turgellum
1700 2628 1845 2699 scilicet,
1875 2626 1906 2687 et
1934 2627 1991 2686 lle-
2058 2625 2059 2680 l

1215 2723 1426 2797 «delfinum,
1443 2725 1476 2786 et
1499 2725 1594 2786 Mons
1622 2724 1808 2800 fragorum,
1834 2726 1866 2785 et
1890 2725 1992 2784 Saula-

1215 2839 1233 2882 ‹
1255 2837 1338 2882 crux
1360 2838 1435 2883 cum
1456 2821 1608 2884 omnibus
1629 2821 1844 2899 pertinentiis
1865 2820 1937 2880 suis.
1961 2819 1992 2880 Ul

1215 2937 1233 2980 i
1254 2920 1365 2980 autem
1380 2919 1452 2982 haec
1471 2920 1644 2982 concessio
1667 2920 1793 2982 futuris
1812 2916 1991 2995 temporibus

1215 3017 1388 3094 «integra
1420 3017 1453 3079 et
1480 3016 1610 3080 illibata
1637 3020 1814 3091 servetur,
1841 3016 1991 3078 statuimus
2058 3015 2059 3020 ’

1215 3130 1233 3174 a
1256 3114 1292 3176 ut
1308 3114 1391 3175 nulli
1404 3113 1540 3176 omnino
1561 3115 1739 3178 hominum
1766 3115 1872 3184 liceat,
1896 3115 1949 3174 etc.
1964 3109 1990 3170 si
2058 3129 2059 3196 t

1215 3228 1234 3272 a
1256 3212 1330 3289 quis
1345 3213 1467 3284 autern,
1482 3214 1544 3274 etc.
2058 3213 2059 3298 J

1256 3311 1364 3372 «Nos
1386 3309 1498 3388 igitur,
1525 3311 1780 3386 concessionem
1805 3309 1941 3372 eamdem
1957 3302 1989 3364 ad

1215 3422 1371 3485 «preces
1404 3407 1569 3470 carissimi
1600 3408 1637 3470 in
1661 3409 1797 3471 Christo
1825 3405 1883 3467 lilii
1903 3398 1988 3464 nostri
2058 3415 2059 3418 ¹

1215 3521 1234 3566 e
1256 3504 1468 3578 Ferdiuandi,
1476 3505 1617 3568 illustris
1626 3506 1717 3582 regis
1737 3498 1989 3575 Castellae,aucto
2058 3525 2059 3528 ¹

1216 3620 1235 3664 i
1254 3602 1353 3664 ritate
1365 3602 1555 3680 Apostolica
1568 3601 1815 3675 confirmamus,
1830 3601 1989 3676 etpraesen·

1216 3716 1235 3759 (l
1254 3699 1299 3765 tis
1316 3699 1431 3776 scripti
1446 3700 1631 3778 patrocinio
1646 3700 1896 3762 communimus.
1914 3689 1987 3755 llulli
2058 3705 2059 3708 ¹

1215 3814 1234 3859 e
1256 3813 1335 3874 ergo
1352 3797 1485 3858 omnino
1501 3798 1673 3859 hominum
1695 3799 1800 3862 liceat
1822 3787 1988 3868 1111001ςὶ-

1216 3911 1334 3956 «nam
1365 3895 1487 3957 nostrae
1520 3896 1784 3959 confirmationis
1818 3890 1985 3964 infringere.

1216 4010 1234 4054 s
1257 3993 1309 4054 vel
1332 3993 1364 4053 ei
1380 4008 1464 4053 ausu
1484 3993 1663 4055 temerario
1685 3993 1862 4057 contraire.
1879 3985 1911 4048 si
1930 3981 1987 4059 quis

1216 4107 1235 4151 i
1256 4091 1368 4156 autem
1383 4090 1446 4152 hoc
1468 4091 1631 4153 attentare
1648 4085 1902 4168 praesumpserit,
1918 4077 1988 4142 iudi·

1216 4187 1448 4264 «granonem
1470 4189 1705 4266 omnipotentis
1731 4189 1802 4260 Dei,
1828 4186 1859 4246 et
1890 4177 1986 4278 beatoj

1217 4302 1236 4346 i
1256 4302 1329 4347 rum
1343 4287 1568 4363 apostolorum
1581 4289 1653 4364 ejus
1665 4289 1697 4348 S.
1715 4286 1808 4348 Petri
1822 4282 1895 4344 ets.
1909 4271 1986 4336 Pauli
2058 4303 2059 4328 1

1217 4400 1235 4444 ‹<
1257 4399 1293 4444 se
1307 4383 1436 4445 noverit
1450 4383 1672 4446 incursurum.
1688 4385 1761 4446 bat.
1778 4373 1934 4445 Laterani,
1945 4367 1986 4475 lie·

1217 4499 1235 4541 a
1257 4481 1342 4542 cimo
1364 4482 1480 4544 octavo
1504 4481 1665 4543 kalendas
1692 4477 1882 4546 decembris,
1898 4467 1987 4548 ponti·

1217 4595 1236 4638 s
1257 4579 1374 4640 dcatus
1390 4578 1495 4640 nostri
1510 4595 1598 4642 anno
1614 4579 1774 4657 quinto.»
1848 4568 1857 4585 ⁸

1257 4678 1338 4737 Cum
1353 4692 1373 4737 a
1386 4675 1482 4737 nobis
1504 4677 1639 4754 petitur,
1656 4677 1743 4755 quod
1765 4675 1887 4753 justum
1909 4655 1986 4724 estet

1217 4769 1403 4842 honestum,
1419 4769 1487 4831 tarn
1509 4769 1604 4845 vigor
1625 4769 1802 4846 aequitatis,
1818 4747 1986 4862 quam'ordO

1218 4866 1322 4942 exigit
1347 4866 1498 4938 rationis,
1535 4866 1571 4926 ut
1603 4866 1636 4926 id
1669 4881 1729 4942 per
1756 4852 1985 4924 sollicitudinem

1218 4964 1319 5046 oflicii
1342 4963 1446 5026 nostri
1470 4963 1511 5024 ad
1529 4962 1675 5025 debitum
1697 4945 1986 5052 perducaturelfef·

1217 5062 1297 5122 tum.
1329 5061 1534 5138 Quapropter
1571 5059 1772 5136 venerabilis
1807 5055 1840 5116 iu
1878 5037 1985 5108 Clusio

1218 5159 1331 5231 frater,
1342 5158 1409 5221 tuis
1420 5159 1521 5235 Justis
1537 5156 1813 5234 postulationibus
1827 5147 1986 5246 111101011-

1219 5257 1390 5318 currentes
1405 5272 1558 5329 assensu,
1578 5255 1618 5318 de
1639 5258 1747 5332 Bejar,
1765 5250 1845 5314 etde
1859 5243 1984 5343 termine

1219 5353 1284 5416 tuis
1295 5354 1464 5426 ecclesias,
1476 5355 1561 5415 sieut
1571 5355 1661 5431 juste
1674 5351 1830 5430 possides,
1842 5329 1982 5414 ,equote

1219 5453 1417 5515 auctoritate
1434 5451 1495 5514 tibi
1512 5451 1701 5528 apostolica
1722 5445 1946 5540 confirmantis,
1960 5424 1984 5480 ft

1219 5550 1393 5626 praesentis
1420 5548 1535 5626 scripti
1558 5548 1742 5626 patrocinio
1761 5534 1982 5606 commummus·

1220 5648 1310 5710 Nulli
1337 5664 1414 5725 ergo
1442 5647 1578 5712 omniuo
1603 5647 1772 5710 hominum
1799 5631 1889 5700 liceat
1914 5625 1982 5684 naut
2058 5667 2059 5670 =
