<?xml version="1.0" encoding="UTF-8"?>
<!DOCTYPE html PUBLIC "-//W3C//DTD XHTML 1.0 Transitional//EN"
    "http://www.w3.org/TR/xhtml1/DTD/xhtml1-transitional.dtd">
<html xmlns="http://www.w3.org/1999/xhtml" xml:lang="en" lang="en">
 <head>
  <title>
</title>
<meta http-equiv="Content-Type" content="text/html;charset=utf-8" />
  <meta name='ocr-system' content='tesseract 3.04.00' />
  <meta name='ocr-capabilities' content='ocr_page ocr_carea ocr_par ocr_line ocrx_word'/>
</head>
<body>
  <div class='ocr_page' id='page_1' title='image "./mediiaevibiblio02unkngoog_0466.png"; bbox 0 0 4234 6442; ppageno 0'>
   <div class='ocr_carea' id='block_1_1' title="bbox 126 181 1142 250">
    <p class='ocr_par' dir='ltr' id='par_1_1' title="bbox 126 181 1142 250">
     <span class='ocr_line' id='line_1_1' title="bbox 126 181 1142 250; baseline -0.005 0"><span class='ocrx_word' id='word_1_1' title='bbox 126 182 186 250; x_wconf 65' lang='lat' dir='ltr'>lib</span> <span class='ocrx_word' id='word_1_2' title='bbox 762 181 991 248; x_wconf 74' lang='lat' dir='ltr'>srls&#39;ronAE.</span> <span class='ocrx_word' id='word_1_3' title='bbox 1015 183 1093 246; x_wconf 72' lang='grc' dir='ltr'>ΜΒ.</span> <span class='ocrx_word' id='word_1_4' title='bbox 1118 183 1142 246; x_wconf 85' lang='grc' dir='ltr'>Ι.</span> 
     </span>
    </p>
   </div>
   <div class='ocr_carea' id='block_1_2' title="bbox 113 337 1779 2864">
    <p class='ocr_par' dir='ltr' id='par_1_2' title="bbox 123 337 1777 520">
     <span class='ocr_line' id='line_1_2' title="bbox 123 337 1777 426; baseline 0 -16"><span class='ocrx_word' id='word_1_5' title='bbox 123 347 252 410; x_wconf 89' lang='lat' dir='ltr'>decima</span> <span class='ocrx_word' id='word_1_6' title='bbox 280 343 481 426; x_wconf 85' lang='lat' dir='ltr'>supradicta,</span> <span class='ocrx_word' id='word_1_7' title='bbox 505 355 587 422; x_wconf 82' lang='lat' dir='ltr'>quos</span> <span class='ocrx_word' id='word_1_8' title='bbox 611 337 738 406; x_wconf 87' lang='lat' dir='ltr'>modios</span> <span class='ocrx_word' id='word_1_9' title='bbox 758 345 922 423; x_wconf 88' lang='lat' dir='ltr'>quondam</span> <span class='ocrx_word' id='word_1_10' title='bbox 976 344 1124 422; x_wconf 87' lang='lat' dir='ltr'>Dionysii</span> <span class='ocrx_word' id='word_1_11' title='bbox 1148 344 1361 418; x_wconf 86' lang='lat' dir='ltr'>Parisiensis,</span> <span class='ocrx_word' id='word_1_12' title='bbox 1385 346 1533 409; x_wconf 86' lang='lat' dir='ltr'>Salutem</span> <span class='ocrx_word' id='word_1_13' title='bbox 1554 347 1586 409; x_wconf 90' lang='lat' dir='ltr'>et</span> <span class='ocrx_word' id='word_1_14' title='bbox 1606 346 1777 425; x_wconf 75' lang='lat' dir='ltr'>Apostoli-</span> 
     </span>
     <span class='ocr_line' id='line_1_3' title="bbox 124 441 1341 520; baseline -0.004 -12"><span class='ocrx_word' id='word_1_15' title='bbox 124 445 267 508; x_wconf 84' lang='lat' dir='ltr'>Alardus</span> <span class='ocrx_word' id='word_1_16' title='bbox 278 445 374 506; x_wconf 92' lang='lat' dir='ltr'>miles</span> <span class='ocrx_word' id='word_1_17' title='bbox 384 445 576 505; x_wconf 76' lang='lat' dir='ltr'><strong>antecessor</strong></span> <span class='ocrx_word' id='word_1_18' title='bbox 591 441 695 520; x_wconf 91' lang='lat' dir='ltr'>ipsius</span> <span class='ocrx_word' id='word_1_19' title='bbox 706 441 770 505; x_wconf 88' lang='lat' dir='ltr'>sibi</span> <span class='ocrx_word' id='word_1_20' title='bbox 785 443 923 506; x_wconf 90' lang='lat' dir='ltr'>retinuit</span> <span class='ocrx_word' id='word_1_21' title='bbox 977 443 1341 505; x_wconf 85' lang='lat' dir='ltr'>cambenedictionem.</span> 
     </span>
    </p>

    <p class='ocr_par' dir='ltr' id='par_1_3' title="bbox 113 540 1779 2864">
     <span class='ocr_line' id='line_1_4' title="bbox 125 540 1774 622; baseline 0.001 -18"><span class='ocrx_word' id='word_1_22' title='bbox 125 543 256 622; x_wconf 88' lang='lat' dir='ltr'>quando</span> <span class='ocrx_word' id='word_1_23' title='bbox 272 543 434 604; x_wconf 86' lang='lat' dir='ltr'>decimam</span> <span class='ocrx_word' id='word_1_24' title='bbox 444 541 550 618; x_wconf 86' lang='lat' dir='ltr'>ipsam</span> <span class='ocrx_word' id='word_1_25' title='bbox 566 540 707 602; x_wconf 91' lang='lat' dir='ltr'>contulit</span> <span class='ocrx_word' id='word_1_26' title='bbox 720 541 922 601; x_wconf 91' lang='lat' dir='ltr'>monasterio</span> <span class='ocrx_word' id='word_1_27' title='bbox 1017 543 1123 612; x_wconf 90' lang='lat' dir='ltr'>Quum</span> <span class='ocrx_word' id='word_1_28' title='bbox 1138 556 1158 600; x_wconf 90' lang='lat' dir='ltr'>a</span> <span class='ocrx_word' id='word_1_29' title='bbox 1173 541 1268 602; x_wconf 81' lang='lat' dir='ltr'>noble</span> <span class='ocrx_word' id='word_1_30' title='bbox 1283 541 1408 618; x_wconf 88' lang='lat' dir='ltr'>petitur</span> <span class='ocrx_word' id='word_1_31' title='bbox 1422 541 1507 618; x_wconf 88' lang='lat' dir='ltr'>quod</span> <span class='ocrx_word' id='word_1_32' title='bbox 1526 543 1655 619; x_wconf 88' lang='lat' dir='ltr'>justum</span> <span class='ocrx_word' id='word_1_33' title='bbox 1676 544 1726 606; x_wconf 84' lang='lat' dir='ltr'>est</span> <span class='ocrx_word' id='word_1_34' title='bbox 1740 545 1774 606; x_wconf 90' lang='lat' dir='ltr'>et</span> 
     </span>
     <span class='ocr_line' id='line_1_5' title="bbox 126 636 1774 718; baseline 0.002 -16"><span class='ocrx_word' id='word_1_35' title='bbox 126 641 318 711; x_wconf 89' lang='lat' dir='ltr'>memorato,</span> <span class='ocrx_word' id='word_1_36' title='bbox 343 638 385 699; x_wconf 94' lang='lat' dir='ltr'>ad</span> <span class='ocrx_word' id='word_1_37' title='bbox 399 637 485 714; x_wconf 90' lang='lat' dir='ltr'>quod</span> <span class='ocrx_word' id='word_1_38' title='bbox 501 636 706 715; x_wconf 87' lang='lat' dir='ltr'>probandum</span> <span class='ocrx_word' id='word_1_39' title='bbox 721 637 922 714; x_wconf 80' lang='lat' dir='ltr'>cirograium</span> <span class='ocrx_word' id='word_1_40' title='bbox 976 638 1163 711; x_wconf 88' lang='lat' dir='ltr'>honestum,</span> <span class='ocrx_word' id='word_1_41' title='bbox 1180 640 1247 700; x_wconf 91' lang='lat' dir='ltr'>tam</span> <span class='ocrx_word' id='word_1_42' title='bbox 1267 639 1363 715; x_wconf 78' lang='lat' dir='ltr'>vigor</span> <span class='ocrx_word' id='word_1_43' title='bbox 1382 640 1549 717; x_wconf 82' lang='lat' dir='ltr'>aequitatis</span> <span class='ocrx_word' id='word_1_44' title='bbox 1574 657 1672 718; x_wconf 89' lang='lat' dir='ltr'>quam</span> <span class='ocrx_word' id='word_1_45' title='bbox 1692 643 1774 705; x_wconf 91' lang='lat' dir='ltr'>ordo</span> 
     </span>
     <span class='ocr_line' id='line_1_6' title="bbox 126 735 1773 816; baseline 0.001 -17"><span class='ocrx_word' id='word_1_46' title='bbox 126 739 232 816; x_wconf 87' lang='lat' dir='ltr'>ipsius</span> <span class='ocrx_word' id='word_1_47' title='bbox 247 735 590 798; x_wconf 81' lang='lat' dir='ltr'>monasteriideduxit</span> <span class='ocrx_word' id='word_1_48' title='bbox 601 735 636 796; x_wconf 92' lang='lat' dir='ltr'>in</span> <span class='ocrx_word' id='word_1_49' title='bbox 652 735 813 810; x_wconf 90' lang='lat' dir='ltr'>medium;</span> <span class='ocrx_word' id='word_1_50' title='bbox 828 751 923 812; x_wconf 87' lang='lat' dir='ltr'>quos·</span> <span class='ocrx_word' id='word_1_51' title='bbox 959 780 962 786; x_wconf 83' lang='lat'>.</span> <span class='ocrx_word' id='word_1_52' title='bbox 977 735 1082 811; x_wconf 79' lang='lat' dir='ltr'>exigit</span> <span class='ocrx_word' id='word_1_53' title='bbox 1095 735 1235 798; x_wconf 91' lang='lat' dir='ltr'>rationis</span> <span class='ocrx_word' id='word_1_54' title='bbox 1247 738 1285 798; x_wconf 90' lang='lat' dir='ltr'>ut</span> <span class='ocrx_word' id='word_1_55' title='bbox 1298 735 1331 798; x_wconf 94' lang='lat' dir='ltr'>id</span> <span class='ocrx_word' id='word_1_56' title='bbox 1347 753 1408 814; x_wconf 89' lang='lat' dir='ltr'>per</span> <span class='ocrx_word' id='word_1_57' title='bbox 1421 737 1678 800; x_wconf 88' lang='lat' dir='ltr'>sollicitudinem</span> <span class='ocrx_word' id='word_1_58' title='bbox 1695 739 1773 802; x_wconf 87' lang='lat' dir='ltr'>otii-</span> 
     </span>
     <span class='ocr_line' id='line_1_7' title="bbox 123 828 1771 910; baseline -0.001 -13"><span class='ocrx_word' id='word_1_59' title='bbox 123 833 413 897; x_wconf 68' lang='lat' dir='ltr'>uenerantestes</span> <span class='ocrx_word' id='word_1_60' title='bbox 420 828 587 910; x_wconf 84' lang='lat' dir='ltr'>produxit,</span> <span class='ocrx_word' id='word_1_61' title='bbox 595 833 715 910; x_wconf 91' lang='lat' dir='ltr'>quibus</span> <span class='ocrx_word' id='word_1_62' title='bbox 720 831 923 910; x_wconf 85' lang='lat' dir='ltr'>probareve-</span> <span class='ocrx_word' id='word_1_63' title='bbox 977 830 1021 892; x_wconf 90' lang='lat' dir='ltr'>cii</span> <span class='ocrx_word' id='word_1_64' title='bbox 1036 831 1140 893; x_wconf 91' lang='lat' dir='ltr'>nostri</span> <span class='ocrx_word' id='word_1_65' title='bbox 1156 831 1197 892; x_wconf 92' lang='lat' dir='ltr'>ad</span> <span class='ocrx_word' id='word_1_66' title='bbox 1212 829 1358 892; x_wconf 90' lang='lat' dir='ltr'>debitum</span> <span class='ocrx_word' id='word_1_67' title='bbox 1381 833 1583 909; x_wconf 89' lang='lat' dir='ltr'>perducatur</span> <span class='ocrx_word' id='word_1_68' title='bbox 1607 835 1771 896; x_wconf 82' lang='lat' dir='ltr'>effectum.</span> 
     </span>
     <span class='ocr_line' id='line_1_8' title="bbox 126 925 1774 1008; baseline -0.001 -14"><span class='ocrx_word' id='word_1_69' title='bbox 126 933 300 994; x_wconf 88' lang='lat' dir='ltr'>lebatseac</span> <span class='ocrx_word' id='word_1_70' title='bbox 310 933 539 993; x_wconf 86' lang='lat' dir='ltr'>antecessores</span> <span class='ocrx_word' id='word_1_71' title='bbox 553 925 921 1008; x_wconf 82' lang='lat' dir='ltr'>suosperquadraginta</span> <span class='ocrx_word' id='word_1_72' title='bbox 977 931 1023 990; x_wconf 80' lang='lat' dir='ltr'>Ea</span> <span class='ocrx_word' id='word_1_73' title='bbox 1045 931 1190 1006; x_wconf 90' lang='lat' dir='ltr'>propter,</span> <span class='ocrx_word' id='word_1_74' title='bbox 1213 929 1326 991; x_wconf 90' lang='lat' dir='ltr'>dilecti</span> <span class='ocrx_word' id='word_1_75' title='bbox 1348 931 1385 991; x_wconf 93' lang='lat' dir='ltr'>in</span> <span class='ocrx_word' id='word_1_76' title='bbox 1399 931 1539 992; x_wconf 91' lang='lat' dir='ltr'>Domino</span> <span class='ocrx_word' id='word_1_77' title='bbox 1554 931 1626 1004; x_wconf 86' lang='lat' dir='ltr'>tilii,</span> <span class='ocrx_word' id='word_1_78' title='bbox 1652 934 1774 995; x_wconf 87' lang='lat' dir='ltr'>vestris</span> 
     </span>
     <span class='ocr_line' id='line_1_9' title="bbox 125 1025 1773 1106; baseline 0 -16"><span class='ocrx_word' id='word_1_79' title='bbox 125 1027 344 1091; x_wconf 86' lang='lat' dir='ltr'>annosdi&#39;otos</span> <span class='ocrx_word' id='word_1_80' title='bbox 354 1028 473 1105; x_wconf 79' lang='lat' dir='ltr'>viginti</span> <span class='ocrx_word' id='word_1_81' title='bbox 483 1027 707 1090; x_wconf 90' lang='lat' dir='ltr'>bladimodios</span> <span class='ocrx_word' id='word_1_82' title='bbox 721 1027 919 1106; x_wconf 88' lang='lat' dir='ltr'>possedisse.</span> <span class='ocrx_word' id='word_1_83' title='bbox 972 1025 1073 1101; x_wconf 85' lang='lat' dir='ltr'>J&#39;ustis</span> <span class='ocrx_word' id='word_1_84' title='bbox 1101 1025 1380 1103; x_wconf 88' lang='lat' dir='ltr'>postulationibus</span> <span class='ocrx_word' id='word_1_85' title='bbox 1408 1027 1503 1103; x_wconf 80' lang='lat' dir='ltr'>grato</span> <span class='ocrx_word' id='word_1_86' title='bbox 1536 1031 1773 1090; x_wconf 81' lang='lat' dir='ltr'>concurrentes</span> 
     </span>
     <span class='ocr_line' id='line_1_10' title="bbox 125 1123 1774 1204; baseline 0 -16"><span class='ocrx_word' id='word_1_87' title='bbox 125 1126 194 1188; x_wconf 90' lang='lat' dir='ltr'>Nos</span> <span class='ocrx_word' id='word_1_88' title='bbox 220 1126 323 1202; x_wconf 81' lang='lat' dir='ltr'>igitur</span> <span class='ocrx_word' id='word_1_89' title='bbox 354 1125 531 1188; x_wconf 80' lang='lat' dir='ltr'>intellectis</span> <span class='ocrx_word' id='word_1_90' title='bbox 558 1141 631 1204; x_wconf 85' lang='lat' dir='ltr'>quae</span> <span class='ocrx_word' id='word_1_91' title='bbox 655 1125 761 1188; x_wconf 90' lang='lat' dir='ltr'>dictus</span> <span class='ocrx_word' id='word_1_92' title='bbox 791 1127 923 1188; x_wconf 82' lang='lat' dir='ltr'>auditor</span> <span class='ocrx_word' id='word_1_93' title='bbox 976 1139 1126 1192; x_wconf 88' lang='lat' dir='ltr'>assensu,</span> <span class='ocrx_word' id='word_1_94' title='bbox 1147 1123 1321 1186; x_wconf 90' lang='lat' dir='ltr'>arbitrium</span> <span class='ocrx_word' id='word_1_95' title='bbox 1338 1124 1425 1186; x_wconf 89' lang='lat' dir='ltr'>inter</span> <span class='ocrx_word' id='word_1_96' title='bbox 1445 1141 1505 1187; x_wconf 86' lang='lat' dir='ltr'>vos</span> <span class='ocrx_word' id='word_1_97' title='bbox 1528 1142 1571 1187; x_wconf 84' lang='lat' dir='ltr'>ex</span> <span class='ocrx_word' id='word_1_98' title='bbox 1593 1141 1659 1187; x_wconf 92' lang='lat' dir='ltr'>una</span> <span class='ocrx_word' id='word_1_99' title='bbox 1679 1129 1774 1203; x_wconf 88' lang='lat' dir='ltr'>parte</span> 
     </span>
     <span class='ocr_line' id='line_1_11' title="bbox 125 1220 1773 1302; baseline -0.002 -15"><span class='ocrx_word' id='word_1_100' title='bbox 125 1224 220 1287; x_wconf 89' lang='lat' dir='ltr'>nobis</span> <span class='ocrx_word' id='word_1_101' title='bbox 242 1223 384 1286; x_wconf 84' lang='lat' dir='ltr'>fideliter</span> <span class='ocrx_word' id='word_1_102' title='bbox 400 1223 562 1296; x_wconf 89' lang='lat' dir='ltr'>recitavit,</span> <span class='ocrx_word' id='word_1_103' title='bbox 586 1225 692 1286; x_wconf 90' lang='lat' dir='ltr'>eidem</span> <span class='ocrx_word' id='word_1_104' title='bbox 712 1224 922 1302; x_wconf 88' lang='lat' dir='ltr'>praecipimus</span> <span class='ocrx_word' id='word_1_105' title='bbox 976 1220 1247 1282; x_wconf 86' lang='lat' dir='ltr'>etrenerabilem</span> <span class='ocrx_word' id='word_1_106' title='bbox 1267 1220 1403 1283; x_wconf 82' lang='lat' dir='ltr'>fratrem</span> <span class='ocrx_word' id='word_1_107' title='bbox 1426 1222 1575 1283; x_wconf 89' lang='lat' dir='ltr'>nostrum</span> <span class='ocrx_word' id='word_1_108' title='bbox 1597 1223 1773 1284; x_wconf 89' lang='lat' dir='ltr'>Parisien-</span> 
     </span>
     <span class='ocr_line' id='line_1_12' title="bbox 126 1317 1775 1400; baseline -0.001 -18"><span class='ocrx_word' id='word_1_109' title='bbox 126 1325 164 1384; x_wconf 90' lang='lat' dir='ltr'>ut</span> <span class='ocrx_word' id='word_1_110' title='bbox 175 1322 215 1383; x_wconf 93' lang='lat' dir='ltr'>de</span> <span class='ocrx_word' id='word_1_111' title='bbox 230 1322 418 1400; x_wconf 91' lang='lat' dir='ltr'>aliquorum</span> <span class='ocrx_word' id='word_1_112' title='bbox 428 1321 566 1384; x_wconf 81' lang='lat' dir='ltr'>fratrum</span> <span class='ocrx_word' id='word_1_113' title='bbox 577 1325 767 1385; x_wconf 90' lang='lat' dir='ltr'>nostrorum</span> <span class='ocrx_word' id='word_1_114' title='bbox 783 1323 922 1384; x_wconf 90' lang='lat' dir='ltr'>consilio</span> <span class='ocrx_word' id='word_1_115' title='bbox 977 1317 1243 1394; x_wconf 90' lang='lat' dir='ltr'>semepiscopum</span> <span class='ocrx_word' id='word_1_116' title='bbox 1254 1333 1297 1378; x_wconf 78' lang='lat' dir='ltr'>ex</span> <span class='ocrx_word' id='word_1_117' title='bbox 1309 1319 1425 1390; x_wconf 90' lang='lat' dir='ltr'>altera,</span> <span class='ocrx_word' id='word_1_118' title='bbox 1435 1334 1583 1396; x_wconf 88' lang='lat' dir='ltr'>supereo</span> <span class='ocrx_word' id='word_1_119' title='bbox 1595 1321 1679 1397; x_wconf 91' lang='lat' dir='ltr'>quod</span> <span class='ocrx_word' id='word_1_120' title='bbox 1690 1322 1775 1397; x_wconf 86' lang='lat' dir='ltr'>epis-</span> 
     </span>
     <span class='ocr_line' id='line_1_13' title="bbox 125 1414 1776 1502; baseline -0.001 -22"><span class='ocrx_word' id='word_1_121' title='bbox 125 1435 260 1480; x_wconf 90' lang='lat' dir='ltr'>causam</span> <span class='ocrx_word' id='word_1_122' title='bbox 283 1419 390 1497; x_wconf 87' lang='lat' dir='ltr'>ipsam</span> <span class='ocrx_word' id='word_1_123' title='bbox 413 1420 478 1482; x_wconf 89' lang='lat' dir='ltr'>tine</span> <span class='ocrx_word' id='word_1_124' title='bbox 493 1416 602 1502; x_wconf 88' lang='lat' dir='ltr'>debito</span> <span class='ocrx_word' id='word_1_125' title='bbox 627 1421 830 1482; x_wconf 87' lang='lat' dir='ltr'>terminaret.</span> <span class='ocrx_word' id='word_1_126' title='bbox 847 1422 922 1497; x_wconf 89' lang='lat' dir='ltr'>lpse</span> <span class='ocrx_word' id='word_1_127' title='bbox 977 1431 1079 1491; x_wconf 88' lang='lat' dir='ltr'>oopus</span> <span class='ocrx_word' id='word_1_128' title='bbox 1092 1415 1164 1492; x_wconf 91' lang='lat' dir='ltr'>ipse</span> <span class='ocrx_word' id='word_1_129' title='bbox 1181 1414 1310 1477; x_wconf 87' lang='lat' dir='ltr'>dicebat</span> <span class='ocrx_word' id='word_1_130' title='bbox 1325 1416 1490 1477; x_wconf 90' lang='lat' dir='ltr'>nundinas</span> <span class='ocrx_word' id='word_1_131' title='bbox 1505 1416 1622 1479; x_wconf 89' lang='lat' dir='ltr'>indicti</span> <span class='ocrx_word' id='word_1_132' title='bbox 1635 1435 1701 1478; x_wconf 89' lang='lat' dir='ltr'>non</span> <span class='ocrx_word' id='word_1_133' title='bbox 1716 1419 1776 1479; x_wconf 88' lang='lat' dir='ltr'>de-</span> 
     </span>
     <span class='ocr_line' id='line_1_14' title="bbox 127 1511 1776 1590; baseline -0.001 -11"><span class='ocrx_word' id='word_1_134' title='bbox 127 1531 218 1590; x_wconf 80' lang='lat' dir='ltr'>vere,</span> <span class='ocrx_word' id='word_1_135' title='bbox 235 1517 438 1579; x_wconf 86' lang='lat' dir='ltr'>venerabilis</span> <span class='ocrx_word' id='word_1_136' title='bbox 460 1517 573 1579; x_wconf 81' lang='lat' dir='ltr'>fratris</span> <span class='ocrx_word' id='word_1_137' title='bbox 588 1517 693 1580; x_wconf 88' lang='lat' dir='ltr'>nostri</span> <span class='ocrx_word' id='word_1_138' title='bbox 711 1517 747 1578; x_wconf 88' lang='lat' dir='ltr'>P.</span> <span class='ocrx_word' id='word_1_139' title='bbox 766 1517 920 1580; x_wconf 86' lang='lat' dir='ltr'>sabinen.</span> <span class='ocrx_word' id='word_1_140' title='bbox 977 1512 1055 1572; x_wconf 87' lang='lat' dir='ltr'>bere</span> <span class='ocrx_word' id='word_1_141' title='bbox 1073 1511 1195 1574; x_wconf 88' lang='lat' dir='ltr'>durare</span> <span class='ocrx_word' id='word_1_142' title='bbox 1211 1513 1275 1574; x_wconf 90' lang='lat' dir='ltr'>nisi</span> <span class='ocrx_word' id='word_1_143' title='bbox 1296 1527 1355 1590; x_wconf 91' lang='lat' dir='ltr'>per</span> <span class='ocrx_word' id='word_1_144' title='bbox 1372 1515 1440 1576; x_wconf 91' lang='lat' dir='ltr'>tres</span> <span class='ocrx_word' id='word_1_145' title='bbox 1460 1514 1531 1574; x_wconf 90' lang='lat' dir='ltr'>dies</span> <span class='ocrx_word' id='word_1_146' title='bbox 1555 1529 1574 1575; x_wconf 92' lang='lat' dir='ltr'>a</span> <span class='ocrx_word' id='word_1_147' title='bbox 1597 1515 1650 1576; x_wconf 92' lang='lat' dir='ltr'>die</span> <span class='ocrx_word' id='word_1_148' title='bbox 1671 1515 1776 1577; x_wconf 89' lang='lat' dir='ltr'>bene-</span> 
     </span>
     <span class='ocr_line' id='line_1_15' title="bbox 128 1609 1775 1694; baseline 0.002 -24"><span class='ocrx_word' id='word_1_149' title='bbox 128 1614 285 1694; x_wconf 81' lang='lat' dir='ltr'>episeopl‚</span> <span class='ocrx_word' id='word_1_150' title='bbox 298 1617 331 1677; x_wconf 74' lang='lat' dir='ltr'>et</span> <span class='ocrx_word' id='word_1_151' title='bbox 344 1614 525 1676; x_wconf 73' lang='lat' dir='ltr'>dilectifilii</span> <span class='ocrx_word' id='word_1_152' title='bbox 534 1615 641 1677; x_wconf 80' lang='lat' dir='ltr'>nostri</span> <span class='ocrx_word' id='word_1_153' title='bbox 650 1617 686 1676; x_wconf 84' lang='lat' dir='ltr'>P.</span> <span class='ocrx_word' id='word_1_154' title='bbox 701 1615 790 1679; x_wconf 82' lang='lat' dir='ltr'>tituli</span> <span class='ocrx_word' id='word_1_155' title='bbox 800 1615 923 1677; x_wconf 73' lang='lat' dir='ltr'>sanctae</span> <span class='ocrx_word' id='word_1_156' title='bbox 978 1609 1144 1678; x_wconf 90' lang='lat' dir='ltr'>dictionis,</span> <span class='ocrx_word' id='word_1_157' title='bbox 1158 1610 1387 1672; x_wconf 88' lang='lat' dir='ltr'>asserentibus</span> <span class='ocrx_word' id='word_1_158' title='bbox 1402 1611 1495 1673; x_wconf 88' lang='lat' dir='ltr'>vobis</span> <span class='ocrx_word' id='word_1_159' title='bbox 1510 1612 1596 1689; x_wconf 92' lang='lat' dir='ltr'>quod</span> <span class='ocrx_word' id='word_1_160' title='bbox 1612 1610 1775 1675; x_wconf 90' lang='lat' dir='ltr'>debebant</span> 
     </span>
     <span class='ocr_line' id='line_1_16' title="bbox 129 1707 1772 1790; baseline 0.001 -17"><span class='ocrx_word' id='word_1_161' title='bbox 129 1709 921 1790; x_wconf 84' lang='lat' dir='ltr'>Sabinaepresbytericardinalisconsiliohabito‚</span> <span class='ocrx_word' id='word_1_162' title='bbox 978 1707 1099 1768; x_wconf 72' lang='lat' dir='ltr'>durare</span> <span class='ocrx_word' id='word_1_163' title='bbox 1123 1709 1282 1784; x_wconf 70' lang='lat' dir='ltr'>quantum</span> <span class='ocrx_word' id='word_1_164' title='bbox 1311 1709 1387 1770; x_wconf 78' lang='lat' dir='ltr'>aliae</span> <span class='ocrx_word' id='word_1_165' title='bbox 1415 1709 1572 1770; x_wconf 83' lang='lat' dir='ltr'>nundinae</span> <span class='ocrx_word' id='word_1_166' title='bbox 1608 1709 1772 1772; x_wconf 81' lang='lat' dir='ltr'>solemnes</span> 
     </span>
     <span class='ocr_line' id='line_1_17' title="bbox 126 1804 1775 1888; baseline 0.003 -24"><span class='ocrx_word' id='word_1_167' title='bbox 126 1825 187 1870; x_wconf 85' lang='lat' dir='ltr'>vos</span> <span class='ocrx_word' id='word_1_168' title='bbox 202 1827 222 1872; x_wconf 86' lang='lat' dir='ltr'>a</span> <span class='ocrx_word' id='word_1_169' title='bbox 236 1809 470 1886; x_wconf 60' lang='lat' dir='ltr'>praedictorum</span> <span class='ocrx_word' id='word_1_170' title='bbox 489 1811 609 1888; x_wconf 77' lang='lat' dir='ltr'>viginti</span> <span class='ocrx_word' id='word_1_171' title='bbox 629 1811 813 1873; x_wconf 76' lang='lat' dir='ltr'>modiorum</span> <span class='ocrx_word' id='word_1_172' title='bbox 834 1811 924 1872; x_wconf 79' lang='lat' dir='ltr'>bladi</span> <span class='ocrx_word' id='word_1_173' title='bbox 979 1804 1110 1876; x_wconf 88' lang='lat' dir='ltr'>durant,</span> <span class='ocrx_word' id='word_1_174' title='bbox 1136 1821 1156 1866; x_wconf 91' lang='lat' dir='ltr'>a</span> <span class='ocrx_word' id='word_1_175' title='bbox 1177 1805 1351 1868; x_wconf 89' lang='lat' dir='ltr'>carissimo</span> <span class='ocrx_word' id='word_1_176' title='bbox 1369 1806 1403 1867; x_wconf 92' lang='lat' dir='ltr'>in</span> <span class='ocrx_word' id='word_1_177' title='bbox 1428 1806 1558 1869; x_wconf 89' lang='lat' dir='ltr'>Christo</span> <span class='ocrx_word' id='word_1_178' title='bbox 1576 1807 1645 1868; x_wconf 91' lang='lat' dir='ltr'>tilio</span> <span class='ocrx_word' id='word_1_179' title='bbox 1661 1811 1775 1870; x_wconf 89' lang='lat' dir='ltr'>nostro</span> 
     </span>
     <span class='ocr_line' id='line_1_18' title="bbox 127 1902 1775 1986; baseline 0 -19"><span class='ocrx_word' id='word_1_180' title='bbox 127 1907 292 1969; x_wconf 89' lang='lat' dir='ltr'>solutione</span> <span class='ocrx_word' id='word_1_181' title='bbox 312 1905 466 1980; x_wconf 80' lang='lat' dir='ltr'>absolvit,</span> <span class='ocrx_word' id='word_1_182' title='bbox 491 1907 577 1970; x_wconf 88' lang='lat' dir='ltr'>dicto</span> <span class='ocrx_word' id='word_1_183' title='bbox 592 1907 738 1971; x_wconf 88' lang='lat' dir='ltr'>Jobanni</span> <span class='ocrx_word' id='word_1_184' title='bbox 760 1925 860 1986; x_wconf 89' lang='lat' dir='ltr'>super</span> <span class='ocrx_word' id='word_1_185' title='bbox 883 1909 924 1970; x_wconf 91' lang='lat' dir='ltr'>iis</span> <span class='ocrx_word' id='word_1_186' title='bbox 980 1902 1133 1979; x_wconf 86' lang='lat' dir='ltr'>Philippo</span> <span class='ocrx_word' id='word_1_187' title='bbox 1158 1917 1237 1978; x_wconf 80' lang='lat' dir='ltr'>rege</span> <span class='ocrx_word' id='word_1_188' title='bbox 1264 1906 1467 1966; x_wconf 86' lang='lat' dir='ltr'>Francorum</span> <span class='ocrx_word' id='word_1_189' title='bbox 1502 1905 1624 1968; x_wconf 89' lang='lat' dir='ltr'>illustri</span> <span class='ocrx_word' id='word_1_190' title='bbox 1649 1907 1775 1967; x_wconf 92' lang='lat' dir='ltr'>arbitro</span> 
     </span>
     <span class='ocr_line' id='line_1_19' title="bbox 125 1999 1776 2083; baseline 0 -19"><span class='ocrx_word' id='word_1_191' title='bbox 125 1999 299 2066; x_wconf 87' lang='lat' dir='ltr'>silentium</span> <span class='ocrx_word' id='word_1_192' title='bbox 313 2005 523 2082; x_wconf 90' lang='lat' dir='ltr'>imponendo,</span> <span class='ocrx_word' id='word_1_193' title='bbox 538 2008 571 2067; x_wconf 91' lang='lat' dir='ltr'>et</span> <span class='ocrx_word' id='word_1_194' title='bbox 584 2021 660 2068; x_wconf 91' lang='lat' dir='ltr'>eum</span> <span class='ocrx_word' id='word_1_195' title='bbox 673 2005 714 2067; x_wconf 92' lang='lat' dir='ltr'>ab</span> <span class='ocrx_word' id='word_1_196' title='bbox 729 2007 772 2066; x_wconf 90' lang='lat' dir='ltr'>iis</span> <span class='ocrx_word' id='word_1_197' title='bbox 783 2022 856 2083; x_wconf 87' lang='lat' dir='ltr'>quae</span> <span class='ocrx_word' id='word_1_198' title='bbox 866 2022 926 2082; x_wconf 89' lang='lat' dir='ltr'>per</span> <span class='ocrx_word' id='word_1_199' title='bbox 980 2000 1020 2060; x_wconf 88' lang='lat' dir='ltr'>ab</span> <span class='ocrx_word' id='word_1_200' title='bbox 1036 2002 1175 2076; x_wconf 89' lang='lat' dir='ltr'>utraque</span> <span class='ocrx_word' id='word_1_201' title='bbox 1198 2001 1293 2078; x_wconf 91' lang='lat' dir='ltr'>parte</span> <span class='ocrx_word' id='word_1_202' title='bbox 1312 2002 1417 2064; x_wconf 89' lang='lat' dir='ltr'>electo</span> <span class='ocrx_word' id='word_1_203' title='bbox 1432 2003 1676 2065; x_wconf 86' lang='lat' dir='ltr'>rationabiliter</span> <span class='ocrx_word' id='word_1_204' title='bbox 1697 2019 1776 2080; x_wconf 91' lang='lat' dir='ltr'>pro-</span> 
     </span>
     <span class='ocr_line' id='line_1_20' title="bbox 128 2096 1774 2179; baseline -0.002 -17"><span class='ocrx_word' id='word_1_205' title='bbox 128 2115 275 2163; x_wconf 88' lang='lat' dir='ltr'>errorem</span> <span class='ocrx_word' id='word_1_206' title='bbox 299 2102 352 2163; x_wconf 85' lang='lat' dir='ltr'>rel</span> <span class='ocrx_word' id='word_1_207' title='bbox 373 2102 610 2179; x_wconf 79' lang='lat' dir='ltr'>negligentiam</span> <span class='ocrx_word' id='word_1_208' title='bbox 640 2102 799 2165; x_wconf 89' lang='lat' dir='ltr'>dicebatis</span> <span class='ocrx_word' id='word_1_209' title='bbox 821 2103 924 2165; x_wconf 85' lang='lat' dir='ltr'>inisse</span> <span class='ocrx_word' id='word_1_210' title='bbox 979 2096 1161 2171; x_wconf 83' lang='lat' dir='ltr'>mulgetum</span> <span class='ocrx_word' id='word_1_211' title='bbox 1177 2099 1210 2158; x_wconf 91' lang='lat' dir='ltr'>et</span> <span class='ocrx_word' id='word_1_212' title='bbox 1223 2097 1265 2157; x_wconf 92' lang='lat' dir='ltr'>ab</span> <span class='ocrx_word' id='word_1_213' title='bbox 1282 2097 1356 2174; x_wconf 88' lang='lat' dir='ltr'>ipso</span> <span class='ocrx_word' id='word_1_214' title='bbox 1371 2097 1527 2174; x_wconf 91' lang='lat' dir='ltr'>episcopo</span> <span class='ocrx_word' id='word_1_215' title='bbox 1544 2097 1774 2174; x_wconf 90' lang='lat' dir='ltr'>approbatum,</span> 
     </span>
     <span class='ocr_line' id='line_1_21' title="bbox 129 2191 1778 2278; baseline 0.004 -18"><span class='ocrx_word' id='word_1_216' title='bbox 129 2197 249 2272; x_wconf 87' lang='lat' dir='ltr'>soluta,</span> <span class='ocrx_word' id='word_1_217' title='bbox 264 2201 296 2262; x_wconf 89' lang='lat' dir='ltr'>et</span> <span class='ocrx_word' id='word_1_218' title='bbox 310 2199 466 2276; x_wconf 83' lang='lat' dir='ltr'>expensis</span> <span class='ocrx_word' id='word_1_219' title='bbox 482 2201 550 2261; x_wconf 91' lang='lat' dir='ltr'>litis</span> <span class='ocrx_word' id='word_1_220' title='bbox 566 2217 639 2278; x_wconf 82' lang='lat' dir='ltr'>quae</span> <span class='ocrx_word' id='word_1_221' title='bbox 661 2200 874 2262; x_wconf 85' lang='lat' dir='ltr'>deduxeratis</span> <span class='ocrx_word' id='word_1_222' title='bbox 890 2201 924 2262; x_wconf 93' lang='lat' dir='ltr'>in</span> <span class='ocrx_word' id='word_1_223' title='bbox 980 2193 1067 2255; x_wconf 72' lang='lat' dir='ltr'>Sicut</span> <span class='ocrx_word' id='word_1_224' title='bbox 1092 2195 1144 2256; x_wconf 68' lang='lat' dir='ltr'>eit</span> <span class='ocrx_word' id='word_1_225' title='bbox 1172 2210 1313 2271; x_wconf 71' lang='lat' dir='ltr'>aequvm,</span> <span class='ocrx_word' id='word_1_226' title='bbox 1343 2195 1377 2256; x_wconf 70' lang='grc' dir='ltr'>θῑ</span> <span class='ocrx_word' id='word_1_227' title='bbox 1404 2191 1594 2256; x_wconf 71' lang='lat' dir='ltr'>eorumdem</span> <span class='ocrx_word' id='word_1_228' title='bbox 1622 2197 1712 2273; x_wconf 73' lang='lat' dir='ltr'>rogis</span> <span class='ocrx_word' id='word_1_229' title='bbox 1744 2199 1778 2259; x_wconf 77' lang='lat' dir='ltr'>et</span> 
     </span>
     <span class='ocr_line' id='line_1_22' title="bbox 113 2291 1777 2376; baseline 0.004 -25"><span class='ocrx_word' id='word_1_230' title='bbox 113 2297 287 2374; x_wconf 70' lang='lat' dir='ltr'>judicium</span> <span class='ocrx_word' id='word_1_231' title='bbox 309 2297 522 2360; x_wconf 76' lang='lat' dir='ltr'>absolvendo,</span> <span class='ocrx_word' id='word_1_232' title='bbox 547 2299 616 2359; x_wconf 81' lang='lat' dir='ltr'>Nos</span> <span class='ocrx_word' id='word_1_233' title='bbox 635 2299 747 2376; x_wconf 68' lang='lat' dir='ltr'>itaquo</span> <span class='ocrx_word' id='word_1_234' title='bbox 771 2299 857 2376; x_wconf 80' lang='lat' dir='ltr'>quod</span> <span class='ocrx_word' id='word_1_235' title='bbox 884 2298 925 2360; x_wconf 78' lang='lat' dir='ltr'>ab</span> <span class='ocrx_word' id='word_1_236' title='bbox 980 2291 1128 2368; x_wconf 89' lang='lat' dir='ltr'>episcopi</span> <span class='ocrx_word' id='word_1_237' title='bbox 1170 2291 1290 2354; x_wconf 89' lang='lat' dir='ltr'>litteris</span> <span class='ocrx_word' id='word_1_238' title='bbox 1329 2293 1538 2366; x_wconf 85' lang='lat' dir='ltr'>continetur,</span> <span class='ocrx_word' id='word_1_239' title='bbox 1579 2296 1777 2357; x_wconf 90' lang='lat' dir='ltr'>auctoritate</span> 
     </span>
     <span class='ocr_line' id='line_1_23' title="bbox 128 2387 1778 2474; baseline -0.001 -19"><span class='ocrx_word' id='word_1_240' title='bbox 128 2394 280 2456; x_wconf 89' lang='lat' dir='ltr'>auditore</span> <span class='ocrx_word' id='word_1_241' title='bbox 303 2391 460 2474; x_wconf 87' lang='lat' dir='ltr'>praedicto</span> <span class='ocrx_word' id='word_1_242' title='bbox 483 2393 727 2457; x_wconf 85' lang='lat' dir='ltr'>sententialiter</span> <span class='ocrx_word' id='word_1_243' title='bbox 747 2395 925 2459; x_wconf 75' lang='lat' dir='ltr'>diffinitum</span> <span class='ocrx_word' id='word_1_244' title='bbox 979 2387 1460 2465; x_wconf 76' lang='lat' dir='ltr'>Apostoli&#39;oaoonflrmamuset</span> <span class='ocrx_word' id='word_1_245' title='bbox 1472 2393 1645 2468; x_wconf 80' lang='lat' dir='ltr'>praesentis</span> <span class='ocrx_word' id='word_1_246' title='bbox 1660 2394 1778 2470; x_wconf 90' lang='lat' dir='ltr'>scripti</span> 
     </span>
     <span class='ocr_line' id='line_1_24' title="bbox 128 2487 1779 2571; baseline 0.001 -21"><span class='ocrx_word' id='word_1_247' title='bbox 128 2491 520 2565; x_wconf 82' lang='lat' dir='ltr'>estratumlrabentes,id</span> <span class='ocrx_word' id='word_1_248' title='bbox 533 2494 924 2571; x_wconf 75' lang='lat' dir='ltr'>auctoritatenpostolica</span> <span class='ocrx_word' id='word_1_249' title='bbox 980 2487 1166 2563; x_wconf 85' lang='lat' dir='ltr'>patrocinio</span> <span class='ocrx_word' id='word_1_250' title='bbox 1193 2487 1446 2548; x_wconf 86' lang='lat' dir='ltr'>communimus.</span> <span class='ocrx_word' id='word_1_251' title='bbox 1465 2489 1513 2549; x_wconf 85' lang='lat' dir='ltr'>Ad</span> <span class='ocrx_word' id='word_1_252' title='bbox 1536 2493 1696 2567; x_wconf 87' lang='lat' dir='ltr'>majorem</span> <span class='ocrx_word' id='word_1_253' title='bbox 1716 2506 1779 2551; x_wconf 89' lang='lat' dir='ltr'>au-</span> 
     </span>
     <span class='ocr_line' id='line_1_25' title="bbox 129 2584 1776 2674; baseline -0.002 -23"><span class='ocrx_word' id='word_1_254' title='bbox 129 2590 373 2662; x_wconf 87' lang='lat' dir='ltr'>coniirmamus,</span> <span class='ocrx_word' id='word_1_255' title='bbox 386 2591 600 2674; x_wconf 77' lang='lat' dir='ltr'>etpraesentis</span> <span class='ocrx_word' id='word_1_256' title='bbox 616 2589 731 2669; x_wconf 90' lang='lat' dir='ltr'>scripti</span> <span class='ocrx_word' id='word_1_257' title='bbox 742 2589 925 2668; x_wconf 86' lang='lat' dir='ltr'>patrocinio</span> <span class='ocrx_word' id='word_1_258' title='bbox 980 2585 1045 2645; x_wconf 89' lang='lat' dir='ltr'>tem</span> <span class='ocrx_word' id='word_1_259' title='bbox 1060 2584 1247 2646; x_wconf 76' lang='lat' dir='ltr'>firmitatem</span> <span class='ocrx_word' id='word_1_260' title='bbox 1263 2584 1411 2645; x_wconf 88' lang='lat' dir='ltr'>tenorem</span> <span class='ocrx_word' id='word_1_261' title='bbox 1427 2585 1612 2648; x_wconf 90' lang='lat' dir='ltr'>litterarum</span> <span class='ocrx_word' id='word_1_262' title='bbox 1628 2588 1776 2667; x_wconf 90' lang='lat' dir='ltr'>ipsarum</span> 
     </span>
     <span class='ocr_line' id='line_1_26' title="bbox 128 2680 1774 2764; baseline 0.001 -16"><span class='ocrx_word' id='word_1_263' title='bbox 128 2687 381 2748; x_wconf 87' lang='lat' dir='ltr'>communimus.</span> <span class='ocrx_word' id='word_1_264' title='bbox 397 2688 490 2749; x_wconf 90' lang='lat' dir='ltr'>Nulli</span> <span class='ocrx_word' id='word_1_265' title='bbox 509 2704 599 2764; x_wconf 83' lang='lat' dir='ltr'>ergo,</span> <span class='ocrx_word' id='word_1_266' title='bbox 617 2689 691 2760; x_wconf 81' lang='lat' dir='ltr'>eto,</span> <span class='ocrx_word' id='word_1_267' title='bbox 709 2689 830 2751; x_wconf 89' lang='lat' dir='ltr'>nostrae</span> <span class='ocrx_word' id='word_1_268' title='bbox 846 2704 927 2750; x_wconf 90' lang='lat' dir='ltr'>con·</span> <span class='ocrx_word' id='word_1_269' title='bbox 981 2680 1200 2757; x_wconf 62' lang='lat' dir='ltr'>praesentibus</span> <span class='ocrx_word' id='word_1_270' title='bbox 1224 2681 1387 2758; x_wconf 74' lang='lat' dir='ltr'>jussimus</span> <span class='ocrx_word' id='word_1_271' title='bbox 1414 2683 1580 2756; x_wconf 75' lang='lat' dir='ltr'>annotari,</span> <span class='ocrx_word' id='word_1_272' title='bbox 1610 2685 1667 2762; x_wconf 83' lang='lat' dir='ltr'>qui</span> <span class='ocrx_word' id='word_1_273' title='bbox 1695 2685 1774 2747; x_wconf 84' lang='lat' dir='ltr'>talis</span> 
     </span>
     <span class='ocr_line' id='line_1_27' title="bbox 128 2780 1052 2864; baseline 0.003 -18"><span class='ocrx_word' id='word_1_274' title='bbox 128 2785 335 2858; x_wconf 82' lang='lat' dir='ltr'>firmationis,</span> <span class='ocrx_word' id='word_1_275' title='bbox 353 2785 415 2848; x_wconf 88' lang='lat' dir='ltr'>etc.</span> <span class='ocrx_word' id='word_1_276' title='bbox 429 2787 463 2847; x_wconf 91' lang='lat' dir='ltr'>Si</span> <span class='ocrx_word' id='word_1_277' title='bbox 478 2786 552 2864; x_wconf 90' lang='lat' dir='ltr'>quis</span> <span class='ocrx_word' id='word_1_278' title='bbox 565 2787 687 2856; x_wconf 83' lang='lat' dir='ltr'>autem,</span> <span class='ocrx_word' id='word_1_279' title='bbox 703 2789 764 2849; x_wconf 75' lang='lat' dir='ltr'>eto</span> <span class='ocrx_word' id='word_1_280' title='bbox 981 2780 1052 2841; x_wconf 75' lang='lat' dir='ltr'>esi:</span> 
     </span>
    </p>
   </div>
   <div class='ocr_carea' id='block_1_3' title="bbox 1716 189 1851 252">
    <p class='ocr_par' dir='ltr' id='par_1_4' title="bbox 1716 189 1851 252">
     <span class='ocr_line' id='line_1_28' title="bbox 1716 189 1851 252; baseline 0 0"><span class='ocrx_word' id='word_1_281' title='bbox 1716 189 1776 252; x_wconf 73' lang='lat' dir='ltr'>tot·</span> <span class='ocrx_word' id='word_1_282' title='bbox 1850 195 1851 200; x_wconf 73' lang='grc'>’</span> 
     </span>
    </p>
   </div>
   <div class='ocr_carea' id='block_1_4' title="bbox 127 2871 927 3059">
    <p class='ocr_par' dir='ltr' id='par_1_5' title="bbox 127 2871 927 3059">
     <span class='ocr_line' id='line_1_29' title="bbox 168 2871 927 2962; baseline 0 -17"><span class='ocrx_word' id='word_1_283' title='bbox 168 2884 286 2945; x_wconf 86' lang='lat' dir='ltr'>Datum</span> <span class='ocrx_word' id='word_1_284' title='bbox 301 2871 461 2960; x_wconf 79' lang='lat' dir='ltr'>Anagniae</span> <span class='ocrx_word' id='word_1_285' title='bbox 477 2884 591 2962; x_wconf 90' lang='lat' dir='ltr'>quinto</span> <span class='ocrx_word' id='word_1_286' title='bbox 604 2884 679 2946; x_wconf 92' lang='lat' dir='ltr'>idus</span> <span class='ocrx_word' id='word_1_287' title='bbox 694 2884 772 2962; x_wconf 93' lang='lat' dir='ltr'>julii</span> <span class='ocrx_word' id='word_1_288' title='bbox 792 2881 927 2962; x_wconf 89' lang='lat' dir='ltr'>pontiti-</span> 
     </span>
     <span class='ocr_line' id='line_1_30' title="bbox 127 2981 571 3059; baseline 0 -17"><span class='ocrx_word' id='word_1_289' title='bbox 127 2981 222 3043; x_wconf 87' lang='lat' dir='ltr'>catus</span> <span class='ocrx_word' id='word_1_290' title='bbox 236 2982 342 3043; x_wconf 89' lang='lat' dir='ltr'>nostri</span> <span class='ocrx_word' id='word_1_291' title='bbox 353 2996 440 3042; x_wconf 91' lang='lat' dir='ltr'>anno</span> <span class='ocrx_word' id='word_1_292' title='bbox 453 2981 571 3059; x_wconf 91' lang='lat' dir='ltr'>primo.</span> 
     </span>
    </p>
   </div>
   <div class='ocr_carea' id='block_1_5' title="bbox 127 3172 928 4128">
    <p class='ocr_par' dir='ltr' id='par_1_6' title="bbox 127 3172 928 4128">
     <span class='ocr_line' id='line_1_31' title="bbox 169 3172 923 3256; baseline 0.003 -18"><span class='ocrx_word' id='word_1_293' title='bbox 169 3179 206 3238; x_wconf 92' lang='lat' dir='ltr'>In</span> <span class='ocrx_word' id='word_1_294' title='bbox 221 3176 372 3239; x_wconf 88' lang='lat' dir='ltr'>eamdem</span> <span class='ocrx_word' id='word_1_295' title='bbox 391 3172 524 3239; x_wconf 86' lang='lat' dir='ltr'>modurn</span> <span class='ocrx_word' id='word_1_296' title='bbox 537 3177 697 3256; x_wconf 89' lang='lat' dir='ltr'>scriptum</span> <span class='ocrx_word' id='word_1_297' title='bbox 714 3176 764 3240; x_wconf 90' lang='lat' dir='ltr'>est</span> <span class='ocrx_word' id='word_1_298' title='bbox 785 3179 923 3250; x_wconf 87' lang='lat' dir='ltr'>decane,</span> 
     </span>
     <span class='ocr_line' id='line_1_32' title="bbox 129 3273 924 3350; baseline 0.004 -17"><span class='ocrx_word' id='word_1_299' title='bbox 129 3274 269 3346; x_wconf 88' lang='lat' dir='ltr'>cantori,</span> <span class='ocrx_word' id='word_1_300' title='bbox 284 3275 319 3336; x_wconf 89' lang='lat' dir='ltr'>et</span> <span class='ocrx_word' id='word_1_301' title='bbox 333 3273 493 3350; x_wconf 78' lang='lat' dir='ltr'>magistro</span> <span class='ocrx_word' id='word_1_302' title='bbox 508 3278 545 3336; x_wconf 82' lang='lat' dir='ltr'>G.</span> <span class='ocrx_word' id='word_1_303' title='bbox 560 3279 653 3337; x_wconf 81' lang='lat' dir='ltr'>Gom.</span> <span class='ocrx_word' id='word_1_304' title='bbox 676 3273 837 3338; x_wconf 89' lang='lat' dir='ltr'>canonico</span> <span class='ocrx_word' id='word_1_305' title='bbox 855 3279 924 3338; x_wconf 86' lang='lat' dir='ltr'>Re-</span> 
     </span>
     <span class='ocr_line' id='line_1_33' title="bbox 128 3371 927 3446; baseline 0.003 -15"><span class='ocrx_word' id='word_1_306' title='bbox 128 3385 216 3432; x_wconf 85' lang='lat' dir='ltr'>men.</span> <span class='ocrx_word' id='word_1_307' title='bbox 232 3385 339 3446; x_wconf 81' lang='lat' dir='ltr'>usque</span> <span class='ocrx_word' id='word_1_308' title='bbox 354 3391 365 3432; x_wconf 79' lang='lat' dir='ltr'>t</span> <span class='ocrx_word' id='word_1_309' title='bbox 383 3371 596 3434; x_wconf 83' lang='lat' dir='ltr'>absolvendo.</span> <span class='ocrx_word' id='word_1_310' title='bbox 623 3373 785 3446; x_wconf 89' lang='lat' dir='ltr'>Quocirca</span> <span class='ocrx_word' id='word_1_311' title='bbox 799 3373 927 3434; x_wconf 89' lang='lat' dir='ltr'>discre-</span> 
     </span>
     <span class='ocr_line' id='line_1_34' title="bbox 128 3467 928 3547; baseline 0 -17"><span class='ocrx_word' id='word_1_312' title='bbox 128 3468 211 3530; x_wconf 92' lang='lat' dir='ltr'>tioni</span> <span class='ocrx_word' id='word_1_313' title='bbox 238 3470 357 3531; x_wconf 77' lang='lat' dir='ltr'>vestrae</span> <span class='ocrx_word' id='word_1_314' title='bbox 381 3485 440 3547; x_wconf 92' lang='lat' dir='ltr'>per</span> <span class='ocrx_word' id='word_1_315' title='bbox 466 3469 657 3546; x_wconf 69' lang='lat' dir='ltr'>apostolica</span> <span class='ocrx_word' id='word_1_316' title='bbox 685 3467 809 3547; x_wconf 88' lang='lat' dir='ltr'>scripta</span> <span class='ocrx_word' id='word_1_317' title='bbox 831 3485 928 3530; x_wconf 89' lang='lat' dir='ltr'>man·</span> 
     </span>
     <span class='ocr_line' id='line_1_35' title="bbox 129 3565 925 3644; baseline 0.004 -19"><span class='ocrx_word' id='word_1_318' title='bbox 129 3565 256 3638; x_wconf 89' lang='lat' dir='ltr'>damus,</span> <span class='ocrx_word' id='word_1_319' title='bbox 273 3568 436 3643; x_wconf 89' lang='lat' dir='ltr'>quatenus</span> <span class='ocrx_word' id='word_1_320' title='bbox 449 3567 535 3644; x_wconf 85' lang='lat' dir='ltr'>quod</span> <span class='ocrx_word' id='word_1_321' title='bbox 551 3566 592 3628; x_wconf 92' lang='lat' dir='ltr'>ab</span> <span class='ocrx_word' id='word_1_322' title='bbox 605 3567 756 3628; x_wconf 89' lang='lat' dir='ltr'>auditore</span> <span class='ocrx_word' id='word_1_323' title='bbox 770 3566 925 3644; x_wconf 85' lang='lat' dir='ltr'>praedicto</span> 
     </span>
     <span class='ocr_line' id='line_1_36' title="bbox 129 3662 927 3741; baseline 0.003 -19"><span class='ocrx_word' id='word_1_324' title='bbox 129 3662 181 3723; x_wconf 90' lang='lat' dir='ltr'>est</span> <span class='ocrx_word' id='word_1_325' title='bbox 190 3663 430 3726; x_wconf 88' lang='lat' dir='ltr'>sententialiter</span> <span class='ocrx_word' id='word_1_326' title='bbox 443 3664 630 3736; x_wconf 77' lang='lat' dir='ltr'>diffinitum,</span> <span class='ocrx_word' id='word_1_327' title='bbox 643 3664 772 3726; x_wconf 83' lang='lat' dir='ltr'>faciatis</span> <span class='ocrx_word' id='word_1_328' title='bbox 784 3664 927 3741; x_wconf 86' lang='lat' dir='ltr'>appella·</span> 
     </span>
     <span class='ocr_line' id='line_1_37' title="bbox 127 3759 925 3839; baseline 0 -17"><span class='ocrx_word' id='word_1_329' title='bbox 127 3759 219 3822; x_wconf 87' lang='lat' dir='ltr'>tione</span> <span class='ocrx_word' id='word_1_330' title='bbox 238 3763 365 3824; x_wconf 85' lang='lat' dir='ltr'>remota</span> <span class='ocrx_word' id='word_1_331' title='bbox 388 3778 643 3839; x_wconf 88' lang='lat' dir='ltr'>percensuram</span> <span class='ocrx_word' id='word_1_332' title='bbox 666 3760 925 3824; x_wconf 88' lang='lat' dir='ltr'>ecclesiasticam</span> 
     </span>
     <span class='ocr_line' id='line_1_38' title="bbox 129 3857 927 3937; baseline 0.003 -19"><span class='ocrx_word' id='word_1_333' title='bbox 129 3857 272 3920; x_wconf 85' lang='lat' dir='ltr'>tirmiter</span> <span class='ocrx_word' id='word_1_334' title='bbox 278 3858 461 3921; x_wconf 84' lang='lat' dir='ltr'>observari.</span> <span class='ocrx_word' id='word_1_335' title='bbox 472 3859 737 3921; x_wconf 83' lang='lat' dir='ltr'>contradictores</span> <span class='ocrx_word' id='word_1_336' title='bbox 749 3859 779 3920; x_wconf 91' lang='lat' dir='ltr'>si</span> <span class='ocrx_word' id='word_1_337' title='bbox 791 3859 846 3937; x_wconf 91' lang='lat' dir='ltr'>qui</span> <span class='ocrx_word' id='word_1_338' title='bbox 860 3859 927 3920; x_wconf 88' lang='lat' dir='ltr'>iue-</span> 
     </span>
     <span class='ocr_line' id='line_1_39' title="bbox 128 3953 928 4034; baseline 0.003 -18"><span class='ocrx_word' id='word_1_339' title='bbox 128 3955 198 4016; x_wconf 86' lang='lat' dir='ltr'>rint</span> <span class='ocrx_word' id='word_1_340' title='bbox 222 3955 276 4017; x_wconf 87' lang='lat' dir='ltr'>vel</span> <span class='ocrx_word' id='word_1_341' title='bbox 306 3953 448 4016; x_wconf 89' lang='lat' dir='ltr'>rebelles</span> <span class='ocrx_word' id='word_1_342' title='bbox 470 3971 611 4016; x_wconf 89' lang='lat' dir='ltr'>censura</span> <span class='ocrx_word' id='word_1_343' title='bbox 646 3955 748 4017; x_wconf 89' lang='lat' dir='ltr'>simili</span> <span class='ocrx_word' id='word_1_344' title='bbox 776 3973 928 4034; x_wconf 91' lang='lat' dir='ltr'>compes-</span> 
     </span>
     <span class='ocr_line' id='line_1_40' title="bbox 130 4051 928 4128; baseline 0.004 -14"><span class='ocrx_word' id='word_1_345' title='bbox 130 4053 253 4114; x_wconf 88' lang='lat' dir='ltr'>centes.</span> <span class='ocrx_word' id='word_1_346' title='bbox 271 4051 363 4124; x_wconf 90' lang='lat' dir='ltr'>Quod</span> <span class='ocrx_word' id='word_1_347' title='bbox 387 4052 503 4114; x_wconf 89' lang='lat' dir='ltr'>sinon</span> <span class='ocrx_word' id='word_1_348' title='bbox 524 4069 650 4128; x_wconf 88' lang='lat' dir='ltr'>omnes,</span> <span class='ocrx_word' id='word_1_349' title='bbox 672 4055 734 4116; x_wconf 85' lang='lat' dir='ltr'>etc.</span> <span class='ocrx_word' id='word_1_350' title='bbox 758 4055 876 4117; x_wconf 89' lang='lat' dir='ltr'>Datum</span> <span class='ocrx_word' id='word_1_351' title='bbox 892 4056 928 4117; x_wconf 91' lang='lat' dir='ltr'>ut</span> 
     </span>
    </p>
   </div>
   <div class='ocr_carea' id='block_1_6' title="bbox 980 2871 1809 4130">
    <p class='ocr_par' dir='ltr' id='par_1_7' title="bbox 980 2871 1809 4130">
     <span class='ocr_line' id='line_1_41' title="bbox 1022 2871 1779 2943; baseline 0.004 -3"><span class='ocrx_word' id='word_1_352' title='bbox 1022 2880 1058 2940; x_wconf 90' lang='lat' dir='ltr'>ln</span> <span class='ocrx_word' id='word_1_353' title='bbox 1082 2878 1215 2940; x_wconf 89' lang='lat' dir='ltr'>nomine</span> <span class='ocrx_word' id='word_1_354' title='bbox 1238 2881 1367 2941; x_wconf 83' lang='lat' dir='ltr'>Sanctae</span> <span class='ocrx_word' id='word_1_355' title='bbox 1389 2882 1423 2942; x_wconf 91' lang='lat' dir='ltr'>et</span> <span class='ocrx_word' id='word_1_356' title='bbox 1437 2880 1617 2943; x_wconf 85' lang='lat' dir='ltr'>individuae</span> <span class='ocrx_word' id='word_1_357' title='bbox 1631 2871 1779 2943; x_wconf 84' lang='lat' dir='ltr'>Trinita-</span> 
     </span>
     <span class='ocr_line' id='line_1_42' title="bbox 980 2976 1778 3055; baseline 0.003 -17"><span class='ocrx_word' id='word_1_358' title='bbox 980 2977 1033 3038; x_wconf 91' lang='lat' dir='ltr'>tis.</span> <span class='ocrx_word' id='word_1_359' title='bbox 1049 2979 1164 3038; x_wconf 88' lang='lat' dir='ltr'>Amen.</span> <span class='ocrx_word' id='word_1_360' title='bbox 1181 2976 1355 3055; x_wconf 88' lang='lat' dir='ltr'>Philippus</span> <span class='ocrx_word' id='word_1_361' title='bbox 1371 2978 1428 3040; x_wconf 86' lang='lat' dir='ltr'>bei</span> <span class='ocrx_word' id='word_1_362' title='bbox 1444 2979 1551 3055; x_wconf 77' lang='lat' dir='ltr'>gratia</span> <span class='ocrx_word' id='word_1_363' title='bbox 1574 2981 1778 3042; x_wconf 80' lang='lat' dir='ltr'>Francorum</span> 
     </span>
     <span class='ocr_line' id='line_1_43' title="bbox 980 3075 1809 3155; baseline 0.006 -21"><span class='ocrx_word' id='word_1_364' title='bbox 980 3089 1051 3136; x_wconf 85' lang='lat' dir='ltr'>rex.</span> <span class='ocrx_word' id='word_1_365' title='bbox 1068 3075 1231 3137; x_wconf 87' lang='lat' dir='ltr'>Norerint</span> <span class='ocrx_word' id='word_1_366' title='bbox 1245 3077 1394 3137; x_wconf 88' lang='lat' dir='ltr'>universi</span> <span class='ocrx_word' id='word_1_367' title='bbox 1413 3077 1595 3155; x_wconf 85' lang='lat' dir='ltr'>praesentes</span> <span class='ocrx_word' id='word_1_368' title='bbox 1610 3077 1735 3154; x_wconf 89' lang='lat' dir='ltr'>pariter</span> <span class='ocrx_word' id='word_1_369' title='bbox 1746 3079 1780 3139; x_wconf 89' lang='lat' dir='ltr'>et</span> <span class='ocrx_word' id='word_1_370' title='bbox 1808 3125 1809 3128; x_wconf 63' lang='lat'>,</span> 
     </span>
     <span class='ocr_line' id='line_1_44' title="bbox 980 3167 1780 3252; baseline 0.006 -20"><span class='ocrx_word' id='word_1_371' title='bbox 980 3167 1095 3245; x_wconf 89' lang='lat' dir='ltr'>iuturi,</span> <span class='ocrx_word' id='word_1_372' title='bbox 1114 3174 1203 3249; x_wconf 88' lang='lat' dir='ltr'>quod</span> <span class='ocrx_word' id='word_1_373' title='bbox 1219 3173 1259 3234; x_wconf 93' lang='lat' dir='ltr'>de</span> <span class='ocrx_word' id='word_1_374' title='bbox 1280 3175 1491 3237; x_wconf 89' lang='lat' dir='ltr'>contentione</span> <span class='ocrx_word' id='word_1_375' title='bbox 1515 3191 1589 3252; x_wconf 87' lang='lat' dir='ltr'>quae</span> <span class='ocrx_word' id='word_1_376' title='bbox 1604 3177 1677 3238; x_wconf 88' lang='lat' dir='ltr'>erat</span> <span class='ocrx_word' id='word_1_377' title='bbox 1691 3176 1780 3238; x_wconf 89' lang='lat' dir='ltr'>inter</span> 
     </span>
     <span class='ocr_line' id='line_1_45' title="bbox 980 3271 1779 3347; baseline 0.009 -17"><span class='ocrx_word' id='word_1_378' title='bbox 980 3271 1172 3347; x_wconf 88' lang='lat' dir='ltr'>episcopum</span> <span class='ocrx_word' id='word_1_379' title='bbox 1207 3273 1340 3333; x_wconf 88' lang='lat' dir='ltr'>Petrum</span> <span class='ocrx_word' id='word_1_380' title='bbox 1373 3273 1598 3334; x_wconf 88' lang='lat' dir='ltr'>Parisiensem</span> <span class='ocrx_word' id='word_1_381' title='bbox 1635 3290 1679 3336; x_wconf 81' lang='lat' dir='ltr'>ex</span> <span class='ocrx_word' id='word_1_382' title='bbox 1712 3291 1779 3337; x_wconf 87' lang='lat' dir='ltr'>una</span> 
     </span>
     <span class='ocr_line' id='line_1_46' title="bbox 981 3367 1779 3449; baseline 0.006 -22"><span class='ocrx_word' id='word_1_383' title='bbox 981 3367 1135 3444; x_wconf 90' lang='lat' dir='ltr'>parte,et</span> <span class='ocrx_word' id='word_1_384' title='bbox 1152 3367 1350 3430; x_wconf 88' lang='lat' dir='ltr'>abbatemet</span> <span class='ocrx_word' id='word_1_385' title='bbox 1374 3370 1554 3430; x_wconf 91' lang='lat' dir='ltr'>monachos</span> <span class='ocrx_word' id='word_1_386' title='bbox 1575 3373 1611 3431; x_wconf 91' lang='lat' dir='ltr'>B.</span> <span class='ocrx_word' id='word_1_387' title='bbox 1629 3370 1779 3449; x_wconf 83' lang='lat' dir='ltr'>Dionysii</span> 
     </span>
     <span class='ocr_line' id='line_1_47' title="bbox 981 3465 1779 3544; baseline 0.008 -19"><span class='ocrx_word' id='word_1_388' title='bbox 981 3479 1024 3525; x_wconf 83' lang='lat' dir='ltr'>ex</span> <span class='ocrx_word' id='word_1_389' title='bbox 1038 3465 1154 3536; x_wconf 89' lang='lat' dir='ltr'>altera,</span> <span class='ocrx_word' id='word_1_390' title='bbox 1171 3479 1272 3542; x_wconf 86' lang='lat' dir='ltr'>super</span> <span class='ocrx_word' id='word_1_391' title='bbox 1286 3481 1325 3527; x_wconf 88' lang='lat' dir='ltr'>eo</span> <span class='ocrx_word' id='word_1_392' title='bbox 1348 3467 1434 3542; x_wconf 91' lang='lat' dir='ltr'>quod</span> <span class='ocrx_word' id='word_1_393' title='bbox 1453 3467 1628 3544; x_wconf 91' lang='lat' dir='ltr'>episcopus</span> <span class='ocrx_word' id='word_1_394' title='bbox 1648 3468 1779 3531; x_wconf 88' lang='lat' dir='ltr'>dicebat</span> 
     </span>
     <span class='ocr_line' id='line_1_48' title="bbox 981 3561 1778 3643; baseline 0.005 -21"><span class='ocrx_word' id='word_1_395' title='bbox 981 3561 1146 3622; x_wconf 89' lang='lat' dir='ltr'>nundinas</span> <span class='ocrx_word' id='word_1_396' title='bbox 1159 3562 1274 3624; x_wconf 89' lang='lat' dir='ltr'>indicti</span> <span class='ocrx_word' id='word_1_397' title='bbox 1288 3579 1353 3622; x_wconf 91' lang='lat' dir='ltr'>non</span> <span class='ocrx_word' id='word_1_398' title='bbox 1366 3563 1486 3624; x_wconf 90' lang='lat' dir='ltr'>debere</span> <span class='ocrx_word' id='word_1_399' title='bbox 1500 3563 1623 3625; x_wconf 90' lang='lat' dir='ltr'>durare</span> <span class='ocrx_word' id='word_1_400' title='bbox 1638 3564 1703 3626; x_wconf 91' lang='lat' dir='ltr'>nisi</span> <span class='ocrx_word' id='word_1_401' title='bbox 1718 3582 1778 3643; x_wconf 92' lang='lat' dir='ltr'>per</span> 
     </span>
     <span class='ocr_line' id='line_1_49' title="bbox 980 3657 1779 3731; baseline 0.008 -13"><span class='ocrx_word' id='word_1_402' title='bbox 980 3659 1048 3719; x_wconf 88' lang='lat' dir='ltr'>tres</span> <span class='ocrx_word' id='word_1_403' title='bbox 1076 3657 1149 3719; x_wconf 90' lang='lat' dir='ltr'>dies</span> <span class='ocrx_word' id='word_1_404' title='bbox 1178 3675 1198 3720; x_wconf 90' lang='lat' dir='ltr'>a</span> <span class='ocrx_word' id='word_1_405' title='bbox 1228 3659 1283 3720; x_wconf 92' lang='lat' dir='ltr'>die</span> <span class='ocrx_word' id='word_1_406' title='bbox 1315 3658 1574 3731; x_wconf 84' lang='lat' dir='ltr'>benedictionis,</span> <span class='ocrx_word' id='word_1_407' title='bbox 1607 3663 1779 3724; x_wconf 89' lang='lat' dir='ltr'>monachis</span> 
     </span>
     <span class='ocr_line' id='line_1_50' title="bbox 981 3756 1779 3835; baseline 0.006 -18"><span class='ocrx_word' id='word_1_408' title='bbox 981 3757 1117 3818; x_wconf 88' lang='lat' dir='ltr'>econtra</span> <span class='ocrx_word' id='word_1_409' title='bbox 1132 3756 1358 3818; x_wconf 87' lang='lat' dir='ltr'>asserentibus</span> <span class='ocrx_word' id='word_1_410' title='bbox 1373 3757 1460 3835; x_wconf 90' lang='lat' dir='ltr'>quod</span> <span class='ocrx_word' id='word_1_411' title='bbox 1475 3758 1638 3822; x_wconf 90' lang='lat' dir='ltr'>debebant</span> <span class='ocrx_word' id='word_1_412' title='bbox 1657 3760 1779 3822; x_wconf 89' lang='lat' dir='ltr'>durare</span> 
     </span>
     <span class='ocr_line' id='line_1_51' title="bbox 982 3854 1776 3945; baseline 0.009 -32"><span class='ocrx_word' id='word_1_413' title='bbox 982 3854 1140 3931; x_wconf 89' lang='lat' dir='ltr'>quantum</span> <span class='ocrx_word' id='word_1_414' title='bbox 1155 3854 1231 3917; x_wconf 84' lang='lat' dir='ltr'>aliae</span> <span class='ocrx_word' id='word_1_415' title='bbox 1255 3855 1413 3917; x_wconf 76' lang='lat' dir='ltr'>nundinae</span> <span class='ocrx_word' id='word_1_416' title='bbox 1436 3857 1601 3945; x_wconf 86' lang='lat' dir='ltr'>solemnes</span> <span class='ocrx_word' id='word_1_417' title='bbox 1629 3857 1776 3921; x_wconf 89' lang='lat' dir='ltr'>durant:</span> 
     </span>
     <span class='ocr_line' id='line_1_52' title="bbox 981 3953 1778 4032; baseline 0.004 -18"><span class='ocrx_word' id='word_1_418' title='bbox 981 3953 1121 4029; x_wconf 88' lang='lat' dir='ltr'>utraque</span> <span class='ocrx_word' id='word_1_419' title='bbox 1140 3969 1217 4030; x_wconf 89' lang='lat' dir='ltr'>pars</span> <span class='ocrx_word' id='word_1_420' title='bbox 1241 3953 1275 4014; x_wconf 93' lang='lat' dir='ltr'>in</span> <span class='ocrx_word' id='word_1_421' title='bbox 1291 3969 1352 4014; x_wconf 91' lang='lat' dir='ltr'>nos</span> <span class='ocrx_word' id='word_1_422' title='bbox 1374 3955 1683 4032; x_wconf 87' lang='lat' dir='ltr'>compromiserunt.</span> <span class='ocrx_word' id='word_1_423' title='bbox 1709 3957 1778 4019; x_wconf 92' lang='lat' dir='ltr'>Nos</span> 
     </span>
     <span class='ocr_line' id='line_1_53' title="bbox 981 4049 1775 4130; baseline 0.009 -21"><span class='ocrx_word' id='word_1_424' title='bbox 981 4064 1071 4125; x_wconf 83' lang='lat' dir='ltr'>erge,</span> <span class='ocrx_word' id='word_1_425' title='bbox 1088 4049 1303 4127; x_wconf 87' lang='lat' dir='ltr'>inquisitione</span> <span class='ocrx_word' id='word_1_426' title='bbox 1314 4051 1400 4114; x_wconf 87' lang='lat' dir='ltr'>iacta</span> <span class='ocrx_word' id='word_1_427' title='bbox 1416 4067 1517 4129; x_wconf 90' lang='lat' dir='ltr'>super</span> <span class='ocrx_word' id='word_1_428' title='bbox 1528 4054 1591 4115; x_wconf 89' lang='lat' dir='ltr'>hoo</span> <span class='ocrx_word' id='word_1_429' title='bbox 1611 4053 1775 4130; x_wconf 83' lang='lat' dir='ltr'>diligenti,</span> 
     </span>
    </p>
   </div>
   <div class='ocr_carea' id='block_1_7' title="bbox 77 4147 1782 5500">
    <p class='ocr_par' dir='ltr' id='par_1_8' title="bbox 77 4147 1780 4326">
     <span class='ocr_line' id='line_1_54' title="bbox 77 4147 1777 4229; baseline 0.002 -19"><span class='ocrx_word' id='word_1_430' title='bbox 77 4201 82 4210; x_wconf 93' lang='lat'>.</span> <span class='ocrx_word' id='word_1_431' title='bbox 130 4165 241 4226; x_wconf 90' lang='lat' dir='ltr'>supra.</span> <span class='ocrx_word' id='word_1_432' title='bbox 982 4147 1196 4222; x_wconf 83' lang='lat' dir='ltr'>cognorimus</span> <span class='ocrx_word' id='word_1_433' title='bbox 1219 4149 1253 4210; x_wconf 90' lang='lat' dir='ltr'>et</span> <span class='ocrx_word' id='word_1_434' title='bbox 1277 4147 1422 4210; x_wconf 79' lang='lat' dir='ltr'>diximus</span> <span class='ocrx_word' id='word_1_435' title='bbox 1444 4149 1567 4211; x_wconf 88' lang='lat' dir='ltr'>dictum</span> <span class='ocrx_word' id='word_1_436' title='bbox 1587 4153 1777 4229; x_wconf 90' lang='lat' dir='ltr'>episcopum</span> 
     </span>
     <span class='ocr_line' id='line_1_55' title="bbox 206 4244 1780 4326; baseline 0.007 -27"><span class='ocrx_word' id='word_1_437' title='bbox 206 4271 209 4276; x_wconf 93' lang='lat'><em>·</em></span> <span class='ocrx_word' id='word_1_438' title='bbox 982 4244 1204 4306; x_wconf 90' lang='lat' dir='ltr'>Parisiensem</span> <span class='ocrx_word' id='word_1_439' title='bbox 1220 4245 1255 4306; x_wconf 93' lang='lat' dir='ltr'>in</span> <span class='ocrx_word' id='word_1_440' title='bbox 1271 4245 1334 4306; x_wconf 88' lang='lat' dir='ltr'>hac</span> <span class='ocrx_word' id='word_1_441' title='bbox 1349 4247 1484 4323; x_wconf 87' lang='lat' dir='ltr'>querela</span> <span class='ocrx_word' id='word_1_442' title='bbox 1499 4248 1627 4308; x_wconf 93' lang='lat' dir='ltr'>nullum</span> <span class='ocrx_word' id='word_1_443' title='bbox 1642 4251 1701 4326; x_wconf 89' lang='lat' dir='ltr'>jus</span> <span class='ocrx_word' id='word_1_444' title='bbox 1717 4249 1780 4310; x_wconf 93' lang='lat' dir='ltr'>ba-</span> 
     </span>
    </p>

    <p class='ocr_par' dir='ltr' id='par_1_9' title="bbox 130 4342 1782 5500">
     <span class='ocr_line' id='line_1_56' title="bbox 981 4342 1778 4423; baseline 0.006 -20"><span class='ocrx_word' id='word_1_445' title='bbox 981 4342 1070 4415; x_wconf 88' lang='lat' dir='ltr'>bere,</span> <span class='ocrx_word' id='word_1_446' title='bbox 1100 4343 1186 4404; x_wconf 90' lang='lat' dir='ltr'>unde</span> <span class='ocrx_word' id='word_1_447' title='bbox 1212 4342 1299 4404; x_wconf 91' lang='lat' dir='ltr'>idern</span> <span class='ocrx_word' id='word_1_448' title='bbox 1336 4343 1509 4422; x_wconf 89' lang='lat' dir='ltr'>episeopus</span> <span class='ocrx_word' id='word_1_449' title='bbox 1536 4343 1677 4423; x_wconf 81' lang='lat' dir='ltr'>quitavit</span> <span class='ocrx_word' id='word_1_450' title='bbox 1704 4363 1778 4409; x_wconf 89' lang='lat' dir='ltr'>eam</span> 
     </span>
     <span class='ocr_line' id='line_1_57' title="bbox 982 4439 1778 4524; baseline 0.008 -23"><span class='ocrx_word' id='word_1_451' title='bbox 982 4456 1094 4502; x_wconf 90' lang='lat' dir='ltr'>coram</span> <span class='ocrx_word' id='word_1_452' title='bbox 1118 4439 1214 4503; x_wconf 90' lang='lat' dir='ltr'>nobis</span> <span class='ocrx_word' id='word_1_453' title='bbox 1228 4441 1265 4501; x_wconf 90' lang='lat' dir='ltr'>in</span> <span class='ocrx_word' id='word_1_454' title='bbox 1285 4443 1481 4519; x_wconf 90' lang='lat' dir='ltr'>perpetuum</span> <span class='ocrx_word' id='word_1_455' title='bbox 1501 4445 1673 4508; x_wconf 85' lang='lat' dir='ltr'>monachis</span> <span class='ocrx_word' id='word_1_456' title='bbox 1688 4461 1778 4524; x_wconf 85' lang='lat' dir='ltr'>pree·</span> 
     </span>
     <span class='ocr_line' id='line_1_58' title="bbox 982 4539 1779 4621; baseline 0.008 -21"><span class='ocrx_word' id='word_1_457' title='bbox 982 4539 1124 4600; x_wconf 82' lang='lat' dir='ltr'>taxatis:</span> <span class='ocrx_word' id='word_1_458' title='bbox 1148 4539 1194 4600; x_wconf 89' lang='lat' dir='ltr'>ita</span> <span class='ocrx_word' id='word_1_459' title='bbox 1214 4539 1300 4617; x_wconf 89' lang='lat' dir='ltr'>quod</span> <span class='ocrx_word' id='word_1_460' title='bbox 1316 4555 1423 4617; x_wconf 91' lang='lat' dir='ltr'>neque</span> <span class='ocrx_word' id='word_1_461' title='bbox 1446 4541 1518 4618; x_wconf 92' lang='lat' dir='ltr'>ipse</span> <span class='ocrx_word' id='word_1_462' title='bbox 1542 4541 1719 4621; x_wconf 90' lang='lat' dir='ltr'>episcopus</span> <span class='ocrx_word' id='word_1_463' title='bbox 1738 4543 1779 4606; x_wconf 90' lang='lat' dir='ltr'>de</span> 
     </span>
     <span class='ocr_line' id='line_1_59' title="bbox 982 4636 1778 4722; baseline 0.01 -25"><span class='ocrx_word' id='word_1_464' title='bbox 982 4636 1114 4705; x_wconf 71' lang='lat' dir='ltr'>caetero,</span> <span class='ocrx_word' id='word_1_465' title='bbox 1148 4651 1255 4714; x_wconf 87' lang='lat' dir='ltr'>neque</span> <span class='ocrx_word' id='word_1_466' title='bbox 1283 4653 1494 4700; x_wconf 86' lang='lat' dir='ltr'>successores</span> <span class='ocrx_word' id='word_1_467' title='bbox 1521 4643 1592 4716; x_wconf 88' lang='lat' dir='ltr'>ejus</span> <span class='ocrx_word' id='word_1_468' title='bbox 1630 4641 1778 4722; x_wconf 87' lang='lat' dir='ltr'>episcopi</span> 
     </span>
     <span class='ocr_line' id='line_1_60' title="bbox 983 4733 1779 4817; baseline 0.009 -22"><span class='ocrx_word' id='word_1_469' title='bbox 983 4733 1189 4796; x_wconf 89' lang='lat' dir='ltr'>Parisienses</span> <span class='ocrx_word' id='word_1_470' title='bbox 1209 4733 1245 4796; x_wconf 90' lang='lat' dir='ltr'>in</span> <span class='ocrx_word' id='word_1_471' title='bbox 1264 4734 1328 4796; x_wconf 91' lang='lat' dir='ltr'>boc</span> <span class='ocrx_word' id='word_1_472' title='bbox 1351 4735 1478 4814; x_wconf 90' lang='lat' dir='ltr'>aliquid</span> <span class='ocrx_word' id='word_1_473' title='bbox 1494 4738 1648 4817; x_wconf 89' lang='lat' dir='ltr'>poterunt</span> <span class='ocrx_word' id='word_1_474' title='bbox 1666 4741 1779 4802; x_wconf 87' lang='lat' dir='ltr'>reela·-</span> 
     </span>
     <span class='ocr_line' id='line_1_61' title="bbox 983 4832 1779 4899; baseline 0.009 -7"><span class='ocrx_word' id='word_1_475' title='bbox 983 4847 1074 4894; x_wconf 88' lang='lat' dir='ltr'>mare</span> <span class='ocrx_word' id='word_1_476' title='bbox 1101 4847 1110 4893; x_wconf 90' lang='lat'>:</span> <span class='ocrx_word' id='word_1_477' title='bbox 1134 4832 1212 4894; x_wconf 86' lang='lat' dir='ltr'>dieti</span> <span class='ocrx_word' id='word_1_478' title='bbox 1245 4849 1326 4895; x_wconf 82' lang='lat' dir='ltr'>vero</span> <span class='ocrx_word' id='word_1_479' title='bbox 1359 4834 1515 4897; x_wconf 87' lang='lat' dir='ltr'>monachi</span> <span class='ocrx_word' id='word_1_480' title='bbox 1550 4835 1670 4899; x_wconf 89' lang='lat' dir='ltr'>debent</span> <span class='ocrx_word' id='word_1_481' title='bbox 1703 4837 1779 4899; x_wconf 89' lang='lat' dir='ltr'>illas</span> 
     </span>
     <span class='ocr_line' id='line_1_62' title="bbox 130 4907 1780 5011; baseline 0.011 -35"><span class='ocrx_word' id='word_1_482' title='bbox 130 4907 927 4991; x_wconf 81' lang='lat' dir='ltr'>Coniirmatpaetumquodintervenitinterconventum</span> <span class='ocrx_word' id='word_1_483' title='bbox 982 4929 1149 4992; x_wconf 85' lang='lat' dir='ltr'>nundinas</span> <span class='ocrx_word' id='word_1_484' title='bbox 1171 4930 1285 4993; x_wconf 87' lang='lat' dir='ltr'>tenere</span> <span class='ocrx_word' id='word_1_485' title='bbox 1309 4931 1350 4991; x_wconf 89' lang='lat' dir='ltr'>ad</span> <span class='ocrx_word' id='word_1_486' title='bbox 1377 4932 1632 4994; x_wconf 85' lang='lat' dir='ltr'>consuetudines</span> <span class='ocrx_word' id='word_1_487' title='bbox 1661 4934 1780 5011; x_wconf 88' lang='lat' dir='ltr'>quibus</span> 
     </span>
     <span class='ocr_line' id='line_1_63' title="bbox 168 5005 1782 5108; baseline 0.008 -29"><span class='ocrx_word' id='word_1_488' title='bbox 168 5006 197 5064; x_wconf 88' lang='lat' dir='ltr'>S.</span> <span class='ocrx_word' id='word_1_489' title='bbox 213 5005 343 5080; x_wconf 75' lang='lat' dir='ltr'>Dionysii</span> <span class='ocrx_word' id='word_1_490' title='bbox 357 5013 385 5064; x_wconf 73' lang='lat'>0¹</span> <span class='ocrx_word' id='word_1_491' title='bbox 398 5008 564 5082; x_wconf 67' lang='lat' dir='ltr'>elii⁸⁰⁰li¹¹¹¹¹</span> <span class='ocrx_word' id='word_1_492' title='bbox 582 5011 774 5072; x_wconf 64' lang='lat' dir='ltr'>Pirisiflnwffl</span> <span class='ocrx_word' id='word_1_493' title='bbox 789 5014 825 5072; x_wconf 72' lang='lat' dir='ltr'>de</span> <span class='ocrx_word' id='word_1_494' title='bbox 840 5014 925 5071; x_wconf 66' lang='lat' dir='ltr'>diiii·</span> <span class='ocrx_word' id='word_1_495' title='bbox 982 5026 1117 5088; x_wconf 84' lang='lat' dir='ltr'>luerunt</span> <span class='ocrx_word' id='word_1_496' title='bbox 1133 5041 1239 5104; x_wconf 89' lang='lat' dir='ltr'>usque</span> <span class='ocrx_word' id='word_1_497' title='bbox 1255 5027 1363 5091; x_wconf 93' lang='lat' dir='ltr'>modo.</span> <span class='ocrx_word' id='word_1_498' title='bbox 1381 5029 1547 5091; x_wconf 80' lang='lat' dir='ltr'>utentem</span> <span class='ocrx_word' id='word_1_499' title='bbox 1563 5029 1683 5092; x_wconf 91' lang='lat' dir='ltr'>dictam</span> <span class='ocrx_word' id='word_1_500' title='bbox 1704 5032 1782 5108; x_wconf 87' lang='lat' dir='ltr'>qui-</span> 
     </span>
     <span class='ocr_line' id='line_1_64' title="bbox 166 5094 1778 5204; baseline 0.007 -24"><span class='ocrx_word' id='word_1_501' title='bbox 166 5095 245 5153; x_wconf 56' lang='grc' dir='ltr'><strong>Μ</strong></span> <span class='ocrx_word' id='word_1_502' title='bbox 269 5094 471 5165; x_wconf 55' lang='lat' dir='ltr'>”undinafunb</span> <span class='ocrx_word' id='word_1_503' title='bbox 499 5098 686 5200; x_wconf 55' lang='lat' dir='ltr'>⁸PPPP¹3⁸⁸⁰¹¹¹</span> <span class='ocrx_word' id='word_1_504' title='bbox 714 5109 743 5158; x_wconf 73' lang='lat'>⁰¹</span> <span class='ocrx_word' id='word_1_505' title='bbox 762 5103 927 5176; x_wconf 61' lang='lat' dir='ltr'>⁹⁹⁰¹¹¹¹¹¹ss³·</span> <span class='ocrx_word' id='word_1_506' title='bbox 982 5123 1152 5196; x_wconf 88' lang='lat' dir='ltr'>tationem,</span> <span class='ocrx_word' id='word_1_507' title='bbox 1182 5124 1261 5201; x_wconf 82' lang='lat' dir='ltr'>qiua</span> <span class='ocrx_word' id='word_1_508' title='bbox 1288 5125 1339 5186; x_wconf 90' lang='lat' dir='ltr'>est</span> <span class='ocrx_word' id='word_1_509' title='bbox 1366 5125 1406 5188; x_wconf 90' lang='lat' dir='ltr'>de</span> <span class='ocrx_word' id='word_1_510' title='bbox 1437 5126 1605 5202; x_wconf 84' lang='lat' dir='ltr'>regalibus</span> <span class='ocrx_word' id='word_1_511' title='bbox 1633 5129 1778 5204; x_wconf 89' lang='lat' dir='ltr'>nostris,</span> 
     </span>
     <span class='ocr_line' id='line_1_65' title="bbox 166 5183 1777 5305; baseline 0.008 -28"><span class='ocrx_word' id='word_1_512' title='bbox 166 5191 237 5286; x_wconf 70' lang='lat'><strong>¹⁰⁰¹!</strong></span> <span class='ocrx_word' id='word_1_513' title='bbox 253 5183 289 5242; x_wconf 54' lang='grc' dir='ltr'>’ὴ</span> <span class='ocrx_word' id='word_1_514' title='bbox 304 5192 424 5258; x_wconf 57' lang='lat' dir='ltr'>”mm</span> <span class='ocrx_word' id='word_1_515' title='bbox 438 5192 518 5258; x_wconf 51' lang='grc' dir='ltr'>ΡΜ</span> <span class='ocrx_word' id='word_1_516' title='bbox 530 5185 660 5260; x_wconf 63' lang='lat' dir='ltr'><strong>Ph¹¹¹¹³⁹⁰</strong></span> <span class='ocrx_word' id='word_1_517' title='bbox 675 5203 744 5263; x_wconf 69' lang='lat'>&#39;⁹⁸⁰</span> <span class='ocrx_word' id='word_1_518' title='bbox 754 5192 928 5250; x_wconf 59' lang='lat' dir='ltr'>mmm</span> <span class='ocrx_word' id='word_1_519' title='bbox 984 5222 1268 5294; x_wconf 78' lang='lat' dir='ltr'>confirmaremus,</span> <span class='ocrx_word' id='word_1_520' title='bbox 1281 5221 1388 5284; x_wconf 91' lang='lat' dir='ltr'>dictus</span> <span class='ocrx_word' id='word_1_521' title='bbox 1406 5223 1580 5303; x_wconf 86' lang='lat' dir='ltr'>episcopus</span> <span class='ocrx_word' id='word_1_522' title='bbox 1595 5241 1657 5288; x_wconf 89' lang='lat' dir='ltr'>nos</span> <span class='ocrx_word' id='word_1_523' title='bbox 1674 5242 1777 5305; x_wconf 80' lang='lat' dir='ltr'>roga-</span> 
     </span>
     <span class='ocr_line' id='line_1_66' title="bbox 168 5273 1777 5398; baseline 0.007 -24"><span class='ocrx_word' id='word_1_524' title='bbox 168 5273 273 5330; x_wconf 60' lang='lat' dir='ltr'>”bm</span> <span class='ocrx_word' id='word_1_525' title='bbox 288 5275 390 5332; x_wconf 62' lang='lat' dir='ltr'>⁰¹²⁰w‘</span> <span class='ocrx_word' id='word_1_526' title='bbox 983 5320 1041 5381; x_wconf 87' lang='lat' dir='ltr'>vit.</span> <span class='ocrx_word' id='word_1_527' title='bbox 1058 5321 1126 5382; x_wconf 92' lang='lat' dir='ltr'>Nos</span> <span class='ocrx_word' id='word_1_528' title='bbox 1141 5335 1233 5388; x_wconf 86' lang='lat' dir='ltr'>vero,</span> <span class='ocrx_word' id='word_1_529' title='bbox 1248 5319 1325 5397; x_wconf 90' lang='lat' dir='ltr'>quia</span> <span class='ocrx_word' id='word_1_530' title='bbox 1340 5320 1391 5381; x_wconf 86' lang='lat' dir='ltr'>est</span> <span class='ocrx_word' id='word_1_531' title='bbox 1402 5320 1443 5381; x_wconf 92' lang='lat' dir='ltr'>de</span> <span class='ocrx_word' id='word_1_532' title='bbox 1456 5321 1624 5398; x_wconf 82' lang='lat' dir='ltr'>regalibus</span> <span class='ocrx_word' id='word_1_533' title='bbox 1642 5324 1777 5398; x_wconf 88' lang='lat' dir='ltr'>nostris,</span> 
     </span>
     <span class='ocr_line' id='line_1_67' title="bbox 173 5409 1779 5500; baseline 0.009 -31"><span class='ocrx_word' id='word_1_534' title='bbox 173 5409 340 5470; x_wconf 88' lang='lat' dir='ltr'>Honorius</span> <span class='ocrx_word' id='word_1_535' title='bbox 355 5410 530 5490; x_wconf 86' lang='lat' dir='ltr'>episcopus</span> <span class='ocrx_word' id='word_1_536' title='bbox 545 5427 662 5474; x_wconf 88' lang='lat' dir='ltr'>servus</span> <span class='ocrx_word' id='word_1_537' title='bbox 674 5427 845 5474; x_wconf 87' lang='lat' dir='ltr'>serrorum</span> <span class='ocrx_word' id='word_1_538' title='bbox 857 5416 926 5489; x_wconf 86' lang='lat' dir='ltr'>Dei,</span> <span class='ocrx_word' id='word_1_539' title='bbox 983 5415 1024 5477; x_wconf 93' lang='lat' dir='ltr'>ad</span> <span class='ocrx_word' id='word_1_540' title='bbox 1041 5417 1234 5494; x_wconf 89' lang='lat' dir='ltr'>petitionem</span> <span class='ocrx_word' id='word_1_541' title='bbox 1250 5417 1354 5494; x_wconf 90' lang='lat' dir='ltr'>ipsius</span> <span class='ocrx_word' id='word_1_542' title='bbox 1368 5419 1515 5497; x_wconf 89' lang='lat' dir='ltr'>episcopi</span> <span class='ocrx_word' id='word_1_543' title='bbox 1533 5419 1653 5483; x_wconf 88' lang='lat' dir='ltr'>dictam</span> <span class='ocrx_word' id='word_1_544' title='bbox 1668 5421 1779 5500; x_wconf 90' lang='lat' dir='ltr'>quita-</span> 
     </span>
    </p>
   </div>
   <div class='ocr_carea' id='block_1_8' title="bbox 132 5503 1779 5708">
    <p class='ocr_par' dir='ltr' id='par_1_10' title="bbox 132 5503 1779 5708">
     <span class='ocr_line' id='line_1_68' title="bbox 132 5503 1779 5594; baseline 0.012 -30"><span class='ocrx_word' id='word_1_545' title='bbox 132 5503 262 5569; x_wconf 88' lang='lat' dir='ltr'>dilectis</span> <span class='ocrx_word' id='word_1_546' title='bbox 288 5507 367 5570; x_wconf 90' lang='lat' dir='ltr'>tiliis</span> <span class='ocrx_word' id='word_1_547' title='bbox 397 5507 509 5571; x_wconf 91' lang='lat' dir='ltr'>abbati</span> <span class='ocrx_word' id='word_1_548' title='bbox 541 5511 577 5576; x_wconf 90' lang='lat' dir='ltr'>et</span> <span class='ocrx_word' id='word_1_549' title='bbox 607 5511 786 5573; x_wconf 81' lang='lat' dir='ltr'>conventui</span> <span class='ocrx_word' id='word_1_550' title='bbox 816 5513 928 5576; x_wconf 89' lang='lat' dir='ltr'>Sancti</span> <span class='ocrx_word' id='word_1_551' title='bbox 983 5515 1108 5578; x_wconf 91' lang='lat' dir='ltr'>tionem</span> <span class='ocrx_word' id='word_1_552' title='bbox 1118 5517 1152 5577; x_wconf 91' lang='lat' dir='ltr'>et</span> <span class='ocrx_word' id='word_1_553' title='bbox 1161 5515 1285 5578; x_wconf 88' lang='lat' dir='ltr'>dietum</span> <span class='ocrx_word' id='word_1_554' title='bbox 1294 5517 1425 5594; x_wconf 90' lang='lat' dir='ltr'>pactum</span> <span class='ocrx_word' id='word_1_555' title='bbox 1436 5517 1671 5582; x_wconf 79' lang='lat' dir='ltr'>confirmamus</span> <span class='ocrx_word' id='word_1_556' title='bbox 1686 5521 1779 5584; x_wconf 87' lang='lat' dir='ltr'>salvo</span> 
     </span>
     <span class='ocr_line' id='line_1_69' title="bbox 258 5643 1622 5708; baseline 0.01 -14"><span class='ocrx_word' id='word_1_557' title='bbox 258 5649 372 5697; x_wconf 77' lang='lat' dir='ltr'>remon.</span> <span class='ocrx_word' id='word_1_558' title='bbox 391 5653 465 5697; x_wconf 75' lang='lat' dir='ltr'>rous</span> <span class='ocrx_word' id='word_1_559' title='bbox 479 5643 515 5700; x_wconf 88' lang='lat' dir='ltr'>ll.</span> <span class='ocrx_word' id='word_1_560' title='bbox 1587 5649 1622 5708; x_wconf 77' lang='lat' dir='ltr'>ld</span> 
     </span>
    </p>
   </div>
   <div class='ocr_carea' id='block_1_9' title="bbox 116 4443 925 4606">
    <p class='ocr_par' dir='ltr' id='par_1_11' title="bbox 116 4443 925 4606">
     <span class='ocr_line' id='line_1_70' title="bbox 116 4443 925 4523; baseline 0.007 -20"><span class='ocrx_word' id='word_1_561' title='bbox 116 4445 181 4504; x_wconf 65' lang='lat' dir='ltr'>..ld</span> <span class='ocrx_word' id='word_1_562' title='bbox 194 4445 348 4506; x_wconf 83' lang='lat' dir='ltr'>abbatem</span> <span class='ocrx_word' id='word_1_563' title='bbox 362 4443 612 4508; x_wconf 81' lang='lat' dir='ltr'>etconveniem</span> <span class='ocrx_word' id='word_1_564' title='bbox 627 4448 747 4520; x_wconf 74' lang='lat' dir='ltr'>Soracte·</span> <span class='ocrx_word' id='word_1_565' title='bbox 758 4449 925 4523; x_wconf 79' lang='lat' dir='ltr'>Dionpstt,</span> 
     </span>
     <span class='ocr_line' id='line_1_71' title="bbox 326 4545 722 4606; baseline 0.005 -2"><span class='ocrx_word' id='word_1_566' title='bbox 326 4545 483 4606; x_wconf 83' lang='lat' dir='ltr'>dtoecests</span> <span class='ocrx_word' id='word_1_567' title='bbox 495 4547 722 4606; x_wconf 74' lang='lat' dir='ltr'>Partstensts.</span> 
     </span>
    </p>
   </div>
   <div class='ocr_carea' id='block_1_10' title="bbox 162 4643 896 4867">
    <p class='ocr_par' dir='ltr' id='par_1_12' title="bbox 162 4643 896 4867">
     <span class='ocr_line' id='line_1_72' title="bbox 433 4643 621 4748; baseline -0.005 -15"><span class='ocrx_word' id='word_1_568' title='bbox 433 4643 463 4733; x_wconf 72' lang='lat' dir='ltr'>rr‘</span> <span class='ocrx_word' id='word_1_569' title='bbox 478 4675 529 4748; x_wconf 80' lang='lat' dir='ltr'>jn.</span> <span class='ocrx_word' id='word_1_570' title='bbox 542 4676 621 4734; x_wconf 74' lang='lat' dir='ltr'>nra</span> 
     </span>
     <span class='ocr_line' id='line_1_73' title="bbox 162 4791 896 4867; baseline 0.018 -26"><span class='ocrx_word' id='word_1_571' title='bbox 162 4791 292 4856; x_wconf 82' lang='lat' dir='ltr'>[Donbiet,</span> <span class='ocrx_word' id='word_1_572' title='bbox 306 4795 370 4846; x_wconf 88' lang='lat' dir='ltr'>ilist.</span> <span class='ocrx_word' id='word_1_573' title='bbox 385 4796 417 4846; x_wconf 86' lang='lat' dir='ltr'>de</span> <span class='ocrx_word' id='word_1_574' title='bbox 429 4796 544 4864; x_wconf 81' lang='lat' dir='ltr'>l&#39;abbaye</span> <span class='ocrx_word' id='word_1_575' title='bbox 553 4798 586 4849; x_wconf 86' lang='lat' dir='ltr'>de</span> <span class='ocrx_word' id='word_1_576' title='bbox 598 4799 772 4852; x_wconf 81' lang='lat' dir='ltr'>Salat-Deoia.</span> <span class='ocrx_word' id='word_1_577' title='bbox 786 4816 812 4867; x_wconf 88' lang='lat' dir='ltr'>p.</span> <span class='ocrx_word' id='word_1_578' title='bbox 826 4800 896 4866; x_wconf 73' lang='lat' dir='ltr'>lits]</span> 
     </span>
    </p>
   </div>
   <div class='ocr_carea' id='block_1_11' title="bbox 0 0 2126 6436">
    <p class='ocr_par' dir='ltr' id='par_1_13' title="bbox 0 0 2126 6436">
     <span class='ocr_line' id='line_1_74' title="bbox 0 0 2126 6436; baseline 0 0"><span class='ocrx_word' id='word_1_579' title='bbox 0 0 2126 6436; x_wconf 95' lang='lat' dir='ltr'> </span> 
     </span>
    </p>
   </div>
  </div>
 </body>
</html>
