4234 6442
338 114 394 174 451

336 274 410 350 jure
433 270 558 334 nostro.
581 270 615 332 el
636 273 672 330 ut
693 268 885 344 perpetuam
902 263 1050 326 obtineat
1071 263 1133 325 tir-

338 368 486 430 mitatem
508 367 611 442 sigilli
636 367 743 426 nostr1
771 362 970 426 auctoritate
993 362 1026 424 et
1048 361 1135 439 regii

338 465 483 528 nominis
505 464 675 526 caractere
690 461 832 524 interius
855 461 1026 531 annotato,
1048 475 1137 536 prae-
1189 448 1241 508 Ad
1252 446 1389 508 abbates
1405 448 1502 508 Casoe
1516 448 1580 506 Dei
1592 445 1626 508 ei
1640 445 1764 506 Ponto
1777 444 1849 508 Alii
1860 448 1999 507 ordinis
2051 410 2052 418 ἵ

338 565 465 625 sentem
479 561 634 639 paginam
645 559 852 622 roboramus
868 558 985 620 Actum
995 555 1135 618 Parisiis

340 677 428 722 anno
447 657 580 720 Domini
605 659 693 729 1213,
708 656 803 732 regni
817 671 897 717 vero
918 654 1025 718 nostri
1047 669 1135 716 anno

339 756 507 819 tricesimo
521 755 632 827 tertio,
649 754 837 817 astantibus
852 754 888 814 in
913 752 1037 830 palatio
1053 767 1136 812 nos·

339 857 391 917 tro
415 870 554 932 quorum
576 853 711 916 nomina
735 851 905 930 supposita
932 849 1137 926 sunt,·dapi-

340 952 412 1014 lero
436 950 529 1013 nullo
549 973 556 1012 ε
579 951 728 1012 (luidone
748 947 974 1020 butticulari0,
990 946 1136 1008 Bartho-

338 1050 447 1112 lomeo
457 1049 652 1119 camerario,
668 1050 819 1108 Drocone
833 1045 1092 1108 constabulario.

262 1179 267 1198 ι
381 1148 498 1212 Petrus
513 1146 573 1210 Dei
590 1146 704 1210 Gratia
720 1143 921 1206 Parisiensis
940 1141 1135 1219 episcopus:

339 1454 401 1500 nos
416 1438 587 1515 querelam
602 1452 701 1514 quam
719 1435 922 1497 habebamus

959 105 1134 167 HONORII
1157 103 1203 166 111
1223 103 1372 166 OPERA.

1502 287 1681 376 ccclvi

1465 543 1714 606 cisterciense.

1490 671 1583 746 litut.
1601 673 1681 731 1111.

1252 798 1406 863 [Maurique.
1417 797 1530 848 Annales
1539 797 1724 858 cistercienses,
1742 799 1812 859 clv,
1827 813 1854 864 p.
1868 799 1942 862 il51.
2054 802 2055 814 ¹

1231 917 1399 980 Honorius
1417 919 1510 978 Casae
1534 916 1594 978 Dei
1610 917 1643 980 et
1667 918 1782 979 Pontis
1799 918 1870 980 alti
1891 917 1999 980 abba·
2055 934 2056 950 ³

1190 1015 1257 1078 tius
1277 1015 1412 1076 mandat
1432 1016 1480 1084 ut,
1503 1014 1532 1076 si
1547 1015 1694 1087 Garsias,
1716 1015 1998 1092 archiepiscopus
2056 1064 2057 1068 ,

1191 1112 1378 1175 auxitanus
1403 1112 1590 1188 neglexerit
1614 1113 1770 1174 mandata
1797 1114 1996 1192 Apostolica
2057 1196 2058 1200 Ἰ

342 1243 570 1306 Universisad
585 1242 800 1319 quoslitterae
822 1241 1003 1319 praesentes
1019 1254 1139 1317 perve-
1192 1210 1388 1288 adimi'lefflr
1420 1225 1497 1270 ⁰1¹¹ss
1520 1209 1562 1273 ab
1594 1209 1781 1286 huiusmodi
1805 1227 1998 1288 111θὸ111111)-

340 1341 453 1402 nerint
476 1339 513 1404 in
534 1338 673 1402 Domino
695 1338 846 1400 salutem.
867 1336 1036 1399 Noveritls
1050 1334 1137 1413 quod
1191 1307 1291 1379 1101161
1322 1305 1472 1385 imiimi
1499 1307 1611 1370 iamin
1634 1307 1727 1385 prius
1756 1307 1912 1376 veritate»
1938 1325 1998 1384 liei
2058 1328 2059 1350 ³

942 1434 1058 1496 oontpa
1078 1431 1139 1493 ab,
1192 1420 1349 1468 censuras
1368 1404 1625 1478 ecclesiasticas,
1649 1405 1874 1484 appellatione
1901 1407 1998 1484 post-

339 1535 450 1598 batem
461 1536 494 1598 et
503 1533 799 1596 monachossancti
810 1531 972 1608 Dionysii,
983 1528 1139 1591 videlicet
1192 1503 1310 1580 P⁰⁸it32
1340 1503 1563 1582 ‘mittimini-
1591 1503 1709 1566 Datum
1740 1503 1918 1580 Anagniae,
1954 1505 1996 1563 IV

339 1632 418 1709 quia
433 1631 625 1710 petebamus

340 1729 500 1792 durarent
515 1728 580 1792 nisi
593 1743 653 1806 per
666 1729 734 1791 tres
750 1726 822 1789 dies
833 1742 855 1788 a
868 1725 922 1788 die
934 1723 1139 1786 benedictio-

339 1828 403 1898 nis,
423 1827 549 1890 eisdem
574 1825 746 1890 monacbis
769 1825 884 1888 contra
909 1820 1137 1884 asserentibus
1240 1829 1244 1836 ·

340 1923 427 2001 quod
442 1923 510 1985 illae
529 1922 688 1986 nundina
711 1919 875 1982 debebant
895 1919 1016 1981 durare
1031 1933 1138 1996 quan·
1192 1957 1245 2017 M
1259 1957 1444 2018 Momm
1461 1955 1512 2016 m·

340 2021 410 2082 tum
434 2019 510 2084 alie
529 2019 688 2081 nundinae
712 2017 878 2080 solemnes
901 2017 1033 2088 durant,
1056 2016 1138 2094 ipsis

340 2117 514 2179 monacbis
528 2116 731 2194 quitavimus
751 2115 786 2176 in
804 2115 1010 2194 perpetuum,
1028 2114 1065 2175 ut
1076 2127 1138 2174 neo

341 2211 489 2288 nos‚'nec
502 2230 713 2279 successores
727 2212 832 2274 nostri
845 2212 988 2288 amplius
1002 2226 1060 2272 eos
1081 2226 1139 2272 su-

341 2329 402 2390 per
415 2311 478 2374 boc
500 2327 625 2375 vexare
644 2311 831 2388 possimus:
848 2310 881 2372 et
898 2308 1054 2386 quoniam
1075 2307 1139 2369 hoc

341 2409 427 2487 quod
454 2407 648 2487 petebamus
671 2407 712 2472 de
736 2406 905 2482 regalibus
929 2405 1061 2467 Domini
1088 2408 1139 2466 est
1193 2395 1349 2455 committit
1366 2393 1462 2470 leg'alo
1485 2401 1515 2454 ut
1533 2395 1688 2454 canonicos
1709 2396 1924 2466 carleotenses,
1946 2401 1996 2471 qol
2066 2374 2067 2398 ³

1228 2490 1296 2542 suut
1313 2485 1376 2542 solo
1394 2484 1511 2544 nornine
1525 2485 1683 2558 regulares,
1702 2484 1738 2542 ab
1753 2485 1874 2544 scalada
1894 2488 1993 2546 Carte-
2067 2504 2068 2530 1

1229 2573 1331 2642 elensi,
1346 2573 1371 2630 si
1390 2571 1491 2630 viderit
1506 2572 1651 2646 expedire,
1669 2573 1781 2648 penitus
1795 2583 1950 2647 amoveat;
1966 2584 1996 2633 et
2068 2636 2069 2662 ¹

342 2507 433 2583 regis
447 2507 482 2568 in
495 2522 592 2584 quem
605 2504 893 2583 compromisimus
904 2503 1044 2569 dedicta
1058 2517 1140 2580 que-

341 2603 430 2678 rela,
453 2607 562 2680 ipsum
589 2603 758 2666 dominum
784 2617 897 2678 regern
926 2599 1137 2677 rogavimus,

343 2701 429 2780 quod
446 2701 535 2762 banc
552 2701 701 2762 nostram
719 2699 936 2776 quitationem
955 2697 1139 2760 conflrma-

344 2800 407 2870 ret,
433 2797 520 2876 quod
534 2798 572 2859 ut
591 2798 700 2860 ratum
719 2796 775 2864 sit,
797 2795 957 2873 pagillarn
978 2795 1065 2858 banc
1087 2793 1138 2854 si·

341 2895 422 2971 gillo
444 2897 557 2957 nostro
573 2893 784 2955 munivimus.
801 2893 917 2954 lictum
936 2907 1025 2955 anno
1039 2890 1140 2952 Verbi

344 2991 513 3053 incarnati
529 2992 607 3054 1213
621 3005 735 3052 mense
747 2989 899 3064 augusto.

646 1630 732 1708 qum}
748 1629 906 1690 nundinae
930 1627 1046 1690 indicti
1070 1641 1138 1687 non
1192 1599 1267 1661 idus
1281 1599 1375 1669 Julii,
1395 1599 1606 1677 pontificatus
1623 1615 1711 1662 anno
1726 1600 1845 1680 primo.

1495 1803 1696 1892 collivll

1533 1958 1567 2017 S.
1585 1955 1733 2016 Martini
1744 1956 1992 2030 presbyterum

1232 2056 1443 2114 cardinalem
1457 2053 1658 2128 Apostottcoe
1671 2055 1769 2116 Sedis
1784 2055 1952 2130 legatum.

1496 2173 1529 2232 13
1539 2174 1589 2248 lul.
1607 2175 1685 2232 llll.

1349 2290 1462 2354 fflymer,
1479 2289 1593 2347 liosdera,
1605 2293 1669 2338 tom.
1680 2289 1700 2348 l,
1712 2303 1731 2348 ι,
1741 2303 1768 2354 p.
1781 2289 1834 2355 le]

1230 2662 1382 2719 ecclesiam
1396 2661 1488 2734 ipsam
1504 2661 1539 2717 de
1556 2662 1685 2734 personis
1698 2662 1831 2742 ilenrico,
1848 2665 1914 2738 regi
1933 2665 1992 2722 An-

1229 2749 1344 2824 glorum
1364 2747 1495 2807 lldellbus
1517 2756 1546 2806 et
1566 2749 1702 2808 Ecclesia
1721 2751 1858 2810 ltomanm
1880 2751 1996 2810 devotis
2069 2766 2070 2804 l

1227 2837 1351 2895 ordinet.

1235 2971 1401 3034 Honorius
1410 2973 1595 3050 episcopus,
1607 2988 1723 3034 servus
1735 2989 1909 3036 servorum
1922 2977 1993 3046 Dei,

386 3087 480 3152 Nulli
494 3102 575 3164 orgo
593 3086 728 3148 omnino
744 3086 914 3148 hominum
935 3084 1036 3146 liceat
1054 3083 1141 3146 hanc
1195 3069 1315 3132 dilecto
1340 3069 1409 3132 lilio
1434 3071 1577 3132 Gualoni
1605 3071 1700 3134 titulo
1725 3072 1831 3134 sancti
1855 3073 1995 3135 Martini

344 3186 501 3262 paginam
520 3185 643 3248 nostrae
658 3183 921 3246 confirmationis
942 3181 1139 3258 infringere,

1196 3167 1389 3246 presbytero
1413 3168 1591 3250 cardinali,
1616 3169 1815 3246 apostolica
1837 3170 1936 3232 Sedis
1951 3171 1998 3234 le·
2072 3160 2073 3196 ³

344 3284 398 3347 vel
414 3283 444 3345 ei
456 3299 540 3344 ausu
554 3282 733 3345 temerario
746 3281 924 3342 contraire.
943 3280 979 3342 Si
992 3279 1065 3357 quis
1080 3295 1143 3342 au·
1195 3266 1285 3341 8³1⁰»
1295 3264 1434 3328 saltitem
1446 3267 1478 3328 et
1487 3266 1704 3343 apostolicam
1716 3266 1993 3330 benidiciionem·

341 3382 408 3443 tem
427 3381 490 3444 boc
511 3381 675 3443 attentare
699 3377 961 3456 praesumpserit,
986 3376 1143 3454 indigna-

341 3478 466 3540 tionem
478 3477 715 3554 omnipotentis
730 3476 801 3545 Dei,
818 3476 851 3538 et
862 3475 1035 3537 beatorum
1051 3474 1143 3537 Petri

342 3577 376 3638 at
387 3576 484 3638 Pauli
498 3575 723 3654 apostolorum
736 3578 809 3652 ejus
822 3588 858 3633 se
879 3574 1011 3635 noverit
1023 3573 1142 3634 incur-

344 3689 503 3830 matzil-m
521 3767 694 3845 Anagniae,
714 3766 829 3845 quinto
848 3767 924 3831 idus
941 3765 1030 3843 julii,
1057 3782 1144 3844 pon-

343 3865 490 3930 tificatus
501 3865 608 3928 nostri
623 3880 710 3928 anno
724 3863 845 3941 primo.

675 4085 836 4174 ccclv

366 4237 418 4298 Ad
430 4235 559 4296 Leccam
578 4233 872 4306 arclvtcptscopum
886 4229 1121 4290 Cuscnttnum.

657 4350 736 4426 Sitti.
753 4351 832 4409 llll.

456 4467 576 4534 [tlgbsllt
587 4465 662 4518 ltalia
675 4479 753 4524 mora,
764 4469 834 4514 tome
844 4463 889 4526 tx,
899 4463 1036 4529 panem]

388 4580 487 4640 Luca
513 4573 629 4637 scribit
656 4572 824 4634 Honorius
846 4572 903 4644 ill,
931 4571 967 4632 ut
989 4570 1063 4633 vice
1084 4587 1145 4634 sua

350 4677 539 4738 Messanam
563 4670 711 4744 accedat,
750 4669 806 4731 ubi
839 4668 1144 4745 crucesignatorum

346 4771 524 4836 multitudo
540 4768 770 4838 concurrebat,
786 4765 899 4844 ibique
917 4764 1055 4828 verbum
1068 4782 1146 4828 cru-

346 4872 394 4934 cis
409 4869 566 4950 praedioet
576 4870 609 4930 et
625 4867 665 4930 de
684 4865 822 4944 agendis
836 4863 919 4942 ipsis
934 4864 1146 4942 crucesigna-

344 4971 389 5033 tls
408 4968 579 5047 disponat3
595 4964 713 5043 incipit
722 4962 882 5042 epistola:

362 5070 467 5129 ¹(tum
480 5066 520 5138 is,
536 5065 600 5127 eto.

386 5165 505 5228 Datum
533 5160 697 5238 Anagniae
730 5159 750 5220 8
777 5157 823 5219 id.
855 5156 937 5220 Julii
961 5155 1077 5234 pontii.
1114 5158 1142 5217 1.

346 5279 437 5325 num.
453 5262 523 5334 500,
537 5258 595 5322 iol.
612 5259 681 5322 120.
694 5259 775 5332 Reg.
789 5255 864 5317 vat.

1236 3365 1316 3426 Tam
1338 3363 1533 3424 carissimus
1559 3363 1595 3427 in
1619 3364 1749 3425 Christo
1771 3364 1861 3426 lilius
1881 3367 1996 3428 noster

1196 3475 1258 3522 rex
1278 3460 1460 3537 Anglorum
1484 3460 1635 3530 illustris,
1661 3477 1759 3540 quam
1785 3462 1995 3524 venerabiles

1197 3558 1318 3620 iratres
1346 3559 1452 3620 nostri
1476 3557 1690 3620 Dublineusis
1714 3559 1747 3621 et
1772 3559 1993 3623 Eboraoensis

1198 3656 1459 3734 archiepiscopi,
1494 3672 1534 3718 ac
1562 3656 1825 3730 Londoniensis,
1859 3659 1994 3720 Winte-

1197 3754 1335 3828 niensis,
1352 3752 1585 3815 Batboniensis
1598 3758 1630 3816 et
1644 3753 1890 3832 wigorniensis
1905 3757 1996 3833 epis-

1198 3852 1283 3929 copi,
1298 3852 1368 3912 suis
1378 3850 1471 3912 nobis
1486 3849 1608 3914 litteris
1619 3850 1827 3926 intimarunt,
1841 3851 1931 3929 quod
1940 3869 1996 3914 ca·

1198 3948 1310 4011 nonici
1330 3947 1570 4033 Carleolenses,
1593 3950 1708 4010 contra
1724 3950 1995 4012 excommunica·

1198 4046 1299 4108 tionis
1315 4047 1348 4107 et
1369 4045 1537 4107 interdicti
1556 4046 1750 4114 sententias,
1769 4049 1838 4108 tam
1858 4062 1879 4108 a
1899 4048 1993 4109 nobis

1199 4159 1298 4221 quam
1314 4144 1388 4215 ate,
1405 4143 1440 4204 in
1455 4143 1685 4220 persecutores
1698 4145 1731 4206 et
1745 4142 1934 4206 turbatores
1950 4161 1993 4206 re·

1199 4244 1250 4317 gls
1265 4241 1298 4302 et
1316 4240 1424 4316 regni,
1444 4255 1559 4303 eorum
1574 4241 1729 4317 exigente
1752 4241 1893 4314 malitia,
1920 4259 1997 4320 pro-

1199 4336 1376 4413 mulgatas,
1406 4341 1531 4398 temere
1559 4337 1741 4410 venientes,
1769 4337 1876 4414 ipsius
1904 4339 1994 4414 regis

1199 4434 1398 4512 capitalibus
1434 4433 1600 4508 inimicis,
1641 4436 1995 4497 excommunicationis

1198 4531 1332 4595 vinculo
1364 4531 1550 4604 innodatis,
1586 4529 1717 4608 publice
1750 4532 1998 4594 communicare

1199 4629 1413 4709 praesumunt,
1426 4629 1460 4690 et
1473 4629 1508 4689 in
1524 4628 1607 4691 locis
1620 4628 1806 4691 interdictis
1819 4629 1935 4692 divina
1949 4631 1998 4691 eis

1200 4726 1501 4789 officiacolebrare.

1238 4823 1287 4886 ltd
1302 4825 1365 4888 lroo
1380 4823 1451 4900 regi
1465 4823 1594 4896 Scotiae,
1618 4823 1728 4901 ipsum
1743 4839 1855 4899 regem
1868 4823 1996 4900 anglo-

1199 4939 1273 4986 rum
1294 4921 1464 4985 dominnm
1483 4937 1580 4984 suum
1601 4921 1754 4999 nequiter
1773 4921 1996 4998 impugnanti,

1200 5035 1239 5082 ac
1253 5021 1388 5097 propter
1406 5018 1469 5080 boc
1488 5017 1843 5081 excommunicationis
1863 5019 1998 5081 vinculo

1199 5117 1368 5186 innodato,
1392 5131 1428 5180 se
1442 5115 1611 5180 voluntate
1631 5117 1815 5192 spontanea
1839 5113 2000 5178 subdide-

1199 5217 1287 5287 runt,
1303 5216 1347 5286 et,
1362 5212 1403 5275 ad
1421 5215 1493 5291 eJus
1508 5212 1716 5294 instantiam,
1734 5213 1909 5290 quemdam
1931 5213 1999 5275 cle·

1199 5313 1305 5375 ricum
1344 5313 1434 5390 ejus,
1471 5310 1825 5374 excommunicationis
1864 5310 1998 5372 vinculo

1199 5409 1405 5480 innodatum,
1431 5408 1496 5471 sibi
1519 5409 1802 5488 praesumpserunt
1823 5408 1947 5484 eligere
1961 5409 1997 5470 in

1960 103 1978 120 ,
2043 1 2049 114 l
