4234 6408
930 258 1107 321 rrcncnu
1129 260 1173 320 m
1195 243 1342 322 orans.

704 441 761 529 ud

327 676 543 746 Adprioram
558 673 591 734 ct
605 674 737 748 fratres
751 678 901 738 eceterae
918 680 953 738 S.
976 679 1124 739 [ternant

657 776 793 834 Tolosae.

625 965 641 1020 7
656 960 726 1019 febr.
744 961 823 1020 1117.

328 1121 444 1188 [1111111111
462 1121 606 1174 Bullatium
624 1123 672 1174 rr.
685 1122 892 1182 Praedicatorum,
906 1125 925 1172 t.
936 1123 956 1181 l,
970 1137 995 1188 p.
1006 1121 1030 1181 li,
1046 1132 1074 1171 nt
1085 1121 1122 1188 a]

326 1293 441 1350 Mandat
455 1300 487 1350 ut
500 1294 569 1351 nulli
584 1293 701 1352 fratrum
718 1304 781 1369 post
793 1295 896 1354 factam
914 1295 941 1352 in
958 1310 1056 1353 eorum
1073 1310 1120 1354 ec·

360 1383 447 1440 clesia
464 1383 670 1456 professionem
681 1385 744 1442 sine
754 1385 856 1458 prioris
867 1392 1122 1444 autsuccessorum

360 1470 423 1545 ejus
436 1472 549 1530 licentia
567 1473 603 1530 de
617 1474 720 1532 eodem
745 1473 891 1531 discedere
900 1489 910 1544 ;
928 1473 1122 1532 discedentem

360 1575 430 1616 vero
445 1559 538 1618 nullus
551 1561 656 1619 audeat
671 1562 804 1620 retinere.

343 1731 534 1795 'Honorius
569 1736 763 1813 episcopus,
799 1753 915 1800 servus
948 1754 1121 1802 servorum

325 1829 397 1901 Dei,
410 1828 538 1892 dilectis
552 1832 629 1892 filiis
643 1834 747 1910 priori
757 1835 790 1895 et
799 1834 956 1896 fratribus
972 1837 1121 1899 ecelesiae

327 1927 360 1984 S.
376 1929 518 1988 Romani
535 1930 676 2002 Tolosae,
697 1931 837 1993 salutem
854 1934 887 1996 et
905 1935 1121 2010 apostolicam

326 2021 600 2086 benedictionem.

365 2121 470 2181 Justis
491 2124 672 2198 petentium
688 2125 773 2188 votis
797 2127 958 2202 inclinati,
976 2129 1124 2191 auctori·

324 2217 392 2278 tate
405 2220 592 2295 apostolica
602 2221 783 2285 districtius
795 2225 982 2287 inhibemus
996 2227 1122 2289 utnulli

324 2314 464 2378 fratrum
478 2320 662 2381 vestrorum
684 2323 758 2398 post
778 2321 899 2385 factam
920 2326 956 2385 in
980 2341 1019 2386 eo
1038 2341 1120 2402 pro-

324 2411 501 2476 fessionem
526 2416 576 2478 fas
601 2419 644 2479 sit
667 2419 740 2481 sine
763 2421 831 2493 tua,
858 2422 906 2482 tili
935 2423 1036 2500 prior,
1065 2425 1122 2484 aut

325 2526 555 2574 successorum
571 2515 702 2576 tuorum
718 2517 864 2594 licentia,
886 2521 951 2580 nisi
967 2521 1121 2582 arctioris

324 2610 497 2686 religionis
516 2612 651 2674 obtentu
660 2614 701 2674 ab
717 2617 831 2677 eodem
848 2615 921 2678 loco
934 2618 1119 2695 discedere;

324 2705 547 2770 discedentem
562 2725 641 2770 voro
657 2711 781 2789 absque
801 2715 1023 2774 communium
1044 2732 1123 2776 ves-

325 2804 452 2864 trarum
474 2805 662 2869 litterarum
687 2810 842 2871 cautione
867 2812 979 2873 nullus
1001 2813 1122 2876 audeat

324 2901 480 2962 retinere.
507 2905 595 2974 Quos
616 2905 644 2965 si
664 2907 737 2982 quis
760 2906 844 2969 forte
867 2910 1012 2971 retinere
1035 2927 1122 2988 prae-

325 2999 514 3075 sumpserit,
529 2999 656 3062 licitum
675 3003 718 3064 sit
735 3004 829 3065 vobis
848 3005 882 3065 in
898 3007 988 3083 ipsos
1001 3008 1121 3070 fraires

324 3096 512 3171 regularem
547 3101 747 3162 sententiam
775 3104 999 3180 promulgare.
1029 3107 1121 3168 Nulli

323 3208 414 3269 ergo,
445 3196 506 3256 etc.
535 3197 652 3258 Datum
679 3200 849 3272 Laterani,
874 3204 935 3263 VII
965 3203 1038 3264 idus
1065 3204 1120 3266 fe-

322 3289 463 3358 bruarii.
478 3293 688 3371 pontificatus
701 3297 808 3359 nostri
823 3315 912 3360 anno
926 3300 1045 3378 primo.

679 3495 759 3582 CCI

383 3701 435 3760 Ad
448 3703 489 3760 Β.
506 3705 666 3778 repertam
679 3707 860 3766 banereem
875 3707 1056 3769 illustrem.

618 3847 721 3905 711111.
742 3851 821 3908 litt.

386 3986 459 4047 [cod.
472 3986 545 4037 latin.
560 3987 633 4037 aaut.
644 3989 701 4039 llss.
717 3988 891 4055 bibliotheque
905 3992 1057 4056 nationale]

392 4157 547 4216 Confirmat
562 4157 745 4216 donationem
762 4165 877 4232 propter
891 4160 1004 4233 nuptias
1020 4161 1047 4218 ei

607 4261 622 4305 a
637 4263 707 4322 rege
718 4247 833 4306 factum.

361 4449 529 4510 Honorius
540 4449 725 4525 episcopus,
738 4465 854 4512 servus
866 4465 1038 4511 servorum
1046 4449 1117 4523 Dei,

321 4543 450 4607 dilectae
463 4547 540 4606 liliae
551 4546 676 4607 illustri
691 4550 858 4609 banorum
875 4548 1011 4624 reginae,
1032 4547 1120 4609 salu·

320 4644 386 4703 tem
401 4642 433 4703 et
445 4643 660 4718 apostolicam
675 4644 949 4706 benedictionem.

360 4741 463 4801 Justis
484 4741 674 4816 petentium,
689 4744 739 4804 etc
744 4787 803 4803 .....
820 4759 927 4817 usqne
949 4742 1117 4819 inclinati3

320 4837 531 4900 donationem
554 4839 688 4916 propter
707 4841 839 4917 nuptias
855 4841 1025 4902 abeodem
1040 4857 1119 4916 rege

319 4937 360 4997 de
376 4937 516 4997 consilio
536 4938 569 4999 et
591 4955 730 4999 assensu
745 4939 933 5016 principum
949 4938 1044 5014 regni
1066 4940 1119 5000 sui

318 5051 523 5108 concessam,
541 5037 627 5098 sicut
642 5038 778 5114 provide
794 5037 881 5098 facta
897 5037 957 5112 est,
972 5038 1051 5099 etin
1066 5038 1120 5114 ip-

1525 427 1625 516 dull
1707 457 1710 464 ·

1178 583 1230 642 Act
1261 582 1451 642 Arrecinam
1483 583 1680 656 episcopam
1709 585 1912 647 curiensem
1945 590 1980 649 et

1219 681 1393 740 Cortonam
1435 680 1591 741 abbatem
1624 681 1897 757 conmemorare
1936 689 1978 748 de

1219 777 1336 838 br‘onte
1346 779 1381 837 S.
1397 777 1534 840 Martae.

1473 889 1577 948 atebr.
1598 893 1679 951 litt.

1233 995 1327 1062 [nour.
1338 996 1424 1047 Codex
1437 995 1628 1062 diplomaticus,
1641 1003 1661 1048 t.
1677 999 1697 1058 l,
1709 1014 1735 1064 p.
1751 999 1806 1060 256,
1820 1012 1848 1051 11ο
1859 1003 1924 1069 ista]

1178 1113 1419 1184 Compositicnem
1437 1114 1511 1172 inter
1525 1113 1682 1172 rimoldum
1698 1116 1865 1175 curiensem
1878 1127 1906 1177 et
1920 1121 1974 1179 Cu·

1213 1215 1317 1258 nonem
1335 1201 1466 1260 abbatem
1484 1210 1714 1276 conventumque
1729 1204 1765 1262 de
1780 1207 1973 1266 1101118111-

1212 1296 1248 1347 toe
1261 1291 1359 1348 illaria
1373 1305 1460 1363 super
1472 1291 1595 1348 ecclesia
1609 1292 1644 1348 de
1656 1292 1809 1366 nurgum,
1819 1298 1975 1366 possessio·

1211 1378 1295 1436 nibus
1304 1387 1333 1436 et
1342 1379 1688 1438 rebusaliisamicabiliter
1700 1382 1800 1439 initam
1809 1383 1970 1443 confirmat.

1217 1504 1383 1566 Honorius
1418 1505 1608 1581 episcopus,
1647 1521 1764 1568 seruans
1799 1523 1973 1570 servorum

1177 1601 1247 1672 Dei,
1263 1601 1449 1662 venerabili
1464 1601 1559 1663 fratri
1575 1603 1727 1665 curiensi
1740 1604 1906 1682 episcopo,
1925 1623 1976 1667 sa-

1177 1697 1278 1760 lutern
1291 1701 1325 1761 et
1339 1700 1555 1776 apostolicam
1569 1700 1844 1764 benedIotionem.

1217 1799 1319 1860 Justis
1344 1798 1525 1874 petentium
1552 1798 1727 1859 desideriis
1759 1800 1896 1876 dignum
1925 1804 1976 1864 est

1177 1911 1237 1955 nos
1251 1895 1382 1957 facilem
1398 1896 1548 1972 praebere
1567 1913 1739 1958 assensum
1759 1899 1791 1959 et
1805 1900 1880 1959 vota
1896 1915 1975 1976 quae

1177 1994 1360 2055 arationis
1389 1994 1522 2055 tramite
1545 2010 1611 2055 non
1636 1994 1824 2056 discordant
1852 1996 1977 2058 effectu

1177 2092 1399 2169 prosequente
1428 2092 1605 2168 complere.
1624 2095 1976 2168 Eapropter,renera-

1176 2188 1254 2249 bilis
1274 2189 1310 2248 in
1334 2189 1464 2250 Christo
1484 2189 1598 2262 frater,
1614 2190 1681 2250 tuis
1700 2191 1801 2266 jnstis
1821 2191 1975 2268 precibus

1177 2286 1365 2348 inclinati...
1382 2288 1654 2364 compositionem
1675 2287 1763 2349 inter
1777 2290 1809 2349 te
1824 2304 1867 2349 ex
1882 2289 1975 2364 parte

1177 2399 1244 2444 una
1264 2384 1333 2446 et...
1359 2384 1511 2446 abbatem
1532 2386 1564 2447 et
1581 2385 1778 2447 conventum
1797 2386 1837 2448 de
1863 2387 1976 2449 Monte

1178 2483 1307 2543 Sanctae
1327 2483 1442 2544 Mariae
1464 2499 1565 2560 snper
1584 2484 1725 2544 ecclesia
1749 2483 1789 2544 de
1811 2485 1975 2560 Burgusio

1176 2578 1442 2655 possessionibus
1467 2581 1500 2640 et
1523 2578 1622 2640 rebus
1648 2578 1724 2640 aliis
1753 2579 1977 2641 amicabiliter

1176 2675 1305 2748 initam,
1330 2675 1417 2736 sicut
1438 2675 1510 2737 sine
1536 2676 1699 2753 pravitate
1727 2677 1865 2753 provida
1888 2676 1975 2738 facta

1177 2772 1315 2835 estetab
1327 2773 1467 2850 utraque
1478 2773 1571 2849 parte
1582 2775 1697 2850 sponte
1708 2776 1882 2852 receptaet
1894 2774 1978 2835 hac-

1176 2873 1273 2932 tenus
1291 2871 1428 2948 pacifice
1448 2871 1634 2944 observata,
1651 2873 1848 2934 auctoritate
1862 2876 1975 2949 Apos-

1176 2968 1277 3030 tolica
1315 2969 1550 3030 confirmamus
1583 2971 1616 3030 ct
1650 2970 1824 3046 praesentis
1860 2971 1975 3048 scripti

1176 3067 1362 3142 patrocinio
1376 3066 1629 3127 communimus.
1643 3067 1735 3128 Nulli
1749 3083 1828 3144 ergo
1840 3069 1975 3130 omnino

1176 3163 1349 3224 bominum
1364 3164 1463 3226 liceat
1478 3165 1564 3226 hanc
1580 3165 1735 3241 paginam
1751 3168 1873 3227 nostrae
1890 3182 1975 3227 con-

1176 3261 1374 3324 firmationis
1387 3262 1570 3339 infringere
1584 3264 1637 3324 vel
1651 3264 1683 3324 ei
1695 3279 1779 3324 ausu
1795 3263 1976 3326 temerario

1176 3360 1355 3421 contraire.
1374 3361 1408 3420 Si
1423 3361 1496 3438 quis
1509 3363 1620 3422 autem
1633 3361 1697 3423 boc
1710 3362 1877 3423 attentare
1887 3377 1978 3440 prar-

1176 3459 1370 3535 sumpserit,
1388 3459 1650 3534 indignationem
1666 3459 1900 3535 omnipotantis
1916 3459 1976 3520 Dei

1176 3560 1208 3616 et
1234 3556 1407 3618 beatorum
1433 3557 1526 3618 Petri
1560 3557 1593 3618 ct
1620 3557 1718 3618 Pauli
1747 3557 1977 3634 apostolorum

1176 3656 1247 3732 ejus
1272 3669 1308 3715 se
1330 3655 1461 3717 noverit
1481 3655 1704 3716 incursurum.
1732 3655 1850 3716 Datum
1875 3656 1978 3716 Late-

1175 3752 1261 3824 rani,
1278 3753 1323 3813 Vl.
1350 3753 1424 3813 idus
1441 3751 1617 3825 februarii,
1641 3753 1850 3832 pontificatus
1865 3752 1977 3815 nostri

1176 3847 1396 3928 anncprim0.

1515 4010 1637 4097 dulit
1657 4029 1661 4038 '

1176 4164 1229 4223 Ad
1242 4161 1481 4222 Bertrondnm
1505 4161 1556 4222 tit.
1581 4162 1784 4224 sanctornm
1804 4161 1977 4222 lobannis

1215 4274 1256 4320 ac
1270 4261 1372 4320 Ponti
1385 4259 1628 4334 presbyteram
1643 4260 1857 4321 cardinalem
1869 4261 1975 4331 Apos-

1216 4357 1326 4420 tolicae
1339 4359 1437 4418 scats
1451 4357 1613 4434 tcpatam.

1472 4495 1670 4556 8111111217.
1721 4567 1724 4574 ¹

1206 4625 1317 4690 [aegest.
1331 4622 1379 4673 lib.
1394 4623 1414 4682 l,
1429 4622 1503 4686 epist.
1519 4621 1574 4672 itt.
1589 4623 1648 4672 lllss.
1664 4621 1700 4672 La
1710 4621 1786 4672 Parte
1800 4620 1835 4671 du
1848 4619 1943 4682 Tlreill.

1174 4740 1337 4809 Mandaei,
1350 4747 1382 4798 ut
1394 4739 1613 4812 postulationem
1628 4737 1759 4810 lingonis
1769 4738 1976 4810 Vespaciensis

1210 4830 1336 4902 episcopi
1352 4828 1505 4900 diligenter
1525 4827 1670 4884 examinet
1684 4833 1723 4894 et,
1739 4826 1763 4882 si
1778 4825 1913 4883 eamdem
1927 4826 1973 4882 in·

1210 4919 1320 4975 venerit
1336 4915 1372 4974 de
1389 4931 1512 4988 persona
1528 4913 1629 4972 idonea
1645 4914 1784 4972 canonice
1798 4913 1975 4972 celebratam

1210 5007 1368 5064 confirmet.

322 5133 392 5194 sius
428 5135 517 5210 regis
546 5136 737 5196 authentico
760 5135 890 5212 plenius
918 5136 1116 5208 continetur,
1215 5133 1402 5204 Honorius,
1430 5132 1505 5203 etc,
1535 5129 1654 5193 dilecto
1689 5129 1758 5190 lilio
1790 5127 1976 5191 bertrando

320 5232 519 5294 auctoritate
553 5234 744 5309 Apostolica
780 5235 1025 5306 confirmamus,
1054 5235 1116 5294 etc.
1173 5231 1261 5294 tituli
1287 5230 1477 5291 sanctorum
1501 5229 1664 5290 loliannis
1689 5244 1728 5289 ac
1754 5227 1853 5288 Pauli
1875 5243 1974 5304 pres-

318 5329 410 5390 Nulli
443 5347 538 5406 ergo,
577 5333 692 5392 etc.....
729 5333 852 5392 nostrae
888 5331 1117 5393 confirmatio-
1173 5324 1973 5407 111111011111111111110110111118111111111.

318 5427 381 5500 nis,
405 5431 456 5490 etc
461 5473 520 5488 .....
547 5429 582 5490 Si
607 5429 683 5506 quis
708 5429 829 5502 autem,
857 5429 908 5490 etc
912 5473 971 5491 .....
999 5431 1118 5490 Datum
1214 5431 1295 5488 Tam
1310 5443 1353 5488 cx
1367 5425 1488 5487 litteris
1508 5425 1703 5486 dilectorum
1724 5423 1869 5483 filiorum
1887 5439 1976 5499 prae-

321 5527 498 5600 Laterani,
528 5529 588 5588 Vll
616 5527 692 5589 idus
717 5527 890 5600 februarii,
908 5527 1118 5605 pontificatus
1174 5527 1273 5605 positi
1294 5525 1327 5586 et
1349 5523 1485 5600 capituli
1509 5522 1677 5584 Arelaten.
1701 5521 1852 5584 ecclesiae
1875 5535 1975 5598 quam

322 5623 426 5684 nostri
443 5639 529 5685 anno
545 5625 663 5701 primo.
1175 5620 1417 5688 venerabilium
1433 5620 1572 5682 fratrum
1596 5621 1787 5682 nostrorum
1807 5617 1977 5694 suifraga-
