4104 6392
358 223 418 281 847

360 395 431 442 rem
445 379 478 442 et
492 377 651 451 favillam,
659 377 855 440 videruntet
866 376 1054 449 doluerunt,
1069 374 1154 454 quod

362 495 477 540 eorum
504 476 709 552 arrogantia,
735 474 921 551 indignatio
940 475 974 536 et
999 473 1155 552 superbia

362 577 412 638 est
424 576 521 651 longe
536 575 691 651 amplius,
713 589 812 650 quam
832 574 979 650 ipsorum
994 589 1061 635 non
1078 587 1157 634 eru-

361 672 567 736 bescentium
589 671 758 733 tortitudo.
774 674 877 733 Porro
900 671 979 734 licet
999 671 1035 733 in
1054 686 1157 748 gene-

361 771 426 834 rali
452 770 599 831 Concilio
627 785 686 846 pro
717 769 929 845 exsequendo
953 768 1156 831 commodius

361 871 473 930 Terrae
487 869 617 930 Sanctae
629 882 790 928 succursu
803 867 940 944 provida
960 866 1061 929 tuerit
1072 866 1158 928 deli·

359 965 532 1028 beratione
546 965 715 1038 statutum,
741 965 777 1028 ut
798 965 966 1042 principes
993 966 1026 1028 et
1042 964 1156 1043 populi

361 1063 537 1125 christiani
558 1062 599 1124 ad
628 1063 773 1125 invicem
796 1062 929 1140 plenam
958 1078 1074 1140 pacem
1100 1064 1157 1125 aut

361 1161 491 1224 firmam
512 1162 665 1238 treugam
688 1161 801 1222 saltim
822 1176 882 1239 per
901 1160 1156 1239 quadriennium

360 1258 601 1322 inviolabiliter
622 1257 840 1322 observarent
856 1260 900 1332 et,
925 1259 981 1337 qui
1003 1257 1157 1336 acquies-

361 1373 437 1419 cere
450 1355 536 1418 sorte
551 1357 810 1429 contemnerent,
822 1372 883 1436 per
893 1357 1157 1420 excommunica·

360 1456 485 1517 tionem
499 1455 535 1516 in
548 1470 709 1533 personas
726 1455 759 1516 et
773 1454 984 1516 interdictum
998 1454 1034 1516 in
1048 1455 1156 1517 terras

361 1553 550 1615 arctissime
571 1553 785 1629 cogerentur,
816 1551 1082 1614 Mediolanenses
1106 1553 1156 1614 ta·

359 1666 437 1712 men
454 1650 606 1727 praedicti
621 1665 790 1726 nunquam
811 1652 1027 1712 cessaverunt
1040 1665 1158 1728 perse-

361 1748 418 1825 qui
433 1748 640 1810 Gbristianos
654 1748 708 1809 vel
724 1747 836 1810 verius
857 1749 966 1826 ipsum
988 1748 1155 1810 Christum

360 1848 408 1918 et,
439 1863 513 1908 cum
539 1862 628 1907 nunc
664 1846 700 1907 in
730 1845 942 1923 expeditione
974 1845 1082 1922 ipsius
1114 1845 1155 1906 ab

361 1945 490 2008 oriente
502 1959 608 2022 usque
621 1944 662 2005 ad
683 1945 888 2005 occidentem
903 1943 993 2006 totus
1008 1942 1077 2004 lere
1093 1959 1155 2004 ur-

361 2043 480 2120 geatur
505 2042 646 2119 populus
670 2042 892 2113 christianus,
917 2041 1018 2102 iidem
1046 2041 1156 2103 erecta

361 2141 492 2202 cervice
504 2139 619 2200 contra
640 2140 814 2200 Dominum
832 2139 1034 2210 incedentes,
1050 2153 1157 2216 nuper

361 2238 462 2300 etiam
476 2239 592 2299 contra
607 2236 744 2298 dilectos
757 2235 843 2297 tilios
865 2238 1105 2298 cremonenses
1125 2238 1157 2298 et

361 2338 561 2396 Parmenses
597 2334 739 2410 superbo
772 2333 869 2395 oculo
906 2335 939 2395 et
972 2332 1157 2395 insatiabili

361 2433 461 2495 corde
475 2432 659 2494 exercitum
675 2446 866 2508 praeparare
885 2431 1046 2493 nituntur.
1063 2431 1158 2493 Unde

362 2529 440 2608 quia
454 2529 539 2591 nihil
558 2528 650 2590 aliud
668 2530 796 2590 restare
817 2528 959 2601 videtur,
976 2528 1043 2589 nisi
1067 2529 1103 2590 ut
1121 2529 1157 2590 in

362 2626 568 2690 contusionis
591 2626 811 2704 praecipitium
832 2627 989 2687 corruant
1012 2625 1158 2702 ignomi-

361 2725 453 2786 niam
468 2724 673 2797 adducentis,
683 2740 758 2786 cum
773 2724 895 2802 praeter
905 2723 1054 2785 divinum
1065 2723 1158 2786 timo·

361 2837 454 2895 rem,
479 2837 577 2899 quem
605 2837 742 2898 prorsus
771 2819 934 2898 abjecisse
962 2823 1155 2893 noscuntur,

363 2919 457 2997 quasi
469 2919 618 2997 absorpti
630 2934 691 2996 per
702 2917 947 2995 desperationis
963 2919 1157 2996 voraginem

362 3032 573 3094 nequaquam
601 3015 847 3076 contundantur
877 3015 930 3076 vel
961 3015 1159 3078 erubescant

364 3113 526 3184 adversis,
554 3125 673 3172 manus
696 3113 827 3174 nostras
853 3111 889 3172 in
916 3127 973 3172 eos
1002 3111 1157 3174 duximus

365 3209 609 3286 aggravandas,
623 3208 772 3271 volentes
782 3209 990 3285 potestatem,
1003 3209 1159 3272 consilia·

364 3308 433 3370 rios
448 3309 576 3369 necnon
589 3309 623 3369 et
636 3307 832 3370 societatum
845 3307 1022 3384 magistros
1035 3307 1157 3370 civita-

363 3407 406 3468 tis
432 3421 548 3472 eorum
568 3420 629 3482 per
643 3405 745 3466 totam
762 3404 995 3471 bombardiam
1017 3405 1158 3482 singulis

364 3502 664 3570 diebusdominicis
675 3503 707 3564 et
717 3501 856 3576 festivis
871 3503 1011 3581 pulsatis
1024 3519 1160 3581 campa-

364 3603 418 3666 nis
441 3601 474 3663 et
494 3599 642 3662 candelis
665 3601 826 3678 accensis,
854 3601 1158 3666 excommunicatos

240 3714 242 3724 ·
365 3698 495 3778 publice
517 3698 676 3770 nuntiari,
695 3700 726 3759 et
750 3713 792 3762 ne
813 3697 873 3760 alii
890 3698 979 3760 cives
996 3698 1160 3761 Mediola-

366 3813 486 3859 nenses
519 3795 770 3857 excusationem
801 3795 935 3858 valeant
964 3811 1095 3858 sumere
1122 3796 1158 3857 ln

364 3893 520 3974 peccatis,
530 3907 643 3954 omnes
653 3891 831 3972 praedictos
842 3893 898 3971 qui
914 3893 1159 3970 adimpugnan·

365 3992 443 4054 dum
458 3992 697 4052 Cremonenses
711 3989 767 4051 vel
786 3993 983 4052 Parmenses
1007 4005 1100 4052 arma
1118 3990 1158 4052 de

365 4091 485 4152 caetero
496 4087 697 4165 sumpserint
717 4086 770 4150 vel
784 4086 826 4148 ad
839 4087 1076 4150 devastandam
1090 4090 1160 4150 ter

364 4202 437 4249 ram
452 4185 604 4248 venerint
622 4185 825 4259 eorumdem,
837 4186 1158 4249 excommunicatio·

364 4285 417 4348 nis
431 4283 564 4346 vinculo
577 4282 794 4359 innodamus;
814 4283 979 4345 sententia
992 4283 1158 4345 consimili

364 4381 583 4459 percellentes
598 4381 745 4443 rectores
767 4379 800 4442 et
816 4379 1026 4445 consiliarios
1040 4379 1160 4444 civita·

364 4481 433 4542 tum
447 4477 592 4549 illarum,
609 4493 682 4555 quae
696 4475 1001 4541 Mediolanensibus
1016 4477 1160 4540 societa-

364 4576 407 4638 tis
423 4573 546 4636 t‘oedere
561 4573 638 4636 sunt
650 4573 829 4646 adstrictae,
849 4574 877 4634 sl
893 4575 1008 4636 contra
1022 4575 1159 4636 Cremo-

364 4686 484 4732 nenses
499 4671 532 4731 et
548 4669 745 4730 Parmenses
756 4669 1154 4746 praestiterintauxilium,

364 4767 538 4830 consilium
554 4768 606 4828 vel
623 4769 771 4828 levorem
795 4765 938 4844 eisdem;
954 4782 994 4829 ac
1009 4767 1083 4849 pari
1100 4783 1156 4830 eos

363 4864 496 4928 vinculo
512 4864 700 4941 alligamus,
722 4864 777 4942 qui
791 4863 832 4926 de
851 4863 1156 4928 Mediolanensibus

362 4965 504 5041 aliquem
519 4963 791 5042 praesumpserint
804 4963 839 5023 in
853 4963 1046 5039 potestatem
1058 4979 1157 5025 assu-

361 5077 452 5124 mere
477 5061 530 5121 vel
552 5061 724 5134 rectorem.
755 5061 847 5122 Bona
876 5076 1006 5140 quoque
1028 5061 1155 5123 civium

361 5159 606 5242 predictorum,
623 5159 700 5226 etc..
713 5155 765 5236 (ut
780 5156 914 5239 supra).

887 197 890 203 ’
977 216 1152 278 nonoau
1174 217 1219 276 111
1240 217 1389 278 arnna.
1908 237 1944 297 p,

1250 376 1369 438 Datum
1388 373 1557 450 Laterani,
1575 379 1604 438 11
1619 377 1693 439 idus
1712 380 1797 456 julil,
1819 390 1944 462 pontida.

1210 472 1263 535 tus
1278 473 1384 536 nostri
1400 487 1487 535 anno
1500 475 1657 536 secunde.

1250 613 1293 668 Ia
1312 611 1470 670 citandam
1488 612 1628 670 eandum
1646 611 1799 688 scriptum
1820 620 1862 679 est
1879 624 1944 690 electi

1211 705 1463 776 Mediolanensi,
1482 705 1515 766 et
1526 707 1739 784 Bononiensi,
1754 712 1945 788 Ferrariensiet

1211 803 1395 864 Veronensi
1425 801 1610 881 episcopis,
1643 806 1785 870 mutatas
1812 815 1944 884 mutuus.

1211 901 1329 962 Datum
1341 902 1402 960 Xlt
1423 899 1491 962 kal.
1507 901 1652 978 augusti,
1669 918 1755 966 anno
1770 911 1898 973 secundo.

1492 1131 1730 1222 CCCXXXII

1354 1285 1407 1344 Ad
1420 1283 1646 1358 propositam
1668 1286 1853 1352 Statertcet.

1511 1416 1546 1476 ii
1556 1417 1608 1490 jul.
1624 1419 1704 1478 1218.

1243 1527 1413 1590 [negastdib.
1425 1529 1457 1588 ll,
1468 1529 1543 1595 epist.
1555 1532 1626 1582 litt.
1636 1533 1693 1584 tiss.
1703 1535 1740 1586 La
1750 1535 1820 1584 Porta
1829 1535 1928 1604 delicit]

1257 1644 1293 1701 ut
1307 1643 1335 1700 iu
1346 1644 1407 1717 ipse
1419 1645 1539 1704 ecclesia
1553 1648 1637 1705 altem
1648 1647 1812 1722 dignitatem
1824 1654 1920 1725 recipiat.

1250 1771 1429 1844 Honorius,
1454 1774 1529 1846 etc„
1555 1772 1678 1838 dilecto
1701 1775 1800 1840 tilio...
1821 1782 1945 1855 preposito

1211 1868 1402 1932 Sistericen.

1250 1965 1475 2030 consideratis
1490 1967 1708 2046 qualitatibus
1723 1969 1898 2047 singulorum
1907 1974 1942 2034 Se

1211 2061 1268 2123 des
1300 2064 1489 2140 apostolica
1522 2064 1618 2127 debet
1654 2066 1724 2128 illis
1759 2070 1944 2148 propensiorem

1210 2160 1354 2236 gratiam
1364 2160 1535 2234 exhibere,
1547 2163 1603 2241 qui
1614 2163 1795 2243 majoribus
1805 2166 1945 2228 meritissi-

1208 2259 1379 2334 juvantur.
1397 2261 1590 2336 Eapropter,
1609 2260 1730 2322 dilecte
1741 2262 1774 2322 in
1786 2262 1898 2324 Domino
1909 2263 1943 2332 fit,

1211 2354 1252 2415 de
1273 2358 1369 2432 cujus
1394 2356 1557 2434 probitate
1594 2357 1780 2435 recepimus
1813 2359 1943 2420 testimonia

1213 2452 1441 2532 plurimorum,
1467 2454 1534 2516 tuis
1558 2455 1713 2531 precibus
1736 2457 1944 2532 inclinatique

1213 2550 1356 2613 sentium
1370 2551 1430 2616 tibi
1445 2552 1643 2616 auctoritate
1659 2553 1865 2625 concedimus,
1882 2556 1944 2614 utre
1983 2561 1984 2634 l

1213 2648 1344 2723 signata
1359 2648 1512 2712 sacristia
1534 2650 1718 2714 Massilien.
1744 2651 1944 2728 ecclesiaque
1983 2635 1984 2654 ¹

1213 2759 1300 2810 nunc
1312 2746 1416 2818 tenes,
1429 2746 1529 2810 liceat
1543 2747 1601 2812 tibi
1614 2749 1718 2810 aliam
1732 2748 1767 2811 in
1779 2749 1841 2826 ipsa
1854 2748 1943 2810 ecclesia
1983 2747 1984 2752 ’

1211 2841 1362 2924 recipere
1374 2843 1580 2919 dignitatem.
1606 2846 1699 2907 Nulli
1721 2824 1944 2924 ergohancpagl-

1212 2955 1289 3005 nam
1302 2941 1424 3004 nostra
1438 2941 1665 3004 concessionis
1678 2942 1855 3020 intringere,
1871 2943 1914 3002 etc
1924 2939 1943 3000 Si

1213 3036 1286 3118 quis
1300 3038 1424 3111 autem,
1439 3039 1502 3100 etc.
1527 3041 1646 3102 Datum
1671 3041 1820 3104 laterani
1837 3041 1894 3101 xlx
1903 3037 1942 3098 ul.
1983 3059 1984 3104 v

1213 3135 1357 3210 augusti,
1371 3151 1459 3201 anno
1474 3138 1630 3200 secundo.

1479 3357 1738 3447 cccxxxiii

1293 3509 1345 3570 Ad
1367 3511 1589 3572 Ferraazdum
1612 3525 1732 3590 regem
1752 3511 1888 3572 castellar.

1515 3639 1609 3712 ttjut.
1624 3640 1706 3701 tals.

1250 3759 1390 3826 [Raynnld
1400 3760 1490 3812 Annal
1503 3762 1641 3815 ecclesiast.
1653 3765 1686 3816 sd
1701 3779 1796 3818 annum
1805 3764 1862 3828 titt.
1872 3762 1881 3826 Ι
1890 3761 1922 3819 ti]

1248 3867 1320 3924 Eum
1336 3867 1455 3940 eiusque
1471 3881 1593 3942 regnum
1608 3871 1661 3928 sub
1674 3872 1789 3944 speciali
1799 3867 1924 3943 apostolice

1354 3955 1435 4014 Sedis
1444 3963 1474 4015 et
1486 3961 1728 4031 eua'protectione
1740 3959 1851 4032 suscipit

1251 4081 1300 4146 Ad
1311 4081 1564 4160 impendendam
1577 4085 1666 4148 circa
1679 4087 1714 4148 te
1724 4087 1756 4148 et
1765 4099 1880 4162 regnum
1888 4083 1942 4140 tuan

1213 4193 1327 4241 curam
1342 4182 1375 4242 et
1387 4179 1642 4244 sollicitudinem
1653 4184 1836 4260 specialem,
1844 4181 1871 4242 et
1877 4174 1943 4239 eutis

1212 4276 1278 4337 tuae
1294 4275 1559 4340 consideratione
1574 4280 1772 4354 inducimur,
1785 4281 1815 4342 et
1827 4271 1942 4356 preclaris

1212 4373 1347 4451 inclytae
1368 4375 1610 4439 recordationis
1630 4379 1668 4438 A.
1684 4378 1772 4455 regis
1785 4367 1943 4439 castellani

1212 4470 1260 4532 tui
1275 4471 1402 4533 meritis
1422 4487 1653 4548 provocamur.
1665 4477 1745 4538 Tuae
1758 4475 1850 4552 igitur
1861 4464 1943 4531 sereni·

1211 4567 1291 4630 tatis
1302 4568 1457 4646 precibus
1469 4569 1649 4648 benignum
1661 4573 1943 4652 impertientesassen·

1212 4681 1296 4738 sum,
1313 4681 1488 4743 personam
1504 4669 1595 4730 tuam
1613 4672 1646 4733 et
1660 4685 1795 4747 regnum
1814 4655 1941 4744 ipsunsul

1212 4763 1351 4839 speciali
1363 4764 1562 4841 apostolicae
1583 4767 1678 4828 Sedis
1697 4772 1730 4831 et
1743 4761 1941 4839 nostraprotac·

1210 4865 1301 4927 tione
1324 4863 1535 4938 suscipimus,
1566 4865 1599 4926 et
1625 4865 1795 4942 praesentis
1822 4861 1940 4935 sulpura

1209 4961 1330 5040 pagina
1341 4960 1592 5023 communimus.
1607 4961 1698 5025 Nulli
1710 4977 1794 5039 ergo,
1808 4955 1941 5022 alenam

1210 5057 1465 5128 Laterani,le
1480 5057 1547 5123 kal.
1563 5063 1658 5137 Aug,
1673 5043 1940 5138 ponuncatusnosvl

1209 5172 1297 5218 anno
1314 5153 1424 5217 tertio.

1012 5393 1348 5414 —-—---⁸-
