4200 6404
119 249 190 312 317
452 243 600 311 XXVIII.
615 276 656 296 ·-
670 245 715 312 IN
737 247 867 312 FESTO
889 247 1178 316 Pndnimontim
1199 251 1453 320 minnistin„
1726 265 1787 346 318

123 409 383 472 consumantur.
397 406 460 472 Ded
476 409 554 487 quia
569 409 696 474 certum
709 409 761 472 est
774 425 834 488 per
846 409 934 474 mala
987 411 1083 481 teret,
1100 412 1174 491 quis
1189 415 1293 478 Deum
1316 415 1470 478 derebus
1486 417 1642 486 humanis
1665 435 1785 491 curere
1907 443 1911 458 ¹

122 506 249 572 mundi
276 505 400 572 electos
428 506 574 586 probari,
604 507 679 572 ideo
706 506 787 572 dicit
806 508 932 572 David:
987 511 1191 576 credidisset.
1220 529 1239 574 s
1264 513 1370 590 Igitur
1392 517 1481 578 Deus
1508 519 1670 595 permittit
1696 523 1786 589 mala

125 605 297 668 Probent
328 620 389 668 cor
426 595 545 668 meum
576 605 612 668 et
651 606 803 670 enitent
836 607 935 669 diocte
987 609 1100 672 mundi
1118 610 1344 688 multiplicari,
1362 614 1398 674 ut
1412 616 1589 692 pnaesentie
1604 619 1692 682 male
1718 621 1787 686 siut

124 701 204 782 (Ps.
229 703 279 775 16,
300 701 347 781 2).
364 705 390 764 0
409 703 507 774 Deus,
524 704 561 764 tu
575 703 723 781 probasti
744 719 802 766 cor
824 720 934 766 meum
986 705 1176 770 testimonia
1197 709 1303 771 divini
1313 709 1444 788 judicii.
1460 714 1560 786 Quia,-
1572 715 1601 778 si
1617 717 1666 782 tot
1686 718 1789 782 malis

124 797 166 864 in
193 802 304 870 nocte,
332 799 430 872 idest,
460 801 496 864 in
523 800 751 870 tribulatione·
780 803 934 878 Legimus
987 803 1167 882 affligimur
1179 806 1216 867 in
1239 807 1302 868 hoc
1314 809 1436 871 mundo
1453 813 1634 876 secundum
1649 816 1786 882 miseri·

124 899 219 978 quod
233 899 356 976 triplex
372 899 423 962 est
436 898 599 976 probatio.
615 900 769 962 idstenim
782 899 933 978 probatio
989 903 1136 966 cordiam
1151 904 1211 966 Dei
1226 901 1502 970 considerandum
1517 911 1568 972 est
1582 912 1702 988 quibus
1712 931 1786 978 ma*

56 996 58 999 ’
124 996 346 1076 perficientis,
388 997 604 1074 experientis,
644 999 678 1060 et
711 998 932 1064 adversantis.
986 999 1030 1062 lls
1044 1001 1235 1078 affligantur
1250 1004 1510 1081 qui.punientur
1529 1008 1565 1070 in
1586 1009 1638 1072 ira
1651 1013 1784 1088 judicii.

124 1091 246 1158 Prima
261 1095 333 1168 Dei,
349 1095 495 1156 secunda
509 1094 664 1168 hominis,
681 1095 781 1158 tertia
790 1095 930 1158 inimici.
987 1095 1080 1160 Unde
1096 1101 1296 1178 Gregorius:
1309 1119 1328 1164 e
1343 1103 1448 1168 Multa
1462 1106 1551 1171 mala
1563 1106 1684 1172 dabam
1697 1098 1787 1189 prae·

124 1193 298 1257 Psimaed
314 1193 712 1265 salvationemssecunda
727 1193 768 1258 ad
788 1195 934 1256 instruc·
986 1212 1133 1271 currere,
1149 1200 1187 1261 ut
1210 1201 1334 1264 malum
1356 1203 1489 1267 valeant
1511 1203 1585 1268 sine
1606 1205 1671 1268 tine
1695 1225 1786 1272 nun-

123 1291 267 1365 tionem‚
294 1287 394 1354 tertia
420 1289 462 1354 ad
479 1289 785 1369 reprehensionem.
806 1295 934 1356 Secun-
984 1294 1084 1356 itare.
1108 1313 1130 1358 ›
1153 1297 1193 1360 nt
1215 1297 1278 1362 hoc
1306 1299 1467 1377 estquod
1493 1301 1575 1366 dicit
1599 1305 1783 1370 Dominus=

126 1389 211 1452 dum
234 1390 374 1468 primam
393 1389 427 1452 et
452 1389 644 1463 secundnm,
669 1389 823 1466 probavit
845 1393 933 1452 Deus
986 1392 1127 1467 Oportet
1150 1399 1309 1469 patmum
1332 1402 1404 1460 bcac
1427 1396 1518 1472 neat,
1543 1403 1604 1464 sect
1620 1391 1784 1468 'condem

125 1487 300 1550 Abrabam
329 1486 527 1565 praecipiens
543 1484 588 1558 ei,
610 1489 646 1550 ut
667 1487 792 1550 Filium
809 1488 932 1550 immo·
984 1486 1103 1554 statim
1117 1493 1197 1564 {inb
1209 1492 1301 1572 (Luc.
1317 1509 1388 1568 xxr,
1405 1493 1450 1574 9).
1465 1498 1640 1574 Sequitur:
1656 1499 1786 1578 serpet

126 1585 227 1648 laret.
247 1584 406 1650 Probavit
425 1584 527 1646 etiam
541 1586 675 1648 sanctos
696 1600 775 1646 suos
786 1587 823 1654 ut
835 1585 931 1649 illum
984 1603 1069 1664 peres
1082 1590 1205 1654 caretro
1224 1593 1364 1666 penten
1384 1591 1515 1671 (Metti.
1536 1611 1632 1670 xxrv,
1647 1596 1693 1676 7).
1709 1601 1784 1662 No-

126 1682 367 1760 glorificarent.
397 1682 586 1746 smirndmn
607 1683 739 1750 tertiam
758 1682 930 1764 probatio-
984 1685 1217 1764 tandumquod
1231 1688 1335 1857 muys
1346 1691 1435 1754 mala
1449 1692 1616 1769 praedixit,
1628 1695 1786 1764 videlicet

125 1797 207 1844 nem
236 1781 355 1857 probat
381 1780 598 1855 adversarius
628 1795 688 1859 per
714 1781 930 1848 tentationem
984 1780 1073 1848 bella
1096 1783 1137 1850 ab
1152 1785 1277 1880 homin]
1303 1805 1355 1860 us,
1369 1787 1603 1855 subversiones
1628 1793 1661 1854 in
1683 1794 1784 1864 terrae

126 1880 168 1942 ut
181 1878 415 1956 reprehendat.
441 1880 497 1942 Sic
512 1878 602 1942 enim
623 1879 757 1960 qmdam
774 1879 930 1942 tentave-
984 1881 1139 1953 nonnus,
1159 1885 1367 1961 pestilentias
1389 1887 1426 1950 in
1451 1889 1657 1966 corporibus,
1678 1891 1785 1956 lamas
1875 1915 1881 1924 ·

125 1978 209 2039 runt
228 1979 344 2040 desum
363 1977 511 2040 dicentes
526 1993 534 2038 :
547 1979 728 2055 monster,
752 1977 830 2040 lieet
850 1993 932 2040 cen·
984 1979 1122 2047 aterraa
1148 1980 1310 2075 telephus
1338 1981 1577 2060 denotantibus,
1602 1988 1783 2054 terrorese

125 2091 210 2138 mam
228 2077 314 2138 dare
339 2079 481 2148 ccccm,
509 2091 555 2138 cn
571 2077 669 2138 nont
685 2074 816 2153 (Metili.
843 2091 929 2144 xxm
987 2078 1093 2154 signis
1112 2078 1415 2148 eelctimsmella
1430 2081 1472 2146 ab
1490 2083 1692 2160 homiuibus,
1708 2104 1784 2155 cum

127 2170 197 2253 17).
212 2172 337 2246 Quibus
349 2173 528 2238 Dominus:
546 2175 696 2240 Duidm
710 2172 862 2245 tenens,
874 2177 932 2248 ltp-
984 2175 1087 2239 dixit:
1107 2175 1234 2254 sabael
1256 2193 1341 2254 pens
1364 2180 1700 2258 contremiscet
1719 2202 1783 2249 re-

122 2272 298 2347 poci-tici
982 2289 1089 2352 pacm
1111 2278 1281 2342 adversos
1305 2279 1557 2355 rapncm.ldeo
1578 2281 1689 2350 eutem
1703 2300 1785 2362 per-

166 2369 378 2448 Sequitumet
385 2369 529 2435 visitasti
536 2385 600 2442 me,
606 2369 702 2442 idest,
710 2368 934 2446 inspiratione
983 2371 1127 2438 mittitur
1139 2387 1222 2450 gens
1236 2375 1353 2438 contra
1364 2377 1497 2453 gentem
1511 2394 1660 2455 surgere,
1673 2383 1711 2446 nt
1721 2382 1785 2446 lio·

125 2471 189 2528 tua
202 2468 390 2530 consolatus
405 2483 441 2529 es
453 2483 517 2530 me.
532 2468 683 2540 cuatuor
692 2467 799 2530 modis
819 2466 931 2528 visitat
983 2469 1090 2532 mines
1105 2472 1163 2548 qui
1188 2472 1306 2534 nolunt
1329 2489 1405 2540 cum
1419 2477 1487 2538 Deo
1506 2475 1630 2541 bebere
1642 2481 1782 2556 partem,

127 2565 244 2628 oriens
258 2582 302 2630 ex
324 2566 392 2630 alto
407 2565 684 2644 quoslibetjustos
700 2587 709 2626 ε
725 2565 931 2646 exhibitione
984 2570 1166 2645 puniantur
1181 2571 1397 2648 asemetipsis
1411 2573 1526 2636 mutua
1540 2575 1684 2650 actione,
1696 2578 1783 2642 sicut

127 2664 302 2741 precepti,
320 2663 501 2742 asperitate
516 2663 678 2740 martyrii,
699 2663 847 2726 novitate
861 2665 929 2738 mi÷
984 2665 1071 2730 dixit
1081 2667 1186 2730 David
1197 2689 1205 2726 :
1216 2670 1393 2742 Quousque
1407 2672 1548 2736 irruitis
1561 2675 1599 2734 ln
1612 2677 1779 2750 immines,

126 2761 251 2834 recoli,
268 2763 301 2824 et
318 2761 538 2840 inspiratione
561 2761 684 2824 subtili.
709 2763 931 2826 scotatione
984 2764 1181 2836 interficitis
1189 2765 1497 2846 oniomnvmffs.
1509 2767 1615 2849 GM).
1629 2773 1784 2850 seipsum

124 2861 295 2940 precepti
317 2861 360 2924 ad
391 2859 622 2932 erudiendum,
652 2859 729 2937 quie
756 2859 931 2944 praeceptis
985 2859 1142 2926 interficit
1155 2861 1191 2922 in
1205 2861 1317 2929 anima
1333 2863 1390 2940 qui
1403 2863 1506 2926 alium
1517 2865 1552 2928 in
1567 2882 1680 2930 carne.

128 2958 313 3020 erudimur.
327 2959 525 3034 Asperitota
536 2959 702 3033 marturii
714 2957 755 3020 ad
766 2973 932 3022 coronan-
1025 2958 1264 3023 subversiones
1279 2976 1299 3022 a
1317 2961 1416 3024 terrae
1431 2963 1586 3038 motibus,
1603 2965 1681 3044 quia
1697 2967 1785 3036 sicut

129 3056 221 3128 dum,
256 3056 335 3134 quia
369 3057 530 3134 martyrio
566 3071 726 3122 wadnam
751 3069 929 3121 meremur.
984 3056 1066 3121 dicit
1091 3056 1210 3122 beatus
1230 3059 1432 3135 Gregorius:
1448 3061 1676 3128 «Audivimus
1696 3067 1783 3143 quod

129 3155 296 3217 Ncottcte
320 3157 493 3223 miraculi,
516 3153 552 3217 ut
577 3152 717 3217 tirmiter
740 3153 930 3218 astruemus
983 3155 1082 3220 terrae
1097 3155 1315 3221 motusurbes
1328 3157 1523 3222 innumeras
1539 3159 1784 3230 subruatNon·

128 3252 163 3314 ei
182 3251 322 3314 tirmiter
343 3251 527 3314 credemus.
548 3251 782 3326 inspiratione
802 3252 928 3326 subtili,
983 3253 1084 3316 nullae
1112 3254 1213 3318 ctiam
1239 3253 1392 3318 ciuitates
1416 3257 1448 3319 et
1477 3258 1597 3335 oppida
1622 3261 1659 3324 in
1686 3261 1783 3328 mous

128 3351 268 3429 utiusta
289 3351 323 3412 et
335 3349 389 3427 pie
407 3349 449 3413 de
468 3351 536 3412 Deo
561 3349 754 3410 sentiamus.
778 3350 929 3426 Inspira—
984 3365 1144 3412 conversa
1160 3351 1246 3415 suni.
1267 3351 1340 3416 »at
1363 3351 1427 3414 hoc
1445 3354 1537 3429 justo
1556 3355 1616 3416 Dei
1639 3357 1782 3434 judicto,

129 3451 223 3512 tione
237 3449 337 3512 etiam
352 3447 467 3512 subtili
481 3447 640 3510 Dominus
659 3446 805 3524 quotidie
817 3447 931 3510 visitat
984 3447 1020 3512 ut
1034 3447 1186 3510 homines
1206 3449 1264 3526 qui
1285 3448 1491 3513 delectantur
1505 3450 1540 3517 in
1554 3452 1709 3528 terrenis,
1720 3473 1784 3533 pu-

130 3546 246 3608 fideles
256 3561 344 3616 suos,
355 3545 393 3608 ut
401 3543 608 3622 postmodum
622 3543 739 3620 probet
752 3559 820 3608 eos.
835 3543 930 3610 Unde
983 3545 1119 3607 niantur
1141 3548 1319 3626 perterre
1340 3547 1460 3619 motus,
1482 3549 1516 3610 et
1536 3549 1636 3614 etiam
1652 3549 1783 3618 discant

128 3645 274 3721 legitur:
296 3643 750 3714 Visilasbominesdiicculo,
765 3642 799 3703 et
819 3642 929 3704 cardito
984 3642 1067 3704 nihil
1092 3657 1166 3705 esse
1192 3643 1312 3706 stabile
1330 3643 1365 3709 in
1389 3643 1706 3720 scemurensem
1729 3651 1783 3714 vi-

125 3738 686 3820 proboeos(tob.v11,18).1>rimo
708 3738 929 3802 hominesvi-
983 3741 1082 3804 deant
1109 3740 1210 3805 etiam
1236 3742 1360 3806 terram
1392 3741 1519 3806 subrui.
1545 3745 1639 3811 Unde
1663 3746 1783 3815 beatus

129 3841 209 3904 sitat
223 3855 282 3918 per
296 3838 408 3902 cernis
423 3837 694 3914 assumptionem,
710 3835 876 3909 videlicet,
893 3836 929 3898 in
981 3838 1208 3914 Augustinus:
1225 3856 1243 3899 ι
1265 3839 1349 3911 Quid
1364 3841 1517 3920 ponimus
1544 3858 1602 3906 cor
1620 3845 1656 3906 in
1677 3846 1780 3922 terra,

129 3937 369 4015 conception03
400 3935 545 4000 secundo
570 3949 629 4011 per
653 3933 747 3996 vocis
774 3932 928 3996 humane
982 3953 1057 4000 cum
1072 3936 1243 4000 videamus
1258 3937 1661 4014 quiaevertiturterrai»

129 4035 369 4100 correctionem
391 4033 427 4098 in
449 4032 710 4114 praedication03
740 4031 849 4104 tertio,
870 4047 930 4110 per
1022 4034 1234 4100 Pestilentiae
1259 4035 1294 4098 in
1318 4037 1618 4116 corporibusque
1642 4041 1781 4118 dignum

128 4129 763 4212 gratiaecollationaminjustiticatioue.
776 4129 928 4195 Diluculo
982 4131 1032 4196 est
1057 4131 1093 4194 ut
1112 4130 1265 4198 hominos
1288 4131 1345 4210 qui
1371 4132 1510 4210 diligere
1532 4136 1685 4200 nesciunt
1712 4139 1782 4202 nisi

129 4247 260 4312 quoqne
280 4229 440 4296 Dominus
452 4229 577 4298 visitat,
593 4245 667 4292 eum
681 4227 806 4290 erroris
823 4227 930 4294 nostri
982 4245 1122 4307 corpora
1142 4245 1214 4302 sue,
1229 4229 1393 4294 leniantur
1406 4229 1515 4294 subita
1528 4233 1729 4312 pestilentia,
1742 4235 1778 4300 in

128 4329 283 4394 tenebras
299 4345 370 4392 suae
383 4328 468 4393 lucis
483 4327 671 4403 cognitione
686 4326 841 4393 sinuat.
858 4329 928 4392 Hoc
982 4343 1046 4406 qua
1069 4327 1117 4392 nil
1127 4327 1238 4391 valeat
1261 4327 1438 4390 medicina.
1454 4329 1547 4392 Unde
1572 4332 1778 4408 Gregorius:

129 4428 228 4491 modo
259 4426 408 4490 visitarit
438 4425 557 4490 Daniel
587 4427 774 4488 Susannam
804 4423 929 4502 injuste
981 4423 1231 4490 «pestilentias
1259 4425 1331 4492 sine
1359 4426 1546 4491 cessatione
1578 4428 1724 4506 patimur
1748 4449 1778 4494 s.

129 4527 330 4594 damnatam,
356 4523 489 4602 quando
511 4539 531 4586 a
553 4522 670 4587 mortis
689 4521 929 4603 periculosam
982 4525 1099 4586 Damas
1114 4521 1245 4588 eternae
1259 4521 1420 4588 tructibus
1435 4523 1682 4604 deicientibus3
1700 4529 1781 4608 quie

128 4623 286 4690 liberavit
303 4623 401 4700 juxta
428 4621 604 4686 consilium
629 4620 795 4699 sepientis
810 4637 818 4682 :
831 4623 928 4684 Erato
982 4620 1118 4698 dignum
1145 4621 1196 4682 est
1229 4620 1266 4683 ut
1292 4621 1445 4687 homines
1475 4621 1532 4700 qui
1563 4626 1780 4696 contemnunt

129 4737 188 4785 eos
202 4720 447 4796 poldnountur
465 4723 509 4784 od
529 4720 688 4791 moriano,
716 4717 750 4782 et
773 4721 831 4794 pot
853 4719 930 4782 irc·
981 4721 1085 4783 Deum
1100 4719 1235 4797 propter
1259 4720 1475 4784 voracitatem
1504 4737 1574 4784 suae
1592 4725 1692 4801 gule,
1718 4743 1782 4805 pu-

128 4821 262 4884 lsentur
283 4821 329 4882 cd
355 4820 560 4894 supplicium
587 4819 735 4883 liberare
754 4832 797 4880 aa
816 4832 928 4880 cesses
981 4817 1119 4881 niantur
1131 4816 1229 4882 lamis
1248 4817 1439 4884 afflictione.
1457 4819 1550 4884 Unde
1570 4821 1700 4887 dicebat
1722 4828 1782 4889 Je-

130 4917 244 4998 (Prov.
256 4931 353 4988 xxiv,
370 4913 434 4994 11).
981 4915 1104 4978 remiss
1121 4937 1129 4976 ε
1146 4917 1270 4980 Mettus
1292 4917 1360 4991 luit
1383 4919 1507 4980 occisis
1526 4923 1651 4994 plodio
1677 4937 1782 4996 quern

169 5014 322 5078 Diluculo
352 5012 468 5075 visitat
495 5012 529 5073 et
551 5009 660 5074 subito
686 5010 819 5089 probat.
848 5011 927 5089 quia
981 5013 1173 5087 intersectis
1186 5015 1279 5088 sanae
1295 5011 1430 5091 (Teren.
1447 5021 1493 5087 iv,
1512 5014 1557 5094 9).
1575 5019 1734 5082 Terrores
1756 5037 1777 5084 a

129 5113 230 5178 stiam
252 5109 463 5176 accendendo
478 5107 578 5172 eorda
603 5109 717 5175 nostra
732 5109 774 5175 ad
788 5109 928 5174 virtutes
982 5109 1089 5187 signis
1103 5109 1309 5186 coelestibus
1326 5111 1405 5189 quia
1420 5111 1555 5188 dignum
1569 5114 1621 5178 est
1632 5117 1669 5178 ut
1678 5117 1783 5180 homi·

129 5211 293 5292 protehit
310 5210 342 5274 et
359 5207 546 5272 recedendo
569 5207 726 5268 conlundi
745 5207 929 5272 tentatione
982 5223 1041 5272 nes
1057 5206 1114 5286 qui
1138 5207 1255 5272 nolunt
1276 5211 1379 5274 Deum
1399 5209 1529 5283 timere,
1545 5212 1603 5290 qui
1626 5213 1718 5279 dedit
1731 5217 1782 5282 eis

130 5309 300 5390 permittit,
317 5308 351 5372 et
376 5307 450 5372 linc
471 5306 522 5368 est
540 5305 679 5368 mutatio
699 5303 845 5368 dexterae
862 5309 930 5368 Ex·
983 5305 1145 5384 praeclara
1164 5305 1344 5370 luminaria
1364 5307 1405 5370 ud
1427 5308 1617 5384 servitium,
1641 5312 1781 5378 timeant

130 5408 223 5472 celsi.
246 5411 300 5470 Ad
318 5407 549 5469 miesconem
567 5405 767 5466 divinorum
779 5406 931 5476 jannicio-
984 5404 1202 5481 eumasignis
1215 5403 1522 5482 celiquaeveniunt
1536 5411 1658 5485 preter
1669 5427 1780 5477 usum·

130 5523 229 5580 rura,
254 5505 332 5583 quia
358 5501 445 5568 sicut
468 5501 548 5566 dicit
575 5501 692 5564 beatus
721 5501 927 5577 Gregorius:
984 5502 1078 5566 Unde
1093 5501 1252 5566 Dominus
1266 5503 1302 5567 in
1317 5503 1497 5580 Evangelio
1515 5527 1522 5567 ι
1540 5508 1658 5570 Erunt
1679 5513 1781 5590 epau
1885 5577 1897 5600 ,

131 5605 197 5667 ‹Si
212 5607 301 5666 Dens
314 5601 407 5666 nulla
422 5599 508 5666 male
525 5600 560 5662 in
576 5599 639 5664 hoc
654 5595 777 5662 mundo
792 5597 931 5676 permit·
984 5605 1021 5665 tn
1033 5607 1102 5664 sole
1112 5603 1146 5665 et
1156 5607 1238 5666 lunc
1252 5603 1286 5675 et
1297 5602 1404 5666 stellis
1419 5601 1512 5682 (Luc.
1529 5621 1600 5678 xm,
1616 5605 1680 5687 15).
1780 5671 1781 5676 ,
