4234 6408
181 217 244 280 225

181 377 305 442 terium
320 377 372 438 est
388 378 598 450 translatum,
616 393 714 456 quarn
735 380 824 442 idem
843 398 980 442 monas-

181 477 304 538 terinm
335 475 435 550 longo
470 475 617 552 tempore
653 478 803 540 asseritis
832 480 979 540 tenuisse

180 571 360 651 antequam
377 573 528 634 instituta
542 573 774 637 Cisterciensis
790 577 871 638 ordo
884 593 980 638 rece-

182 673 297 750 pisset,
312 671 398 732 sicut
411 687 483 732 eam
491 674 580 750 juste
592 688 630 734 ac
643 675 780 750 pacifice
791 675 977 751 possidetis

181 771 277 834 vobis
301 771 334 831 et
352 769 490 846 praelato
511 771 620 832 vestro
643 773 847 832 monasterio
869 775 981 834 aucto-

182 869 281 931 ritate
301 867 492 944 Apostolica
507 867 742 930 confirmamus
761 871 792 930 et
806 870 980 946 praesentis

179 965 297 1043 scripti
312 965 497 1042 patrocinio
519 967 772 1028 communimus,
789 966 880 1028 Nulli
901 983 980 1043 ergo

182 1051 318 1126 omnino
336 1062 519 1134 hominum,
537 1064 598 1124 etc.
614 1065 734 1125 Datum
749 1065 916 1136 Laterani,
935 1068 979 1126 ΙΙΙ

182 1161 344 1224 kalendas
361 1159 533 1234 februarii,
547 1161 756 1262 pontificatus
771 1163 877 1224 nostri
891 1179 978 1224 anno

183 1275 302 1337 primo.

468 1418 696 1506 CLXXXIII

222 1599 274 1660 Act
295 1603 425 1660 cierunt
444 1597 478 1657 et
500 1603 664 1672 popttltnn
691 1598 882 1658 Gettlonditc
906 1598 939 1660 ct

263 1698 895 1770 cerotumLtrtcopcnsemepiscopum.

480 1836 515 1894 30
524 1835 584 1908 jan.
600 1835 678 1892 tiit.

322 1949 479 2016 [t'astovius
493 1949 559 2002 Vitis
569 1949 717 2015 Aquilonia,
730 1967 758 2015 p.
773 1950 838 2016 ital

178 2093 424 2166 compositionem
443 2093 516 2150 inter
530 2094 637 2150 elerum
653 2094 847 2166 populumque
859 2093 976 2151 Gutlan·

217 2182 272 2240 dire
295 2190 324 2240 et
358 2181 488 2240 carolum
517 2183 725 2254 lincopensem
749 2183 914 2255 episcopum
944 2182 979 2240 de

216 2271 415 2328 distributione
435 2269 610 2327 decimarum
633 2271 743 2340 initam,
764 2279 792 2328 et
812 2273 979 2328 auctoritate

215 2359 338 2418 Andreas
374 2357 580 2433 archiepiscopi
618 2357 778 2418 bundensis
804 2359 977 2430 roboratam,

216 2449 377 2520 confirmat.

220 2592 324 2657 dusiis
355 2593 549 2671 petentium,
582 2595 657 2665 etc,
692 2609 799 2666 emptio
827 2609 976 2654 assensu.

182 2691 460 2769 compositionem
487 2707 587 2768 super
616 2690 848 2752 distributione
884 2691 978 2752 deci-

181 2807 311 2852 marum
323 2791 424 2852 totius
443 2791 541 2853 terrae
561 2792 680 2852 vestrae
700 2790 859 2851 intervos
877 2791 980 2850 etve-

180 2888 365 2951 nerabilem
380 2886 516 2950 tratrem
532 2889 680 2948 nostrum
693 2888 873 2966 Lincopen.
890 2887 980 2964 epis-

183 3003 300 3064 copum
313 2987 354 3047 de
369 3002 508 3048 assensu
522 2987 554 3047 et
566 2985 763 3048 auctoritate
775 2985 978 3048 venerabilis

182 3085 296 3147 fratris
315 3085 421 3145 nostri
438 3083 587 3144 Lunden.
599 3084 843 3161 archiepiscopi
858 3083 980 3144 amica·

181 3181 295 3244 biliter
314 3181 442 3254 initam,
460 3183 545 3242 sicut
566 3182 639 3242 sine
662 3183 824 3258 pravitate
843 3182 979 3258 provide

182 3279 270 3340 lacta
294 3279 358 3350 est,
384 3281 416 3340 et
442 3279 483 3340 ab
505 3279 644 3356 utraque
667 3281 760 3357 parte
782 3281 899 3356 sponte
924 3295 980 3339 re—

183 3379 288 3454 cepta,
301 3380 334 3439 et
345 3377 457 3439 multis
472 3377 675 3454 temporibus
688 3377 880 3453 approbata,
889 3391 928 3436 ac
943 3377 977 3436 in

183 3475 415 3552 praedictorum
427 3475 670 3551 archiepiscopi
685 3477 718 3534 et
730 3474 879 3551 episcopi
894 3473 948 3533 litt
967 3504 980 3516 ·

184 3573 230 3634 ris
250 3572 372 3635 dicitur
385 3572 561 3641 contineri,
578 3571 775 3633 auctoritate
789 3569 979 3646 Apostolioa

184 3670 428 3742 confirmamus
441 3671 473 3732 et
485 3669 660 3746 praesentis
671 3667 787 3744 scripti
796 3667 979 3744 patrocinio

185 3772 436 3830 communimus.
453 3767 545 3828 Nulli
561 3782 651 3840 erge,
663 3767 738 3836 etc„
755 3766 877 3824 nostrae
896 3779 979 3824 con-

185 3865 394 3936 firmationis,
411 3866 473 3925 etc.
496 3863 756 3937 simmacum,
778 3861 840 3920 etc.
862 3860 980 3922 Datum

184 3963 351 4033 Laterani,
371 3962 416 4022 ΙΙΙ
433 3958 594 4020 kalendas
614 3957 789 4031 februarii,
806 3958 981 4036 pontifica-

183 4064 235 4124 tus
250 4059 356 4122 nostri
368 4069 457 4118 anno
472 4056 590 4133 primo.

474 4253 697 4340 CLXXXIV

202 4417 254 4477 Ac
265 4413 474 4490 rtmptstrunt
488 4414 521 4474 cl
535 4413 813 4488 fratrcthttttcc
820 4415 956 4488 Templi.

473 4545 509 4602 30
524 4543 585 4617 jan.
607 4545 686 4604 titt,

199 4652 272 4718 [coa.
287 4653 333 4702 nt.
346 4651 417 4714 aaut,
431 4665 457 4716 p.
476 4651 529 4700 ror.
547 4652 604 4702 uss.
624 4635 801 4714 aletrannus
814 4649 964 4714 naconem]

184 4796 321 4868 Magistro
337 4794 453 4852 fratrum
468 4793 575 4852 llilitie
590 4792 699 4864 Templi
714 4794 743 4850 in
759 4793 894 4866 llispania
910 4807 978 4850 con-

219 4885 322 4942 stitutis
342 4883 469 4951 mandat,
487 4889 518 4939 ut
532 4883 607 4939 eirca
623 4897 739 4938 causam
763 4883 835 4938 inter
857 4883 934 4954 ipsos
954 4889 982 4939 et

217 4973 383 5046 episcopum
399 4971 620 5030 Ulixbcnensem
636 4985 722 5042 super
740 4969 804 5042 jure
825 4971 982 5043 episcopali

218 5062 249 5118 iu
263 5062 384 5118 ecclesia
399 5060 435 5117 de
453 5061 556 5117 Tomar
573 5060 772 5117 executionem
791 5057 895 5116 babeat
914 5073 979 5116 scn-

218 5149 306 5208 teotia
320 5149 355 5206 ab
369 5151 536 5208 innocentio
547 5151 587 5206 lll
601 5149 847 5221 promulgataque
866 5148 930 5204 illos
946 5147 982 5206 eb

218 5239 297 5296 omni
309 5237 506 5313 jurisdictione
513 5233 623 5309 praelati
637 5237 763 5309 episcopi
779 5237 897 5294 omnino
910 5236 979 5293 libe-

218 5341 267 5384 ros
281 5335 310 5385 et
322 5334 470 5400 exemptos
480 5325 627 5400 judicavit.

227 5462 389 5534 Quoniam
400 5461 582 5522 labentium
596 5461 780 5538 temporum
796 5476 913 5520 cursus
928 5475 984 5521 re-

187 5577 261 5624 rum
283 5561 489 5638 gestarum...
523 5558 718 5621 memoriam
745 5573 857 5620 secum
882 5557 981 5636 rapit,

326 5733 440 5777 rsrnon.
456 5733 530 5779 roua
543 5722 579 5778 ll.

818 221 1048 284 nrts'roiAE.
1072 221 1150 282 LIB.
1175 221 1198 281 1.

1772 226 1831 286 226

1035 381 1150 442 contra
1161 379 1337 443 oblivionis
1348 379 1593 442 incommodum
1607 385 1832 446 necessarium

1035 481 1084 540 est
1107 479 1290 539 remedium
1314 478 1565 555 scripturarum,
1589 480 1727 542 uelites
1750 497 1832 542 con-

1035 578 1148 638 cordia
1176 577 1228 638 vel
1251 577 1379 653 judicio
1414 577 1600 639 terminatae
1625 578 1659 638 in
1688 579 1833 641 residuae

1035 675 1228 752 quaestionis
1244 675 1434 752 scrupulum
1455 676 1659 737 relabantur.
1675 679 1754 737 (ium
1769 678 1835 753 igi-

1035 773 1090 832 tur
1113 772 1253 848 quaestio
1278 789 1350 850 quae
1371 771 1457 834 Inter
1476 789 1535 833 vos
1555 790 1596 834 ex
1617 776 1710 850 parte
1723 791 1789 835 una
1802 775 1835 836 et
1880 767 1883 772 ’

1036 869 1260 930 venerabilem
1270 869 1406 932 tratrem
1417 871 1566 932 nostrum
1576 871 1834 934 Ulinhonensem

1035 969 1226 1044 episcopum
1241 983 1342 1044 snper
1356 967 1507 1029 ecclesiis
1529 969 1569 1029 de
1590 972 1711 1030 Tomar
1724 973 1836 1032 verte-

1035 1065 1143 1137 batur,
1157 1080 1217 1141 per
1227 1065 1424 1126 sententiam
1437 1065 1544 1126 seticis
1554 1068 1723 1127 memoriae
1734 1069 1836 1128 Inno-

1034 1162 1135 1224 centii
1150 1179 1244 1240 papae
1259 1163 1514 1240 predecessoris
1529 1164 1635 1224 nostri
1652 1163 1752 1225 fuerit
1765 1167 1836 1226 ter-

1034 1259 1171 1332 minata,
1197 1261 1283 1322 sicut
1298 1261 1334 1320 in
1360 1263 1432 1336 eJus
1454 1262 1685 1338 prospeximus
1713 1262 1834 1324 litteris

1033 1359 1209 1430 contineri,
1226 1374 1287 1419 nos
1305 1358 1454 1420 eamdem
1470 1359 1667 1421 sententiam
1687 1361 1835 1422 auctori-

1034 1457 1102 1517 tate
1127 1456 1318 1533 Apostolica
1337 1455 1572 1517 confirmamus
1606 1459 1638 1518 et
1659 1459 1833 1535 praesentis

1034 1554 1148 1631 scripti
1169 1555 1292 1631 pagina
1317 1553 1571 1614 communimus.
1600 1555 1650 1616 Ad
1674 1559 1834 1632 majorem

1033 1667 1113 1712 vero
1133 1652 1333 1722 firmitatem,
1353 1652 1502 1712 tenorem
1530 1652 1636 1728 ipsius
1660 1654 1833 1715 sententiae

1034 1749 1252 1824 praesentibus
1259 1747 1421 1827 jussimus
1432 1750 1599 1821 annotari,
1610 1751 1667 1826 qui
1676 1750 1752 1811 talis
1764 1753 1831 1812 est:

1074 1847 1320 1908 ‹iunocentius
1340 1849 1514 1925 episcopus
1535 1863 1650 1908 servus
1661 1864 1833 1910 servorum

1033 1945 1093 2006 Dei
1108 1945 1238 2005 dilectis
1252 1943 1330 2005 tiliis
1345 1945 1504 2020 magistro
1519 1947 1552 2004 et
1567 1944 1725 2005 tratribus
1742 1945 1835 2006 mili-

1033 2042 1088 2103 tiae
1103 2041 1241 2118 Templi,
1254 2042 1395 2103 salutem
1408 2043 1441 2103 et
1450 2042 1665 2118 apostolicam
1678 2041 1836 2104 benedic-

1033 2141 1168 2202 tionem.

1074 2238 1393 2316 «Te,illi,magister
1404 2239 1439 2300 F.
1449 2237 1746 2315 Militiael'empliin
1762 2237 1835 2300 ills-

1034 2337 1145 2414 pania,
1167 2337 1202 2396 in
1223 2321 1343 2399 nostra
1363 2337 1543 2414 praesentia
1564 2338 1832 2415 conquerentem,

1034 2433 1121 2510 quod
1132 2434 1336 2496 venerabilis
1353 2435 1456 2495 irater
1472 2435 1586 2496 noster
1599 2435 1833 2496 Ulixbonensis

1034 2531 1208 2608 episcopus
1223 2532 1255 2593 te
1269 2547 1308 2592 ac
1323 2531 1455 2591 domum
1467 2531 1596 2606 Templi
1611 2543 1712 2606 super
1726 2532 1834 2592 eccle-

1034 2628 1095 2688 siis
1108 2629 1276 2689 de'Tomar
1285 2628 1492 2700 molestabat,
1501 2629 1624 2704 injuste
1635 2628 1669 2687 in
1680 2627 1748 2688 illis
1755 2631 1832 2705 jura

1034 2727 1236 2802 episcopalia
1252 2727 1427 2802 exigendo,
1448 2743 1523 2788 cum
1542 2724 1649 2788 felicis
1664 2727 1833 2788 memoriae

1033 2824 1210 2896 Adrianus,
1238 2824 1428 2885 Alexander
1452 2826 1486 2885 et
1511 2823 1663 2884 Urbanus
1692 2825 1833 2886 Romani

1034 2922 1206 2998 pontifices
1221 2921 1339 2982 i'undos
1351 2922 1567 2984 ecclesiarum
1578 2919 1726 2998 ipsarum
1736 2921 1833 2984 beato

1034 3020 1132 3080 Petro
1154 3019 1277 3080 intuitu
1299 3019 1484 3080 devotionis
1509 3018 1635 3080 oblatos
1662 3019 1697 3080 in
1721 3023 1777 3098 jus
1802 3021 1834 3082 et

1033 3118 1268 3196 proprietatem
1288 3117 1393 3194 ipsius
1413 3117 1598 3180 beatiPetri
1613 3119 1832 3194 susceperint,

1033 3215 1250 3276 concedentes
1270 3214 1364 3290 vobis
1388 3214 1528 3274 liberam
1547 3214 1736 3276 facultatem
1753 3232 1835 3276 oon-

1034 3313 1183 3374 struendi
1194 3311 1353 3373 ecclesias
1375 3311 1410 3371 in
1432 3312 1569 3376 eisdem,
1591 3328 1630 3372 ac
1650 3315 1832 3374 statuentes

1034 3411 1070 3470 ut
1084 3409 1234 3469 ecclesiae
1254 3407 1334 3483 ipsae
1354 3407 1438 3466 nulli
1457 3407 1522 3467 nisi
1540 3409 1667 3469 tantum
1683 3411 1832 3471 Romano

1035 3506 1188 3566 Pontillci
1209 3503 1420 3582 subjacerent
1439 3504 1491 3564 vol
1509 3504 1701 3565 tenerentur
1715 3506 1750 3564 in
1765 3505 1832 3566 ali-

1035 3619 1098 3680 quo
1114 3601 1326 3678 respondere,
1344 3600 1429 3660 sicut
1445 3615 1503 3675 per
1523 3605 1670 3676 ipsorum
1695 3602 1834 3678 privile-

1034 3701 1090 3775 gia
1105 3697 1231 3775 liquida
1247 3697 1506 3758 demonstrabas.
1525 3697 1688 3758 Praetatus
1703 3700 1834 3776 episco-

1035 3813 1095 3874 pus
1109 3813 1152 3857 ex
1165 3795 1304 3856 adverso
1318 3795 1488 3871 respondit
1500 3795 1673 3872 privilegia
1685 3796 1757 3874 ipsa
1768 3799 1833 3860 sibi

1035 3910 1155 3955 nocere
1170 3893 1379 3970 aliquatenus
1395 3909 1461 3955 non
1476 3894 1607 3967 debere,
1631 3897 1741 3972 utpote
1758 3913 1832 3974 quae

1034 3992 1283 4054 incitaveritate
1298 3992 1464 4068 subrepta,
1474 3991 1513 4053 de
1526 3993 1764 4070 compositione
1775 4011 1834 4057 su-

1034 4108 1094 4169 per
1108 4091 1171 4153 hoc
1186 4090 1272 4152 lacta
1285 4091 1372 4152 inter
1387 4090 1519 4151 domum
1533 4091 1678 4152 vestram
1691 4094 1724 4153 et
1737 4092 1832 4154 bonae

1035 4189 1205 4251 memoriae
1220 4187 1416 4249 oilibertum
1433 4185 1692 4247 Ulixbonensem
1703 4189 1834 4264 episco-

1035 4304 1123 4364 pum,
1141 4287 1207 4346 eta
1223 4284 1360 4361 praelato
1380 4283 1525 4343 Adriano
1543 4285 1692 4345 Romano
1713 4286 1832 4346 Ponti-

1036 4385 1097 4444 tlce
1107 4383 1311 4452 confirmata,
1325 4381 1451 4440 nullam
1465 4380 1595 4456 penitus
1606 4380 1732 4442 faciunt
1742 4399 1832 4442 men-

1034 4482 1170 4552 tionem,
1194 4479 1354 4556 adjiciens
1383 4477 1469 4556 quod
1498 4495 1572 4539 cum
1601 4495 1660 4556 pro
1682 4480 1833 4542 ecclesiis

1035 4580 1117 4656 ipsis
1126 4579 1162 4638 in
1167 4577 1410 4655 jurisdictionis
1423 4576 1650 4652 recognitmne
1661 4578 1836 4655 episcopa-

1037 4677 1078 4738 lis
1093 4677 1248 4739 continue
1269 4674 1435 4738 solveritis
1462 4676 1607 4752 quinque
1629 4677 1753 4738 solidos
1768 4693 1834 4738 an-

1036 4791 1121 4836 nuos
1142 4774 1206 4835 sibi
1235 4775 1267 4835 et
1299 4773 1602 4852 praedecessoribus
1632 4774 1714 4846 suis,
1736 4777 1835 4851 juxta

1035 4875 1184 4935 tenorem
1201 4870 1450 4948 compositionis
1469 4871 1635 4948 praedictae
1651 4872 1761 4942 tacite,
1779 4888 1835 4933 re-

1037 4971 1214 5031 nunciasse
1223 4968 1425 5029 videbamini
1434 4967 1618 5042 privilegiis
1631 4968 1834 5040 memoratis

1037 5066 1133 5146 quasi
1153 5066 1252 5128 etiam
1270 5067 1382 5126 essent
1396 5063 1481 5124 alias
1494 5063 1648 5135 valitura,
1666 5063 1839 5141 praescrip-

1035 5168 1161 5231 tionem
1185 5165 1297 5227 tamen
1320 5162 1436 5222 contra
1458 5159 1573 5221 eadem
1595 5149 1770 5235 allegabat,
1795 5162 1838 5223 ad

1037 5282 1110 5328 eam
1130 5259 1334 5341 probandam
1353 5257 1506 5318 inducias
1531 5259 1563 5318 et
1577 5257 1708 5334 jndices
1724 5261 1839 5334 postn-

1036 5363 1136 5425 lando
1150 5377 1189 5424 ac
1204 5356 1345 5437 petendo
1361 5354 1629 5434 jurisdictionem
1640 5355 1728 5432 jnris
1744 5357 1837 5433 epis-

1037 5460 1164 5537 copalis
1186 5455 1250 5517 sibi
1273 5453 1449 5516 substracti
1473 5452 1509 5512 in
1532 5452 1657 5513 eisdem
1672 5453 1836 5528 ecclesiis,

1038 5561 1075 5622 ut
1087 5555 1227 5620 dicebat.
1244 5554 1313 5615 Nos
1327 5550 1430 5628 igitur
1444 5549 1497 5611 bis
1517 5549 1550 5612 et
1568 5549 1644 5611 aliis
1662 5549 1742 5614 bino
1761 5551 1837 5614 inde

1664 5715 1689 5770 8.
