4104 6392
935 217 1109 280 uouoau
1133 215 1177 316 lu
1198 219 1343 284 ornan.
1757 201 1765 210 '
1923 221 1987 282 nos

631 409 799 495 Gellii

318 555 369 612 Aoi
395 555 588 627 episcopum
616 550 882 612 Botbonteosom
904 554 934 611 et
953 551 1109 623 prnorem

434 648 703 721 conventumque
723 647 986 708 titostontenscs.

605 771 638 827 li
656 769 723 826 maii
743 767 820 826 itit.

395 875 524 939 [wilkins
535 875 630 926 Concii.
641 874 781 924 Britannias
791 881 817 924 et
827 873 922 933 Hiber„
933 875 953 934 I,
964 874 1032 935 titt]

317 984 556 1056 compositionem
572 982 646 1039 iuter
660 981 827 1054 episcopum
848 978 1070 1038 bathoniensem
1083 985 1111 1036 et

364 1078 537 1130 conventum
548 1070 777 1128 Glestouiensem
789 1069 889 1126 initam
901 1067 1062 1125 eoulrmst.

358 1189 534 1259 Honorino,
570 1197 686 1247 servus
710 1197 881 1246 servorum
902 1185 973 1252 Del,
994 1201 1108 1246 vener.

318 1287 413 1348 tratri
438 1285 594 1362 episcopo
617 1283 757 1344 Batbon.
780 1285 918 1360 ejusque
939 1297 1112 1344 successo-

317 1383 421 1445 ribus
806 1398 811 1415 .

359 1483 437 1540 Cum
455 1479 541 1540 inter
564 1479 607 1551 te,
633 1479 667 1539 et
685 1477 840 1554 priorem,
858 1477 891 1538 et
914 1477 1111 1538 conventum

320 1578 466 1639 Glaston.
485 1591 584 1653 super
605 1575 727 1636 unione
742 1575 835 1636 Batb.
852 1577 885 1635 et
901 1574 1113 1636 classense

319 1673 507 1744 elesiarum,
525 1687 622 1749 quam
636 1666 700 1748 ipsi
709 1669 847 1731 dissolvi
858 1669 1022 1746 petebant,
1035 1668 1113 1730 luis·

319 1769 520 1847 setquaestio
538 1761 662 1830 dlutius
682 1768 843 1842 agitata...
869 1763 975 1829 Nos...
996 1781 1110 1828 tener.

318 1867 414 1929 fratri
439 1867 553 1928 nostro
580 1867 618 1926 R.
643 1863 815 1926 Saresbur.
837 1865 1003 1941 episcopo,
1026 1863 1059 1924 et
1074 1865 1110 1923 P.

318 1960 497 2024 Norviceu.
514 1963 630 2034 electo,
655 1961 838 2022 camerario
863 1962 988 2033 nostro,
1018 1959 1112 2022 Sedis

318 2059 515 2137 Apostolioae
539 2059 661 2134 legato,
679 2057 800 2119 nostris
824 2057 973 2118 dedimus
993 2056 1112 2118 litteris

319 2158 356 2218 in
378 2155 553 2226 mandatis,
580 2156 702 2216 uttam
724 2156 768 2222 te.
794 2170 901 2230 quam.
917 2155 1062 2230 priorem
1081 2155 1114 2214 et

319 2253 517 2314 conventum
539 2251 715 2328 praedictos
739 2250 780 2311 ad
803 2245 1014 2312 concordiam
1034 2265 1114 2328 pru-

320 2349 436 2411 denter
450 2349 613 2410 noverint.
631 2348 694 2408 Sed
709 2349 786 2425 quia
805 2347 934 2424 legatus
952 2343 1113 2410 iuteresse

208 2446 211 2456 “
321 2463 388 2508 uon
403 2447 518 2523 potuit,
543 2445 707 2507 commisit
730 2445 822 2506 vices
841 2460 919 2505 suas
941 2444 1052 2506 abbati
1073 2445 1113 2506 de

322 2544 500 2618 Radiuges,
517 2558 629 2604 coram
643 2542 762 2620 quibus
783 2559 857 2603 oum
877 2543 912 2603 tu
928 2542 1115 2620 personali-e

320 2643 389 2712 ter,
406 2642 438 2702 et
453 2640 501 2701 ilii
513 2656 571 2716 per
585 2639 817 2718 procuratores
830 2639 1111 2716 comparuissetis,

320 2737 452 2799 tandem
469 2737 789 2813 incompositionem
808 2736 1016 2797 amicabilem
1032 2752 1111 2798 con·

320 2834 499 2894 venistIs...
514 2849 612 2910 quam
627 2833 825 2896 auctoritate
839 2829 1028 2909 apostolos
1039 2847 1114 2894 con-

320 2931 502 3002 firmamus,
526 2931 747 3006 ultionemque
767 2925 958 3006 praedictam
982 2931 1113 3007 penitus

321 3027 561 3098 dissolventes,
591 3027 782 3098 statuimus,
813 3029 849 3087 ut
878 3028 1114 3088 monasterium

321 3124 469 3184 Glaston.
484 3123 524 3183 de
539 3122 660 3183 caetero
676 3122 737 3182 sub
747 3123 873 3199 proprii
884 3122 1012 3185 abbatis
1025 3123 1115 3199 regi-

321 3220 410 3280 mine
425 3236 444 3280 a
458 3221 621 3281 conventu
636 3219 739 3281 libere
759 3219 915 3296 eligendi,
934 3222 1031 3297 Juxta
1056 3235 1115 3282 re-

321 3316 454 3393 gulares
487 3317 717 3378 observantias
746 3316 985 3392 gubernetur...
1016 3319 1115 3380 Salvo

317 3418 395 3492 Jure
409 3391 601 3491 patronatus
613 3414 697 3490 quod
714 3431 775 3475 rex
787 3417 804 3476 J
808 3414 957 3476 ohannes
965 3415 1024 3476 tibi
1036 3431 1117 3476 oon-

321 3510 398 3574 tulit
420 3511 453 3572 in
470 3512 671 3573 monasterio
692 3511 892 3588 supradicto.
914 3513 985 3574 Dat.
1003 3516 1115 3575 Romae

323 3611 360 3670 le
376 3609 442 3669 kal.
455 3609 555 3684 ‚iuuit
575 3608 688 3670 indict.
706 3609 777 3678 Vll,
798 3611 989 3671 MCGXVIII
1006 3610 1117 3688 ponti-

322 3706 440 3767 ficatus
455 3723 542 3767 anno
558 3706 667 3767 tertio.

624 3848 814 3934 CCLVIII

373 3975 425 4032 An
439 3974 719 4046 littetepttvettsem
731 3971 765 4031 et
777 3975 1068 4034 cenomanensem

588 4071 772 4142 episcopos,
789 4068 850 4129 etc.

612 4181 646 4237 ts
661 4181 729 4238 uiui
745 4181 822 4239 lile.

416 4285 550 4350 [bouquet.
561 4283 663 4336 Bentleii
672 4286 716 4336 des
729 4285 798 4345 bist..
811 4292 829 4336 t.
846 4289 913 4345 XIX.
925 4303 950 4352 p.
961 4287 1020 4348 ὃδθς

520 4367 627 4428 Regest„
642 4366 686 4415 lib.
702 4367 730 4423 tl,
745 4366 818 4430 epist.
833 4368 915 4433 llic]

322 4468 363 4522 De
389 4465 521 4536 primatu,
543 4461 758 4536 archiepiscopo
782 4463 986 4539 ltlnrdegalensi
1017 4483 1115 4526 rursus

356 4551 517 4624 appellante
532 4550 668 4608 adversus
693 4553 908 4620 bituricensem,
925 4553 960 4610 ud
976 4555 1112 4612 informa·

357 4638 1112 4714 tionemdeleganturepiscopiAnidegaveu.etGeoo·

358 4741 473 4785 mallen.

362 4835 527 4898 Honorius
542 4835 717 4914 episcopus
732 4837 978 4900 venerabilibus
996 4841 1113 4905 iratri-

321 4933 383 4996 bus
408 4933 639 5010 andegavensi
664 4933 713 5014 (o)
741 4936 774 4997 et
799 4937 1039 5000 cenomanensi
1066 4939 1113 5020 (b)

321 5031 496 5108 episeopis,
513 5031 546 5091 et
560 5030 679 5092 dilecto
704 5030 772 5094 illio
794 5026 903 5096 abbati
919 5034 959 5096 de
981 5039 1112 5112 Burgo-

321 5130 366 5193 iio
382 5125 696 5206 (opandegavensis
707 5129 872 5203 dioecesis,
887 5131 1038 5205 salutem,
1050 5135 1111 5195 eto.

360 5223 549 5287 Venerabili
577 5225 678 5288 tratre
702 5229 815 5290 nostro
835 5229 1035 5291 Biturioeusi
1057 5247 1114 5292 ar-

321 5322 530 5400 chiepiscopo
547 5321 595 5401 (ct)
612 5323 795 5397 intimante,
817 5325 991 5388 didicimus
1014 5329 1111 5405 quod,

357 5469 399 5537 (o)
416 5472 525 5528 Guiilel.
546 5472 582 5529 de
597 5472 780 5532 bellomonte.
820 5473 860 5548 (t)
877 5477 1037 5536 ilemeiino.

358 5545 395 5614 lc)
408 5543 500 5599 Luem.
537 5544 576 5620 (a)
591 5545 704 5602 Giroido
719 5545 754 5602 de
770 5547 849 5606 Ceos.
877 5546 913 5622 (r)
930 5549 1111 5607 Guillelmum

1163 395 1238 440 cum
1252 377 1360 442 ielicis
1379 380 1622 446 recordatiouis
1642 379 1869 446 Innocentius
1884 383 1985 458 Papa

1164 477 1388 552 predecessor
1397 479 1637 542 nosterdilecto
1648 481 1719 542 tilio
1733 479 1858 541 abbati
1868 479 1987 553 Majo-

1164 574 1210 634 ris
1221 576 1415 637 monasterii
1423 578 1626 639 Turonensis
1639 578 1710 638 suis
1725 577 1810 640 olim
1826 575 1985 636 dedisset

1164 671 1284 733 litteris
1298 673 1334 734 in
1356 674 1521 736 mandatis
1542 675 1578 737 ut
1590 675 1692 737 testes
1710 690 1814 736 senes
1829 675 1868 734 et
1882 673 1986 733 vale—

1164 767 1359 840 tudinarios,
1378 787 1460 848 quos
1474 771 1635 832 adversus
1647 771 1891 833 venerabilem
1909 768 1984 828 fra-

1163 863 1248 926 trem
1263 868 1411 928 nostrum
1434 868 1713 944 Burdegalensem
1730 865 1984 942 archiepisco-

1165 979 1242 1039 pum
1265 961 1312 1042 (e)
1337 963 1423 1026 idem
1448 965 1548 1027 vellet
1572 979 1671 1042 super
1693 968 1774 1042 jure
1796 963 1982 1040 primatia

1165 1061 1358 1136 producere,
1378 1061 1427 1123 sio
1447 1062 1621 1139 reciperet,
1648 1062 1734 1139 quod
1757 1061 1854 1122 nulii
1883 1059 1983 1120 fieret

1165 1157 1395 1234 praejudicium
1409 1158 1463 1221 vel
1477 1175 1669 1234 gravamen,
1691 1157 1862 1236 praeIatus
1886 1159 1979 1218 Bur-

1166 1253 1364 1329 tegulensis,
1382 1271 1423 1317 ne
1438 1257 1473 1316 in
1490 1257 1562 1333 ipso
1579 1256 1711 1331 negotio
1726 1255 1982 1332 procederetur

1166 1351 1345 1428 perillum,
1362 1367 1382 1412 a
1402 1353 1672 1429 procuratoribus
1694 1353 1765 1414 suis
1788 1352 1981 1428 exceptio-

1166 1463 1225 1509 nes
1245 1448 1381 1510 irivolas
1401 1449 1529 1512 taciens
1555 1450 1706 1526 allegari,
1730 1451 1895 1511 nostram
1923 1448 1981 1508 de-

1167 1561 1256 1607 mum
1271 1545 1473 1608 audientiam
1490 1547 1679 1625 appellavit,
1696 1548 1729 1610 et
1743 1547 1787 1608 ad
1801 1562 1882 1617 vos,
1904 1545 1978 1606 ira·

1166 1644 1217 1705 ter
1229 1642 1476 1719 andegavensis
1489 1647 1652 1722 episcope,
1667 1646 1700 1706 et
1713 1645 1763 1705 lili
1773 1643 1902 1714 abbas,
1922 1659 1979 1720 per

1168 1743 1300 1802 nostras
1329 1757 1428 1818 super
1452 1742 1515 1803 hoc
1540 1741 1682 1804 obtinuit
1709 1743 1849 1804 litteras
1877 1741 1974 1801 deie-

1168 1839 1239 1913 gari
1252 1836 1309 1917 (f).
1320 1840 1536 1916 Quapropter,
1546 1839 1680 1901 obtentu
1694 1839 1802 1915 partis
1816 1837 1973 1900 alterius.

1168 1937 1204 1996 ut
1217 1933 1253 1995 iu
1268 1935 1332 1997 isto
1343 1936 1447 2012 possit
1457 1936 1670 2012 negotiosius
1681 1936 1884 2012 suspicione
1898 1951 1975 2010 pro-

1168 2033 1259 2104 cedi,
1288 2033 1341 2102 te,
1369 2031 1472 2094 trater
1504 2034 1782 2105 CenomanensiS,
1815 2032 1973 2110 ejusdem

1168 2130 1349 2206 cognitioni
1370 2130 1526 2190 duximus
1550 2129 1821 2207 adJungendum3
1839 2129 1974 2190 disere·

1167 2227 1250 2290 tioui
1274 2229 1394 2290 vestrae
1419 2242 1478 2305 per
1500 2228 1688 2304 apostolica
1715 2228 1847 2304 scripta
1878 2244 1975 2287 man-

1168 2325 1295 2397 dantes,
1324 2326 1504 2403 quatenus,
1532 2325 1680 2403 partibus
1709 2325 1915 2386 convocatis
1943 2326 1972 2384 et

1167 2423 1353 2484 rationibus
1366 2423 1444 2484 hino
1459 2421 1536 2483 lude
1557 2423 1682 2485 auditis
1703 2424 1735 2484 et
1759 2423 1927 2498 cognitis,
1943 2421 1972 2482 id

1168 2521 1277 2596 ipsum
1313 2521 1545 2598 appellationis
1577 2520 1790 2597 negotiuma
1820 2519 1972 2596 praetatis

1168 2617 1438 2695 procuratoribus
1456 2619 1673 2696 interposilae,
1690 2617 1909 2678 sufficienter
1923 2619 1973 2677 in-

1169 2716 1340 2787 structum,
1371 2715 1412 2776 ad
1440 2717 1588 2778 nostrum
1616 2715 1758 2780 lideiiter
1786 2715 1972 2776 remittatis

1169 2828 1331 2885 examen,
1365 2813 1574 2890 praefigentes
1608 2812 1759 2890 partibus
1786 2813 1972 2873 terminum

1170 2910 1417 2986 competentem,
1434 2927 1499 2987 quo
1514 2925 1549 2972 se
1564 2911 1676 2971 nostro
1694 2910 1898 2986 conspectui
1919 2925 1971 2968 re·

1170 3006 1381 3083 praesentent,
1402 3006 1592 3070 mandatum
1606 3005 1838 3084 apostolicum
1856 3023 1972 3082 recep-

1169 3106 1263 3166 turae.
1282 3105 1371 3176 Quod
1388 3105 1417 3166 si
1429 3121 1495 3166 nou
1510 3119 1635 3177 omues,
1658 3104 1705 3176 tu,
1724 3103 1836 3167 irater
1860 3105 1971 3165 Ceno·

1171 3201 1349 3274 manensis,
1362 3217 1435 3262 cum
1449 3217 1563 3263 eorum
1576 3201 1679 3283 altero
1693 3217 1732 3263 ea
1744 3200 1969 3262 nihilomiuus

1170 3299 1377 3376 exsequaris,
1401 3299 1608 3361 constutlone
1634 3299 1674 3360 de
1700 3298 1835 3360 duabus
1864 3299 1971 3360 dialis

1170 3395 1205 3456 Iu
1233 3397 1383 3472 generali
1413 3397 1559 3458 Concilio
1589 3397 1677 3458 edita
1710 3413 1780 3457 uon
1804 3395 1970 3458 obstante.

1171 3493 1288 3555 Datum
1305 3497 1428 3565 Romae,
1454 3495 1540 3571 apud
1561 3493 1718 3556 Sanctum
1744 3495 1900 3565 Petrum,
1918 3495 1972 3554 xl*

1171 3589 1330 3652 kalendas
1341 3591 1442 3668 junii,
1459 3607 1546 3653 anno
1562 3591 1718 3652 seeundo.

1492 3769 1638 3857 culix

1432 3911 1698 3974 coornatam.

1455 4035 1488 4092 lo
1506 4035 1574 4092 maii
1596 4033 1674 4091 tals.

1203 4149 1340 4214 [Raynald.
1353 4149 1465 4200 Annales
1477 4147 1648 4208 ecclesiastici,
1667 4147 1700 4197 ad
1712 4161 1773 4198 ann.
1786 4147 1861 4204 lale,
1875 4147 1889 4212 ς
1906 4147 1942 4212 1.]

1171 4255 1319 4331 Significat
1335 4272 1366 4314 se
1381 4257 1529 4330 Pelagium
1543 4255 1645 4313 Alban.
1659 4254 1829 4328 episcopum
1844 4254 1968 4328 Aposto·

1188 4421 1190 4424 .
1206 4345 1268 4402 lioae
1281 4345 1361 4403 Sedis
1370 4345 1507 4419 legatum,
1521 4345 1635 4402 misisse
1651 4341 1686 4401 ed
1696 4343 1856 4403 exercitum
1869 4357 1967 4400 cruce·

1206 4435 1394 4506 signatorum,
1408 4440 1439 4490 ut
1449 4431 1631 4492 concordiam
1642 4429 1746 4489 levent.

1210 4552 1471 4613 ammonitarum
1498 4550 1566 4612 dux
1590 4549 1713 4611 Achior
1738 4549 1967 4626 interrogatus

1170 4649 1211 4710 ab
1223 4650 1433 4727 Assyriorum
1447 4649 1595 4725 principe
1610 4645 1801 4716 Holoferne,
1816 4661 1886 4722 qua
1901 4647 1969 4706 sim

1169 4748 1238 4809 tute
1248 4749 1408 4823 cujusque
1416 4745 1505 4822 regis
1515 4743 1814 4822 potentiacouiisus
1825 4743 1968 4820 populus

1170 4845 1272 4906 israel
1288 4846 1359 4922 eJus
1373 4844 1550 4920 imperium
1572 4841 1843 4918 contempsisset:
1857 4843 1970 4917 Popu-

1168 4942 1232 5014 lus,
1248 4941 1366 5018 inquit,
1380 4941 1445 5003 iste
1459 4941 1539 5003 coiit
1548 4941 1722 5003 Dominum
1739 4939 1844 5000 Deum
1861 4939 1969 4998 coelia

1168 5041 1264 5116 cujus
1277 5038 1407 5101 cultura
1418 5038 1687 5116 quotiescumque
1698 5035 1846 5106 recessit,
1872 5035 1967 5096 datus

1169 5132 1968 5215 luitiupraedam,gladiumetopprobrium;que
2038 5159 2039 5206 i

1167 5234 1230 5296 ties
1242 5248 1322 5296 vero
1338 5234 1490 5312 penituit
1512 5236 1545 5296 et
1565 5233 1721 5294 clamavit
1734 5231 1775 5292 ad
1790 5229 1968 5292 Dominum

1169 5333 1271 5394 Deum
1286 5349 1393 5404 suum,
1408 5331 1497 5394 dedit
1512 5331 1542 5393 ei
1558 5329 1712 5393 virtutem
1732 5331 1765 5390 et
1783 5327 1968 5406 potentiam

1167 5480 1318 5610 zlgimggyi.
1340 5480 1384 5554 (s)
1401 5479 1473 5540 vide
1481 5481 1643 5554 superiores
1654 5479 1774 5546 litteras,
1782 5491 1812 5536 n.
1827 5492 1966 5546 cxxxvlii,
