4214 6400
608 263 613 295 l

691 359 814 446 XLIV

354 575 407 632 Ad
420 575 633 644 Rennensem,
654 575 896 644 senonensem,
921 575 1151 654 6616666666-

560 682 635 732 scin
653 671 937 744 archiepiscopos.

652 781 756 841 26661.
775 783 854 841 1116.

396 906 531 972 [11666661.
555 907 656 958 11666611
671 906 715 956 das
730 907 875 965 historiens,
890 911 910 956 t.
924 907 991 968 XIX,
1003 923 1028 974 p.
1039 908 1105 974 616]Ι

353 1047 469 1105 Mandat
487 1047 616 1106 Pontifex
635 1055 665 1106 ut
689 1047 895 1122 ingelrannum
915 1049 1148 1108 codiciacensem

388 1136 546 1206 dominnm,
568 1136 629 1210 jam
653 1137 950 1196 excommunicatione
974 1139 1146 1210 perculsum,

389 1225 454 1296 quia
471 1223 646 1283 Ludovicum
662 1226 741 1298 regis
763 1224 886 1298 Philippi
910 1225 999 1283 lulium
1023 1226 1059 1284 ad
1082 1241 1146 1285 sus·

388 1312 549 1386 cipiendam
578 1313 768 1386 anglicanam
793 1313 1004 1386 expeditionem
1031 1315 1149 1388 impule-

387 1409 442 1469 661,
454 1403 508 1459 6116
523 1402 609 1459 etiam
617 1403 923 1460 excommunicationis
932 1405 1073 1460 sententia
1087 1418 1149 1476 spe

387 1490 497 1548 cialiter
522 1490 669 1556 damnent,
702 1491 768 1562 quia
796 1489 995 1549 Laudunensis
1018 1493 1148 1550 ecclesiae

386 1577 527 1636 decanum
539 1579 569 1636 ln
586 1578 698 1637 vincula
714 1578 883 1651 conjecerat.

391 1723 558 1785 Honorius
567 1724 741 1801 episcopus
745 1765 817 1795 ......
827 1723 1149 1786 venerabilibuslra-

351 1820 458 1882 tribus
482 1820 638 1883 Remensi
663 1819 722 1900 (1),
751 1822 935 1882 senonensi
960 1819 1019 1900 (2),
1046 1823 1148 1884 Roto-

352 1918 503 1994 magensi
518 1916 565 1998 (3)
580 1917 851 1995 archiepiscopis,
866 1918 1018 1991 salutem,
1035 1920 1097 1981 stc.

392 2014 485 2078 Licet
512 2015 633 2076 nobilis
654 2015 707 2076 air
728 2016 947 2091 ingelrannus
971 2015 1011 2077 de
1038 2017 1149 2094 Couey

352 2112 595 2186 laudunensis
625 2114 760 2190 propter
783 2113 992 2174 manifestam
1018 2113 1147 2192 iniqni-

352 2212 454 2272 tatem
468 2226 533 2288 qua
554 2211 756 2271 Ludevicnm
772 2211 1026 2287 primogenitum
1042 2211 1149 2272 caris-

353 2309 429 2370 simi
451 2309 485 2370 in
505 2307 637 2369 Christo
660 2306 722 2367 tilii
751 2308 855 2370 nostri
884 2308 1031 2385 Philippi
1056 2308 1147 2385 regis

353 2407 559 2467 Francorum
579 2404 721 2466 illustris
745 2405 904 2466 adversus
921 2404 1084 2467 illustrem
1099 2421 1149 2467 re·

350 2519 425 2579 gem
439 2501 621 2579 Anglorum
632 2501 779 2577 instigat,
794 2503 1147 2564 excommunicationis

351 2601 395 2661 sit
419 2599 553 2662 vinculo
581 2599 770 2671 innodatus,
794 2599 873 2676 quia
895 2601 1005 2661 tamen
1032 2615 1149 2678 perse-

351 2698 481 2774 quendo
496 2696 672 2758 ecclesiam
693 2697 956 2769 Laudunensem‚
974 2697 1148 2760 decanum·

352 2811 416 2871 que
437 2793 597 2871 capiendo
626 2808 665 2853 ae
691 2793 868 2855 detinendo
892 2795 1058 2871 captivum
1083 2795 1095 2874 (
1120 2795 1145 2874 ),

352 2891 466 2962 alium,
474 2891 628 2967 laqueum
635 2890 987 2952 excommunicationis
1000 2893 1148 2953 noscitur

351 2987 547 3059 incurrisse,
569 2985 770 3048 fraternitati
785 2987 904 3048 vestrae
924 3003 984 3064 per
1001 2991 1146 3066 Aposto-

353 3086 417 3145 1166
438 3085 560 3160 scripta
582 3083 805 3161 praecipiendo
830 3084 1036 3157 mandamus,
1064 3103 1148 3164 qua-

274 3234 276 3240 ,
352 3183 448 3244 tenus
469 3181 658 3258 specialiter
683 3181 745 3242 bae
766 3180 807 3241 de
835 3196 936 3242 causa
956 3183 1024 3244 tam
1039 3183 1146 3259 ipsum

352 3295 451 3357 quam
480 3293 593 3340 omnes
622 3277 844 3350 consiliarios,
873 3278 1081 3356 coadjutores
1114 3283 1147 3343 et

351 3375 497 3437 lautores
528 3375 645 3453 ipsius,
683 3375 986 3437 excommunicatos
1016 3377 1147 3453 publice

351 3473 527 3546 nunciatis,
544 3473 624 3546 etc.;
639 3472 672 3534 et
687 3472 846 3534 iacientes
860 3477 1005 3535 vestram
1018 3477 1148 3537 senten·

350 3571 431 3632 tiam
452 3586 512 3647 per
530 3568 720 3648 prouincias
744 3571 873 3631 vestras
897 3571 1049 3633 innovari
1074 3572 1145 3634 ire-

389 3755 417 3824 (1
452 3755 592 3814 alberice.

399 3831 416 3886 1
449 3829 532 3885 Petro
546 3826 581 3882 de
599 3825 739 3886 Corbelio.

388 3831 434 3972 }3)
455 3897 720 3954 116666161661616.

387 3969 428 4042 (a)
449 3966 590 4026 Adamum
607 3966 642 4023 de
666 3966 856 4037 conlaudem,
881 3967 963 4041 cujits
983 3984 1070 4027 causa
1095 3970 1146 4028 ad·

351 4055 451 4098 versus
475 4039 681 4111 ingelrannum
722 4039 834 4096 uerelas
854 4038 970 4096 edidere
998 4043 1148 4100 Remensis

350 4110 505 4238 provincias
519 4109 641 4181 capitula
660 4053 844 4176 cattedrale,
855 4110 956 4166 litteris
974 4109 1048 4192 apud
1069 4113 1145 4170 Guil-

361 4182 427 4239 elm.
444 4181 544 4240 1166161
562 4179 685 4251 vulgatis
698 4186 719 4236 t.
736 4181 762 4238 ll
776 4181 851 4236 illst.
866 4181 1018 4250 ilemensts,
1035 4195 1062 4254 p.
1082 4183 1146 4254 186,

350 4261 379 4309 61
393 4267 470 4324 seq.;
491 4267 526 4308 ex
547 4249 649 4322 quibus
673 4265 723 4308 eas
746 4250 992 4322 representandas
1015 4251 1148 4311 duximus

351 4339 402 4396 per
417 4337 488 4395 quas
501 4322 594 4378 acrius
607 4322 635 4376 16
650 4335 731 4379 reum
744 4319 888 4379 invehitur
902 4323 1082 4382 'tornacense
1096 4339 1145 4383 ea·

352 4395 472 4465 pitulum
488 4391 533 4449 llis
546 4391 641 4448 verbis
655 4408 661 4448 :

390 4486 401 4513 ι
423 4461 585 4521 Venerabili
603 4461 724 4533 patriae
742 4458 857 4518 domino
871 4477 923 4519 suo
938 4461 1079 4533 alberico,
1096 4465 1147 4522 Dei

352 4533 444 4606 gratia
470 4535 624 4590 Remorum
643 4531 867 4613 archiepiscopo,
892 4535 925 4590 ll.
949 4533 1084 4600 damnus,
1102 4543 1145 4592 to·

353 4613 470 4674 tumque
484 4602 639 4673 capitulum
660 4603 848 4658 1666666666
866 4603 1006 4672 ecclesie,
1025 4605 1146 4662 salutem

353 4680 383 4731 et
400 4679 560 4756 promptam
577 4670 612 4728 ad
633 4670 801 4742 obsequium
816 4679 843 4728 et
857 4671 1064 4744 beneplacitum
1081 4690 1146 4732 cum

352 4744 513 4802 obedientia
529 4748 556 4798 et
574 4743 733 4798 reverentia
745 4743 929 4799 voluntatem.
946 4743 1048 4801 Audita
1064 4747 1146 4818 gravi

352 4815 550 4890 persecutione
570 4828 633 4884 quie
658 4811 854 4870 laudunensis
878 4814 1006 4871 ecclesiae
1026 4813 1143 4875 iaculta·

352 4887 426 4945 tibus
438 4885 569 4943 imminet
584 4891 767 5009 etspersone
781 4885 806 4966 sl
821 4898 876 4954 qua
897 4885 925 4940 16
939 4883 1020 4944 nobis
1032 4887 1146 4958 pietatis

352 4959 472 5024 viscera,
487 4969 605 5012 necesse
627 4962 667 5012 uit
680 4954 841 5012 medullitus
851 4955 1022 5013 conturbari.
1034 4960 1147 5017 1661666

350 5029 450 5096 666161,
459 5027 614 5098 6611666166
629 5025 701 5082 16166
714 5025 848 5082 melleum
859 5033 887 5082 et
900 5026 1032 5084 incudem
1049 5031 1144 5100 positi,

353 5101 467 5157 viriliter
480 5105 509 5156 et
519 5098 658 5170 patienter
669 5103 881 5168 persecutorum
890 5098 1068 5170 tyrannidem
1078 5115 1143 5172 per·

350 5166 1044 5242 tulerunt,quietempuseratpatieudi‚necdums
1066 5185 1145 5228 eran·

350 5248 494 5298 tesutrum
502 5239 622 5295 duorum
634 5185 1069 5320 6161166666666,1661661661ξί
1081 5255 1143 5313 666·

351 5313 499 5368 secutione
511 5309 545 5381 (s.
566 5307 724 5380 passione),
736 5307 891 5364 infirmitati
906 5310 995 5366 nostri
1007 5313 1144 5382 temporis

352 5379 529 5453 prospiciens
545 5381 621 5436 Deus
634 5379 755 5436 asseruit
770 5379 926 5436 sullecisse.
938 5381 1020 5437 Nunc
1036 5388 1141 5444 autem.

351 5467 415 5508 cum
431 5458 528 5508 sancta
544 5449 670 5507 Ecclesia
684 5448 720 5506 ad
739 5449 800 5505 lnce
816 5447 926 5505 dicatur
944 5448 1055 5520 llorere,
1072 5467 1143 5524 pace

351 5521 404 5578 sibi
419 5519 553 5577 divinitus
566 5533 718 5590 eoncessa3
732 5533 800 5576 eece
810 5520 838 5575 16
855 5533 926 5591 pace
937 5522 1143 5584 surrexitema·

972 191 1385 261 6666666666661.
1579 285 1581 290 ¹
1952 211 1986 270 66

1205 362 1353 438 preater,
1371 359 1462 421 illam
1473 359 1598 422 tamdiu
1612 359 1741 424 faciatis
1755 379 1986 441 percensuram

1205 459 1475 530 ecclesiasticam,
1497 458 1720 536 appellatione
1732 463 1871 534 remota,
1887 463 1987 528 invio·

1204 555 1350 617 labiliter
1370 556 1552 628 observari,
1574 558 1679 618 donec
1700 557 1788 620 idem
1803 559 1921 622 nobilis
1935 563 1986 624 de·

1204 669 1287 714 cano
1316 655 1379 730 ipsi
1409 656 1442 715 et
1466 654 1616 716 ecclesiae
1645 671 1714 716 suae
1739 656 1781 718 de
1814 657 1938 720 damnis
1959 662 1986 723 et

1203 751 1337 826 injuriis
1352 751 1537 813 satisfaciat
1548 754 1783 830 competenter,
1799 755 1913 817 etcum
1924 773 1987 819 ues-

1203 847 1717 913 trarumtestimoniolitterarum
1728 851 1987 929 adapostolicam

1205 946 1322 1007 Sedem
1337 947 1451 1008 veniat
1466 946 1697 1009 absolvendus.
1712 951 1793 1010 Cum
1816 950 1903 1011 enim
1916 953 1986 1014 talia

1204 1060 1270 1105 666
1290 1046 1524 1107 consueverint
1545 1046 1580 1106 ln
1599 1062 1702 1122 regno
1722 1048 1874 1109 Franciae
1893 1050 1988 1111 atten-

1203 1140 1280 1214 tari,
1297 1143 1470 1220 principiis
1485 1145 1535 1205 est
1558 1142 1689 1205 sortiter
1709 1145 1937 1218 resistendum,
1953 1165 1986 1208 ne

1203 1257 1263 1317 per
1279 1240 1443 1301 incuriam
1464 1241 1556 1302 tanta
1579 1240 1783 1317 perversitas
1805 1241 1983 1306 invalescat.

1204 1339 1297 1399 Unde
1325 1354 1460 1398 eausam
1489 1339 1587 1400 istam
1619 1339 1715 1416 quasi
1735 1340 1912 1416 propriam,
1931 1341 1985 1403 imo

1203 1451 1410 1496 communem
1424 1436 1526 1497 totius
1548 1435 1699 1498 ecelesiae
1715 1437 1907 1510 Gallicanae,
1923 1455 1984 1500 cum
2046 1475 2047 1486 ,

1203 1534 1294 1593 omni
1313 1533 1486 1608 diligentia
1509 1533 1541 1594 et
1562 1533 1737 1610 prudentia
1758 1536 1911 1612 prosequi
1924 1537 1985 1596 stu·

1202 1630 1320 1692 dentis.
1334 1631 1453 1691 Datum
1465 1630 1632 1703 Laterani,
1644 1633 1704 1692 Vll
1715 1631 1784 1692 ltal.
1800 1632 1982 1704 novembris,

1203 1743 1293 1790 6666
1308 1727 1427 1805 primo.

1553 1871 1654 1955 XLV
1674 1803 1678 1812 Ι

1248 2051 1297 2108 ad
1309 2051 1496 2108 Arzanenam
1511 2051 1727 2124 Praeconem
1745 2051 1941 2126 episccpnnn.

1497 2157 1600 2220 16661.
1618 2161 1697 2218 1116.

1242 2284 1392 2348 1116666161,
1410 2285 1518 2335 Annales
1528 2283 1688 2336 ecclesiastici
1698 2284 1743 2334 ad.
1752 2297 1795 2336 66.
1807 2284 1874 2342 taio,
1884 2283 1896 2347 1
1907 2283 1951 2345 tit

1203 2429 1360 2484 11666666
1384 2441 1450 2483 cum
1472 2425 1978 2499 166666661666166666616661611666

1238 2516 1340 2573 Sedent
1359 2516 1557 2584 consuluisset,
1583 2529 1619 2572 66
1637 2529 1653 2572 6
1675 2515 1814 2588 gerendis
1834 2513 1979 2572 sacerdotiis

1238 2603 1380 2662 natalibus
1406 2603 1562 2676 illegitimis
1587 2602 1726 2675 procreati
1747 2599 1924 2660 submovendi
1939 2617 1978 2658 es·

1237 2699 1312 2763 sent,
1325 2693 1509 2750 carnesve-in
1529 2689 1599 2748 16616
1619 2699 1697 2749 sexta
1713 2706 1782 2749 cum
1801 2692 1829 2748 in
1845 2689 1978 2750 iliande

1237 2782 1398 2839 Natiuitatis
1421 2780 1534 2839 Domini
1560 2781 1744 2850 ineurrreret,
1765 2779 1903 2854 degustari
1920 2793 1975 2852 pos·

1238 2877 1312 2939 sent,
1325 2871 1469 2928 Honorius
1483 2869 1546 2926 hee
1557 2869 1722 2942 rescripsit:

1243 2987 1445 3060 Quaesivisti,
1469 3003 1512 3048 an
1528 2985 1705 3048 saeculares
1719 2987 1869 3049 canonici
1886 2983 1976 3046 minus

1203 3085 1353 3161 legitime
1370 3085 1439 3146 nati
1456 3085 1525 3145 6616
1541 3084 1608 3145 6161
1621 3085 1817 3154 renuntiare
1831 3081 1975 3144 beneflciis
2046 3147 2047 3175 ,

1202 3181 1425 3259 compellendi
1443 3203 1450 3241 :
1467 3197 1541 3242 eum
1565 3181 1606 3242 de
1630 3184 1707 3259 jnre
1735 3182 1775 3243 ad
1800 3197 1903 3243 saeros
1927 3192 1975 3239 ne-
2045 3253 2046 3262 ἵ

1201 3280 1324 3358 queant
1344 3279 1479 3341 ordines
1497 3277 1695 3355 promoveri,
1724 3295 1786 3340 nee
1807 3279 1840 3338 in
1860 3275 1970 3338 bened·
2044 3343 2045 3348 ,

1202 3378 1263 3439 ciis
1276 3392 1389 3438 seeum
1412 3376 1516 3438 161666
1530 3375 1669 3452 probent
1687 3391 1706 3436 a
1720 3379 1865 3438 Romano
1877 3371 1974 3435 Ponti-

1201 3475 1262 3536 fice
1287 3473 1523 3550 dispensatum,
1540 3489 1601 3534 nee
1614 3471 1766 3534 Ecclesia
1780 3473 1885 3534 taliter
1898 3467 1971 3532 indi-

1202 3573 1278 3648 geat
1288 3570 1460 3632 ordinatis.
1475 3569 1522 3631 Ad
1535 3585 1607 3647 quae
1620 3569 1796 3632 fraternati
1808 3572 1872 3632 tue
1881 3567 1972 3630 taliter

1203 3751 1294 3809 ntude
1310 3750 1500 3819 amarissima,
1516 3749 1712 3831 etpenetrevlt
1727 3749 1840 3824 gladius
1853 3739 1969 3817 usquead
2039 3761 2040 3782 1

1202 3823 1338 3890 animam,
1355 3837 1421 3878 cum
1436 3823 1464 3878 in
1483 3822 1557 3878 ovile
1577 3821 1759 3878 Dominicum
1775 3828 1901 3892 tyrannus
1919 3827 1968 3894 cru·

1202 3893 1290 3954 delier
1306 3892 1381 3965 lupis
1402 3892 1527 3961 irruens,
1551 3905 1608 3947 666
1632 3891 1726 3949 solum
1753 3891 1874 3948 oviculas
1890 3889 1970 3966 quant
2037 3951 2038 3959 ἵ

1202 3962 1353 4032 trucidare,
1365 3960 1416 4019 sed
1430 3962 1517 4018 etiam
1531 3963 1648 4018 arietem
1660 3963 1772 4036 gregis,
1788 3961 1872 4017 virum
1885 3958 1970 4038 scilicet
2036 4023 2037 4047 χ

1202 4035 1364 4107 egregium,
1386 4034 1474 4105 plum,
1502 4033 1677 4100 modestum,
1703 4039 1834 4089 ornatum
1856 4027 1968 4089 moribus,

1202 4105 1358 4173 duetorem,
1367 4104 1427 4175 jam
1442 4117 1473 4159 66
1486 4100 1641 4176 deglutisse
1656 4103 1806 4175 gloriatur,
1819 4115 1879 4158 cum
1894 4105 1969 4178 taliter

1201 4175 1268 4232 beni
1285 4175 1407 4248 pastoris
1425 4187 1496 4230 uoce
1517 4180 1543 4229 et
1563 4173 1663 4230 baculo
1684 4173 1744 4245 lupi
1766 4185 1879 4244 rapaces
1897 4171 1969 4224 6616

1202 4247 1291 4303 666116
1311 4244 1423 4302 Domini
1464 4258 1494 4299 ro
1533 4243 1634 4313 llendi;
1658 4245 1726 4314 quia
1751 4257 1803 4300 666
1823 4254 1880 4297 eme
1900 4245 1968 4316 66666
2033 4299 2034 4310 ¹

1202 4317 1345 4390 principes
1366 4258 1612 4386 seeuftgfaeutum,
1635 4329 1688 4370 nec
1712 4315 1775 4371 sine
1800 4325 1881 4370 66666
1900 4310 1967 4380 (sicut

1202 4389 1304 4444 melius
1316 4385 1419 4456 666116)
1435 4392 1563 4456 pastores
1578 4384 1713 4442 Ecclesiae
1729 4383 1856 4440 baculum
1868 4379 1966 4452 portent,
2031 4439 2032 4442 Ἴ

1202 4459 1226 4514 61
1248 4466 1353 4523 tamen,
1378 4455 1534 4512 secundum
1559 4453 1738 4527 prophetam,
1761 4439 1967 4513 conlisisset

1202 4536 1332 4601 pastores
1360 4533 1496 4598 appetunt
1521 4525 1674 4582 nominari.
1697 4524 1768 4582 lude
1795 4529 1883 4605 6616
1901 4520 1967 4594 Patet

1202 4607 1310 4667 sancte,
1340 4595 1414 4669 quod
1441 4611 1509 4663 666,
1536 4595 1670 4653 iratribus
1692 4603 1722 4652 et
1747 4593 1866 4652 dominis
1884 4592 1966 4644 uostris

1202 4668 1399 4728 Leudunensis
1414 4666 1542 4723 ecclcsiae
1556 4666 1703 4723 canonicis
1715 4672 1774 4722 toto
1785 4661 1873 4720 cordis
1882 4657 1965 4714 616616
2028 4679 2029 4682 ¹

1201 4740 1395 4806 condolentes,
1426 4737 1460 4794 ad
1481 4736 1568 4810 pedes
1596 4743 1699 4793 vestrae
1726 4733 1896 4807 paternitatis
1915 4735 1965 4802 cun

1200 4812 1271 4884 ipsis
1297 4817 1327 4866 et
1350 4824 1401 4881 pro
1423 4809 1492 4879 ipsis
1516 4808 1666 4880 provoluti,
1692 4815 1751 4863 toto
1774 4804 1855 4862 corde
1871 4807 1901 4882 ¹et
1922 4807 1965 4850 666
2026 4857 2027 4868 ¹

1201 4883 1303 4939 ellectu
1329 4879 1481 4953 poscimus,
1498 4886 1528 4934 ut
1551 4879 1643 4934 zelum
1665 4873 1962 4948 166666166616166666·1

1200 4951 1463 5010 66616116616111166
1480 4947 1653 5016 llatbatbite,
1672 4949 1720 5021 qui
1738 4961 1788 5018 pre
1807 4951 1867 5016 lege
1879 4943 1963 4996 llcttttl

1201 5023 1336 5080 ministris
1358 5019 1493 5079 Antiochi
1514 5019 1624 5086 restitit,
1653 5024 1829 5078 assumentes
1851 5011 1963 5090 edictali

1200 5094 1345 5150 bominem
1356 5089 1525 5220 pestiferum
1540 5089 1687 5148 dominum
1705 5087 1741 5169 de
1759 5089 1858 5158 coucy,
1882 5089 1961 5154 6666-
2023 5099 2024 5102 ¹

1199 5173 1272 5223 trum
1286 5179 1342 5221 666
1383 5161 1498 5230 attechi,
1515 5161 1566 5218 sed
1578 5159 1746 5226 antichristi,
1760 5165 1873 5227 utroque
1886 5145 1962 5224 gtedn

1198 5234 1445 5292 6666166116616616
1460 5230 1757 5302 1666616116;16616666
1771 5228 1844 5284 enim
1857 5219 1959 5280 deerant

1198 5307 1335 5364 Dominus
1351 5321 1403 5362 666
1417 5305 1444 5360 16
1461 5302 1516 5360 bac
1527 5311 1606 5375 perte
1621 5313 1784 5374 provocare,
1800 5310 1861 5354 eum
1871 5289 1959 5372 661611

1198 5393 1250 5434 666
1271 5383 1330 5434 tam
1344 5383 1471 5460 apertam
1494 5373 1672 5447 tyrannidem
1693 5365 1856 5428 6661166616
1872 5363 1959 5418 virtuts

1198 5447 1345 5505 materiam
1360 5459 1537 5503 rttvcmsse.»
