4200 6394
149 340 211 402 137
601 340 658 402 xi.
673 337 770 402 -IN
793 337 1014 398 mutianus
1036 336 1187 398 SANc'rl
1209 337 1344 400 PETRI.
1747 338 1806 398 138

147 496 318 577 Propheta
346 519 355 566 r
389 501 433 566 Iu
459 499 678 562 intimatione
709 498 864 562 dilatasti
892 510 948 559 mc
1043 497 1189 568 Quatuor
1208 496 1318 575 itaque
1337 496 1444 560 modis
1468 494 1627 560 tundatur
1650 495 1800 558 Ecclesia

149 600 218 676 (Ρε.
234 600 265 669 4,
282 595 327 676 1).
344 596 497 658 Deillius
512 597 732 674 promissione
748 597 876 669 conlisi,
891 596 949 674 qui
1003 609 1104 672 super
1142 595 1320 667 Christum,
1359 594 1534 668 videlicet,
1569 593 1801 657 observatione

148 693 237 754 dixit
266 691 432 768 Apostolis
454 709 469 746 ἐ
501 695 677 754 Vobiscum
705 708 765 754 ero
793 695 949 754 omnious
1003 692 1243 764 mandatorum,
1265 692 1454 769 contemptu
1476 693 1729 762 mundanorum,
1751 691 1799 752 ti·

148 792 269 852 diclms
284 805 392 862 macae
413 793 458 850 aa
480 790 811 852 consummationem
833 793 949 852 saeculi
1003 804 1095 851 more
1121 790 1371 866 suppliciorum,
1400 792 1434 852 et
1456 790 1688 867 expectatione
1712 805 1801 866 prae-

148 887 283 966 (Matth.
304 902 425 955 xxvnr,
449 886 516 967 20).
542 890 647 950 Porro
672 888 701 948 si
723 889 810 947 Deus
833 885 950 948 vobis·
1003 887 1156 948 mierum.
1179 887 1418 950 obseruatione
1442 888 1695 949 mandatorum:
1722 888 1801 964 quia

149 1001 238 1054 curn,
255 984 329 1062 quis
344 988 461 1046 contra
472 986 554 1045 vost
572 985 654 1056 Quia
668 985 770 1061 igitur
786 985 951 1046 constitu·
1004 986 1119 1046 sancta
1133 985 1281 1047 Ecclesia
1306 985 1392 1047 sicut
1406 1001 1484 1047 vere
1500 984 1605 1047 crodit
1619 984 1798 1056 Christum,

147 1083 197 1144 tio
210 1082 283 1144 haec
298 1097 364 1144 non
376 1085 429 1144 est
441 1081 482 1143 ab
499 1081 633 1144 homine
648 1081 706 1143 sed
719 1099 739 1144 a
752 1085 830 1154 Deo,
848 1083 948 1144 immo
1003 1081 1051 1144 ita
1065 1083 1352 1145 veraciterservat
1364 1085 1435 1160 ejus
1451 1082 1619 1144 mandata.
1637 1082 1699 1155 Qui
1712 1083 1800 1142 enim

147 1181 265 1240 verius
287 1179 365 1257 quia
380 1179 453 1241 haec
475 1180 668 1242 constitutio
685 1181 737 1242 θεῖ
751 1179 792 1241 ab
814 1179 949 1242 homine
1002 1195 1069 1241 non
1084 1182 1195 1242 servat
1210 1183 1281 1257 ejus
1303 1180 1507 1249 mandatum,
1524 1196 1585 1241 nec
1607 1180 1723 1252 credit,
1739 1195 1800 1240 nec

147 1281 234 1350 Deo,
245 1276 370 1340 trustra
382 1277 514 1338 laborat
526 1278 703 1340 haereticus
715 1277 769 1339 uel
785 1277 950 1339 schisma·
1003 1277 1122 1353 diligit.
1139 1278 1233 1340 Unde
1247 1279 1407 1340 Dominus
1422 1279 1457 1339 in
1477 1278 1657 1354 Evangelio
1675 1295 1682 1332 τ
1698 1281 1737 1339 Si
1753 1280 1804 1337 cli-

147 1377 254 1450 tions,
270 1374 393 1437 iurstra
406 1373 538 1437 laborat
552 1375 697 1453 pertidus
710 1374 764 1438 vol
779 1375 946 1448 inimicus,
1002 1376 1109 1452 licitis
1135 1391 1201 1450 me,
1229 1374 1395 1438 annuato
1416 1390 1494 1438 mea
1520 1377 1659 1438 seruate
1688 1373 1798 1456 (toan.

148 1475 187 1535 ut
196 1473 397 1535 demoliatur
405 1473 550 1547 vineam,
560 1475 596 1535 ut
605 1473 752 1535 tunicam
760 1473 900 1546 scindat,
913 1474 949 1536 ut
1003 1489 1072 1546 nv,
1088 1472 1152 1555 15).

147 1571 280 1634 euertat
293 1570 547 1640 candelabrum,
563 1571 598 1634 ut
613 1571 750 1633 lucerna
771 1571 950 1647 extingua—
1044 1573 1248 1648 contemptu
1273 1575 1550 1644 maritimarum,
1581 1570 1659 1649 quia
1686 1571 1801 1634 sancta

145 1669 216 1742 tur,
228 1670 327 1746 juxta
345 1669 483 1731 verbum
496 1669 689 1731 Gamalielis
704 1687 711 1726 :
728 1672 767 1731 St
785 1673 846 1732 aoc
867 1684 950 1732 cou-
1003 1668 1151 1730 Ecclesia
1165 1671 1257 1732 tanto
1270 1669 1401 1732 facilius
1421 1670 1562 1748 despicit
1578 1669 1689 1732 omnia
1702 1685 1802 1732 mun-

145 1771 268 1830 sttium
290 1768 343 1830 est
369 1782 416 1828 ca
435 1771 638 1841 nominatius,
664 1767 880 1839 dissolvetur,
906 1782 949 1830 ne
1004 1765 1706 1846 dana,quantocerlinsintelligit,quiscito
1719 1783 1802 1844 prae-

144 1861 947 1944 sorteinveniamiaiDeorepupnare(Act.v,38).
1003 1867 1136 1928 tereunt
1156 1867 1325 1929 universa.
1343 1867 1436 1928 Unde
1460 1867 1638 1928 Salomon:
1661 1866 1802 1926 Vanitas

190 1967 241 2024 Tu
268 1977 306 2024 es
330 1961 472 2034 Patmos,
501 1963 535 2024 et
563 1978 670 2037 super
695 1967 784 2025 taric
793 1964 946 2037 petram,
1003 1964 1198 2025 cartilatum
1215 1965 1249 2027 et
1279 1969 1396 2026 omnia
1415 1965 1553 2026 acuitas
1576 1961 1679 2042 (Eccl.
1703 1979 1728 2035 1,
1752 1961 1798 2040 2).

146 2059 247 2132 idest,
265 2075 365 2137 super
379 2059 477 2120 istam
493 2059 569 2121 tidei
584 2059 774 2123 firmitatem
789 2077 852 2138 qua
868 2076 950 2122 con·
1003 2061 1121 2123 Omnia
1145 2060 1300 2125 dicuntur
1323 2078 1397 2124 csse
1420 2062 1563 2134 vanitas,
1584 2061 1662 2140 quia
1689 2060 1800 2122 omnia

147 2157 258 2220 tessus
268 2173 304 2220 es
320 2173 457 2220 maesse
471 2158 593 2219 Filium
606 2159 666 2219 Dei
684 2159 764 2233 viri,
776 2161 948 2232 aedificabo
1002 2158 1068 2221 cito
1081 2161 1302 2237 evanescunt3
1319 2162 1352 2222 et
1365 2161 1437 2237 ipse
1451 2160 1548 2222 homo
1561 2159 1693 2221 vanitas
1703 2158 1802 2220 uani-

47 2299 50 2304 *
146 2259 339 2317 Ecclesiam
351 2269 479 2332 meam;
494 2259 669 2330 aulaearo
683 2257 870 2334 ctsauauis
879 2273 948 2320 aare
1002 2255 1119 2330 tatum,
1135 2259 1213 2335 quia
1228 2275 1316 2320 unus
1331 2258 1481 2320 nascitur
1495 2258 1528 2320 et
1545 2257 1631 2319 alter
1645 2257 1797 2328 moritur,

145 2352 319 2414 revetavit
338 2353 408 2423 tici,
434 2352 531 2423 idest,
554 2352 705 2414 homines
725 2369 767 2415 ex
788 2370 890 2417 cerne
916 2357 948 2418 ot
1002 2369 1087 2415 unus
1101 2356 1220 2418 crescit
1234 2356 1363 2419 etalter
1375 2354 1547 2428 decrescit,
1565 2371 1651 2416 unus
1664 2354 1802 2415 extolli-

149 2449 315 2527 sanguino
342 2450 413 2512 nati
436 2465 503 2511 non
526 2452 762 2515 revelaverunt
789 2451 860 2526 tibi,
889 2453 947 2514 sed
1004 2452 1058 2514 tur
1078 2453 1111 2515 et
1124 2455 1210 2517 alter
1224 2455 1430 2532 deprimitur,
1455 2470 1541 2515 unus
1556 2453 1606 2515 θεῖ
1627 2467 1753 2530 pauper
1768 2452 1801 2513 et

146 2549 237 2608 Deus
251 2547 351 2610 Pater
362 2549 419 2626 qui
430 2549 480 2610 est
492 2549 528 2610 in
540 2551 636 2612 coelo.
651 2551 801 2612 Christus
812 2553 864 2614 est
876 2551 948 2613 inn-
1001 2551 1087 2612 alter
1105 2554 1155 2614 est
1168 2553 1274 2615 dives.
1291 2552 1387 2615 Unde
1406 2550 1488 2615 ioh:
1504 2554 1618 2613 Homo
1641 2551 1745 2611 nattis
1758 2552 1800 2610 de

148 2645 340 2707 dementum
355 2645 523 2720 Ecclesiae,
546 2649 625 2725 quia
646 2648 734 2710 sicut
746 2650 814 2713 tota
829 2650 947 2711 domus
1003 2647 1802 2724 anularetreviciaenstemporerepteturmza·

148 2743 307 2806 innititur
321 2742 546 2819 itmdamento,
566 2745 612 2808 ita
631 2746 699 2808 tota
719 2746 867 2809 Ecclesia
892 2763 948 2810 re-
1002 2754 1047 2814 tis
1064 2752 1219 2812 misertis
1237 2745 1323 2827 (Job.
1345 2763 1414 2820 xre,
1432 2744 1475 2825 1).
1494 2747 1534 2808 Et
1546 2745 1652 2806 idem:
1670 2745 1801 2806 Contra

147 2841 242 2917 gitur
260 2841 293 2902 et
312 2840 518 2918 gubernatur
538 2859 559 2904 a
580 2843 723 2906 Christo.
749 2844 844 2906 Unde
868 2845 948 2908 dicit
1000 2853 1121 2926 sottum
1135 2851 1223 2922 quod
1238 2861 1262 2907 a
1275 2847 1377 2908 cento
1395 2845 1546 2922 rapitur,
1570 2843 1721 2905 ostendis
1737 2856 1801 2916 po-

148 2937 329 3016 Apostolus
346 2960 354 2999 ι
369 2943 651 3003 Fundamentum
663 2945 756 3004 aliud
771 2957 871 3005 nauco
884 2958 947 3018 po-
1002 2942 1448 3023 tentiamtuam(iob.xn1,
1468 2939 1534 3020 25).
1556 2943 1661 3002 Homo
1677 2938 1728 3001 θεῖ
1748 2937 1801 3000 io-

150 3038 218 3098 test
229 3051 361 3112 parcere
376 3039 515 3114 prater
531 3043 566 3101 id
594 3044 682 3114 quod
702 3041 855 3116 positum
881 3042 945 3115 est,
1000 3045 1082 3106 lium
1093 3041 1468 3122 quodrapituravento,
1481 3039 1576 3112 idest,
1589 3037 1799 3100 atentationo

147 3137 239 3208 quod
251 3135 303 3197 est
317 3136 475 3198 Christus
485 3139 587 3198 Jesras
602 3135 631 3216 (Ι
646 3139 718 3199 Gor.
735 3153 785 3210 nr,
803 3136 867 3216 11).
884 3139 945 3200 Li·
1000 3143 1053 3204 vel
1068 3143 1184 3204 morte.
1201 3141 1333 3201 Timore
1346 3138 1597 3216 suppliciorum,
1612 3135 1690 3212 quia
1703 3134 1799 3196 multi

148 3233 204 3292 cet
215 3231 305 3294 enim
317 3233 469 3295 Chmstus
480 3234 524 3296 sit
537 3234 680 3312 primum
695 3235 728 3298 et
741 3236 946 3314 praecipuum
1001 3239 1127 3302 suntin
1143 3238 1290 3300 Ecclesia
1315 3237 1372 3315 qui
1388 3236 1463 3298 ideo
1478 3235 1719 3297 convertuntur
1739 3247 1800 3310 per

147 3329 413 3402 fundamentum,
444 3332 530 3394 siout
553 3332 634 3394 dicit
651 3333 846 3411 Apostolus,
870 3335 948 3396 sunt
1001 3333 1798 3414 poenitentiam,repatianturaeternampoenam,

147 3427 263 3490 lamen
282 3428 349 3490 alia
370 3427 602 3502 fundamenta,
625 3430 781 3494 videlicet
802 3433 946 3509 apostoli
1000 3434 1053 3497 vel
1077 3433 1304 3511 purgatoriam
1322 3431 1357 3492 in
1382 3432 1461 3508 igne
1482 3430 1557 3507 post
1579 3430 1730 3498 mortem,
1756 3441 1800 3486 ex
1825 3509 1831 3522 .

148 3525 184 3586 et
208 3525 394 3602 prophetae,
416 3528 515 3605 jnxta
534 3528 621 3606 quod
644 3528 726 3591 dicit
744 3531 944 3607 Apostolus:
1001 3548 1140 3610 quorum
1169 3545 1311 3608 persona
1335 3528 1416 3590 dicit
1439 3527 1568 3588 David:
1591 3527 1736 3586 Domine
1755 3537 1798 3584 uc

147 3624 486 3698 superaedificamini
531 3641 638 3700 super
681 3627 946 3700 fundamentum
1001 3631 1173 3703 mturare
1192 3629 1249 3689 tuo
1264 3640 1394 3702 aranas
1408 3637 1475 3696 ace,
1490 3638 1597 3698 aeque
1612 3626 1649 3683 in
1667 3625 1724 3684 ira
1739 3623 1800 3682 tua

147 3720 395 3794 apostolorum,
412 3721 704 3799 etpropletarum
717 3722 813 3803 (Epir.
831 3740 867 3799 n,
879 3725 945 3806 20).
983 3793 984 3802 χ
1000 3729 1176 3800 corripias·
1192 3739 1248 3786 me
1264 3721 1334 3802 (Ρε.
1356 3725 1386 3796 6,
1402 3720 1448 3802 2).
1465 3724 1520 3783 Ira
1535 3721 1594 3783 Dei
1608 3721 1660 3784 est
1674 3721 1799 3781 aeterna

148 3820 192 3880 Et
225 3817 305 3879 alibi
340 3834 400 3896 per
434 3820 636 3897 Prophetam
664 3837 671 3877 :
705 3824 948 3886 Fundamenta
1001 3822 1147 3885 vindicta
1176 3821 1210 3882 in
1240 3837 1304 3899 qua
1332 3821 1488 3898 peccator
1518 3818 1689 3896 arguitur,
1720 3817 1798 3896 qnia

148 3919 227 3990 ejus
245 3918 283 3977 ta
298 3917 470 3980 montibus
490 3919 621 3980 sanclis
636 3919 706 3996 (Ps.
723 3921 772 3992 86,
790 3918 834 3999 1).
858 3922 948 3983 Inter
1001 3921 1036 3982 in
1065 3921 1225 3984 aeternum
1246 3919 1391 3996 punitur,
1415 3919 1449 3980 θῖ
1477 3917 1624 3978 omnium
1642 3917 1800 3992 peccato-

149 4028 235 4090 quos
249 4011 462 4076 beatissimus
475 4017 593 4077 Petrus
608 4016 734 4093 primus
747 4018 798 4079 θεῖ
811 4018 844 4079 et
859 4034 948 4096 prae-
1000 4033 1075 4080 rum
1105 4033 1242 4078 suarum
1283 4015 1444 4078 memoria
1477 4013 1656 4076 cruciatur.
1691 4015 1799 4073 Furor

149 4110 282 4188 cipuus,
305 4111 359 4172 cni
375 4112 779 4188 singulariteraDominc
800 4115 945 4179 dicitnr:
1000 4131 1080 4177 vero
1110 4115 1232 4177 dicitur
1255 4114 1306 4175 ira
1333 4113 1510 4184 concitata,
1538 4111 1595 4172 sed
1620 4109 1742 4180 brevis,
1765 4111 1799 4170 et

149 4211 201 4268 Tu
213 4211 390 4271 oocaieris
410 4212 540 4285 cepam
562 4207 670 4284 (Joan.
691 4229 714 4285 1,
731 4211 796 4294 42).
819 4214 946 4292 cephas
1000 4213 1076 4275 ideo
1096 4213 1264 4289 significat
1277 4210 1504 4288 purgatoriam
1523 4223 1665 4284 poenam,
1683 4207 1717 4266 in
1733 4222 1798 4283 qua

148 4305 241 4366 enim
260 4307 441 4368 secundnm
460 4323 561 4369 unam
578 4311 819 4386 expositionem
840 4311 949 4374 inter·
1001 4311 1155 4388 peccator
1182 4310 1224 4370 ad
1252 4309 1382 4384 tempus
1408 4305 1606 4382 corripitur,
1637 4304 1695 4364 sed
1724 4304 1798 4380 post

148 4402 302 4480 pretatur
330 4405 465 4480 Petrus3
493 4406 674 4468 secundum
697 4408 798 4469 aliam
826 4409 948 4477 dicitur
1001 4423 1074 4470 eam
1090 4408 1270 4482 liberatum
1287 4406 1365 4482 quia
1386 4405 1472 4466 sicut
1486 4418 1604 4464 aurum
1624 4403 1799 4463 examina-

149 4501 261 4575 caput,
286 4501 364 4578 quia
382 4501 470 4565 sicut
483 4519 603 4581 corpus
627 4520 686 4582 per
708 4506 829 4567 collum
845 4507 947 4584 capiti
1000 4508 1056 4570 tur
1068 4506 1103 4567 in
1113 4505 1259 4577 tornaco,
1276 4504 1323 4566 ita
1333 4503 1454 4564 animae
1465 4501 1666 4564 mundantur
1677 4499 1718 4561 ab
1731 4517 1799 4561 om·

144 4597 313 4674 jungitur,
326 4598 373 4661 ita
385 4614 446 4677 per
459 4599 592 4663 beatum
605 4605 742 4664 Petrum
757 4605 871 4666 sancta
884 4604 948 4666 Ee-
1002 4605 1099 4666 nibus
1120 4603 1211 4666 vitiis
1226 4602 1259 4663 et
1272 4600 1418 4679 peccatis
1439 4600 1474 4662 in
1495 4599 1699 4677 purgatorio.
1717 4599 1800 4659 Cor-

148 4692 254 4758 clesla
273 4695 402 4758 christo
415 4701 594 4775 conjuncta
609 4700 669 4763 est.
692 4701 732 4762 Et
752 4702 839 4764 sicut
854 4702 947 4764 cibus
1001 4703 1177 4780 ripitDens
1192 4699 1400 4771 salvandum,
1411 4698 1550 4775 corripit
1560 4697 1796 4758 damnandnm.

147 4807 210 4870 per
223 4793 344 4856 collum
358 4795 394 4855 in
409 4811 529 4873 corpus
542 4797 722 4870 descendit,
739 4799 786 4860 ita
799 4816 859 4878 per
872 4800 947 4863 bea·
1002 4800 1237 4878 Expectatione
1261 4798 1485 4875 praemiorum,
1505 4794 1583 4873 qnia
1605 4795 1719 4856 sancta
1736 4796 1799 4855 Ec-

147 4891 221 4952 tum
238 4893 373 4953 Petrum
391 4894 588 4969 apostolum,
612 4895 750 4957 verbum
771 4898 842 4970 Dei,
860 4898 946 4975 qnod
1002 4899 1103 4961 alesia
1119 4896 1271 4974 expectat
1284 4894 1382 4966 bona,
1406 4910 1479 4971 quae
1500 4893 1691 4969 repromisit
1711 4894 1798 4952 Dens

147 4990 201 5050 est
225 4987 317 5050 cibus
343 4989 540 5064 animarum,
571 4992 613 5054 ad
634 4992 818 5056 Ecclesiam
841 4997 944 5072 venit.
1002 4995 1216 5072 diligentibus
1230 5009 1279 5054 se.
1300 4992 1392 5056 Unde
1406 4991 1531 5053 Dauid:
1550 4994 1659 5053 Credo
1679 4992 1798 5051 cidere

148 5085 314 5159 christus,
344 5087 431 5150 sicut
454 5087 536 5151 dicit
557 5090 751 5166 Apostolus,
776 5093 827 5157 est
849 5097 948 5173 capnt
1003 5099 1089 5158 bona
1108 5094 1247 5156 Domini
1262 5093 1299 5152 in
1323 5091 1421 5152 terra
1445 5089 1637 5150 uiuentium
1658 5086 1727 5168 (Ρε.
1743 5087 1795 5160 25,

147 5183 320 5257 Ecclesia,
338 5200 457 5263 corpus
472 5185 523 5247 ost
541 5185 701 5260 Ecclesia,
713 5191 861 5254 membra
872 5209 948 5254 cor·
1003 5191 1068 5274 13).

146 5281 241 5360 poris
258 5283 336 5344 sunt
351 5283 475 5360 singuli
490 5283 616 5345 fideles.
632 5285 727 5346 Unde
742 5290 920 5364 Apostolus
937 5307 944 5347 ε
1044 5286 1199 5368 Sequitur
1211 5309 1224 5348 ·.
1234 5288 1281 5350 Et
1293 5286 1404 5360 portae
1417 5287 1524 5360 tufam
1545 5299 1614 5346 raon
1627 5289 1799 5358 praecalc-

146 5381 247 5443 Sicut
267 5384 305 5442 in
318 5395 543 5458 unacorpore
557 5384 667 5445 multa
680 5389 949 5450 membranaue·
1003 5390 1084 5452 iuret
1112 5391 1280 5448 aduersus
1306 5399 1395 5446 cam.
1424 5383 1571 5456 Quatuor
1601 5381 1708 5443 modis
1736 5382 1800 5445 hoc

146 5494 241 5551 mres,
265 5483 382 5541 omnia
400 5481 518 5541 autem
531 5484 688 5544 memora
706 5497 775 5543 uon
791 5490 948 5549 eunedcm
1003 5488 1075 5549 loco
1118 5483 1350 5560 intelliguntur
1391 5482 1494 5558 portae
1534 5479 1645 5541 interi.
1687 5481 1799 5542 Primo

149 5577 269 5638 actum
288 5577 423 5650 uatem,
448 5579 612 5643 ttamulti
628 5595 949 5659 unamcarpussu-
1003 5585 1182 5656 damonae,
1211 5579 1356 5643 secundo
1384 5578 1545 5650 haeretici,
1581 5579 1679 5641 terlio
1704 5580 1797 5653 vitia,

146 5689 229 5739 miti
241 5675 278 5736 iu
294 5676 429 5738 aarum
444 5672 553 5755 (Rom.
569 5691 630 5749 ΧΗ,
646 5675 694 5758 4)·
981 5665 983 5670 ’
1003 5684 1120 5762 quarto
1134 5680 1256 5744 interni
1278 5679 1434 5742 claustra.
1451 5680 1623 5740 Daemones
1645 5677 1801 5740 dicuntur
