4234 6408
293 2618 299 2628 ’
400 2607 518 2674 [Booroln
537 2607 622 2659 Codex
632 2606 811 2672 diplomaticus
820 2607 948 2669 lloraviae,
961 2611 981 2658 t.
992 2609 1024 2671 ll,
1041 2622 1067 2673 p.
1080 2607 1132 2674 89].

365 249 424 314 187
978 224 1155 311 aonoan
1176 247 1391 310 litoreas.

406 411 475 487 Ego
487 410 669 481 Romanus,
684 405 843 470 diaconus
857 407 1049 472 cardinalis.
1560 413 1663 503 CLII

408 530 477 604 Ego
494 525 691 602 Stephanus,
714 525 828 587 Sancti
842 524 982 587 Adriani
1000 525 1159 588 diaconus

367 624 558 687 cardinalis.
1275 643 1327 701 Ad
1348 641 1558 710 Willelmnm,
1574 639 1735 701 comitem
1746 642 1948 704 Pcmbroclr.

406 743 474 816 Ego
504 737 763 811 AlebrandinuS,
789 739 822 800 S.
849 738 1020 801 Eustachii
1046 738 1161 800 diaco·
1412 737 1650 810 justitiarium
1662 739 1764 814 Attali
1798 781 1805 798 .

367 853 431 900 nus
447 837 640 899 cardinalia.
1008 923 1015 939 .
1511 867 1545 926 pp
1560 867 1623 942 jan,
1638 867 1716 927 1271,

407 1001 528 1061 Datum
563 996 729 1070 Laterani,
752 1011 812 1074 per
843 1012 977 1057 manum
1009 996 1159 1068 Ranerii,
1255 1001 1366 1068 [aegest.
1378 999 1424 1052 lib.
1435 1001 1455 1058 1,
1474 1001 1549 1066 epist.
1561 1001 1793 1066 llll.·-Bouquet,
1807 1001 1913 1054 Recueil
1925 1002 1969 1054 tles

367 1096 490 1175 prioris
506 1096 618 1157 Sancti
633 1094 783 1156 Fridiani
797 1095 934 1167 Lucani,
951 1095 1074 1157 sanctae
1089 1096 1160 1156 Ro·
1432 1080 1579 1142 historiens,
1587 1085 1605 1131 ‘-
1617 1081 1717 1146 fflvl·
1726 1081 1794 1146 ⁶²5]

369 1209 477 1254 manoe
518 1193 676 1254 Ecclesiae
709 1192 997 1264 vicecancellarii,
1034 1191 1162 1253 decimo

368 1291 496 1352 decimo
527 1290 622 1351 sexto
655 1289 816 1352 kalendas
849 1289 1028 1362 februarii,
1061 1288 1163 1350 indio-
1450 1341 1475 1397 H
1530 1339 1535 1352 .
1617 1337 1668 1397 ds
1703 1338 1721 1396 d
1773 1340 1779 1352 .
1958 1343 1964 1353 ,

472 1391 511 1460 v

367 1485 486 1546 lesimo
510 1485 735 1547 ducentesimo
760 1485 887 1546 decimo
907 1484 1057 1561 septime,
1079 1499 1164 1560 pon·
1252 1515 1388 1574 fidem„
1402 1469 1535 1574 eumdgm
1554 1443 1692 1574 homar·

370 1582 514 1644 tilicatus
539 1598 619 1644 vero
639 1580 765 1644 domini
783 1583 923 1644 Honorii
949 1585 1049 1659 Papae
1072 1581 1162 1644 tertii

369 1694 457 1741 anno
472 1681 591 1758 primo.
1258 1679 1426 1740 Honorius
1439 1679 1664 1757 episcopus...,
1685 1678 1805 1740 dilecto
1824 1678 1894 1740 filio
1908 1679 2010 1740 nobili

1218 1777 1291 1838 viro
1315 1777 1369 1837 W.
1386 1777 1498 1838 comiti
1519 1776 1715 1854 Pamprocb.
1735 1775 1918 1854 justitiario
1939 1778 2010 1838 An·
2075 1777 2076 1780 ’

724 1899 805 1986 CLI
1218 1873 1306 1948 gliae,
1323 1873 1475 1946 salutem,
1490 1873 1552 1936 etc.

1258 1971 1357 2032 Duris
1382 1971 1478 2033 nobis
1506 1971 1696 2033 rumoribus
1717 1971 1895 2043 nunciatis,
1913 1969 2010 2032 vide·

1218 2068 1297 2131 licet
1315 2068 1402 2144 quod
1434 2069 1534 2130 clarae
1559 2069 1729 2130 memoriae
1748 2071 1778 2132 J.
1804 2084 1868 2129 rex
1884 2067 2011 2144 angliae

369 2144 422 2204 Ad
445 2143 634 2203 mmm
665 2144 881 2218 Pmffemem
913 2139 946 2202 02
977 2139 1164 2202 ROWWW
1219 2165 1307 2226 viam
1326 2167 1415 2228 esset
1435 2167 1603 2228 universae
1621 2167 1732 2228 carnis
1746 2166 1933 2242 ingressuri,
1955 2181 2010 2226 re-

410 2241 664 2302 Olmoemem
689 2241 862 2314 ep²⁸⁰01⁹⁰³
882 2239 917 2300 et
936 2239 1165 2315 Praepost'lum
1219 2262 1299 2340 pleti
1314 2263 1392 2326 sunt
1403 2263 1508 2326 lumbi
1523 2265 1629 2326 nostri
1641 2264 1766 2336 dolore,
1784 2264 1817 2326 et
1836 2264 1921 2325 sicut
1936 2278 2012 2340 par

409 2337 705 2412 mmmmm·
1219 2361 1373 2422 turientis
1397 2361 1552 2438 angustia
1577 2379 1639 2424 nos
1665 2362 1821 2440 possedit,
1845 2363 1913 2423 tum
1937 2360 2012 2438 quia

664 2467 697 2524 lo
713 2465 773 2539 jun.
795 2466 874 2524 lill.
1218 2459 1338 2535 ipsum,
1355 2458 1636 2537 utpotellcclesiae
1647 2462 1806 2522 Romanae
1818 2459 2010 2532 vassallum,

1219 2557 1252 2618 et
1270 2557 1375 2634 ipsius
1401 2557 1507 2619 filium
1522 2557 1710 2635 specialem,
1733 2557 1864 2619 sincera
1888 2555 2010 2618 dilexi-

1220 2671 1293 2716 mus
1314 2656 1350 2716 in
1369 2656 1508 2717 Domino
1533 2656 1681 2728 caritate,
1709 2657 1779 2716 tum
1808 2655 1885 2731 quia
1906 2656 2012 2732 major

375 2785 519 2846 Honorius
538 2801 612 2860 papa
626 2787 667 2844 lll
681 2785 717 2842 de
732 2785 908 2844 restituendo
922 2783 1046 2858 quodam
1058 2791 1163 2857 castro,
1219 2751 1314 2814 ¹²⁰bis
1337 2753 1440 2815 instat
1460 2753 1641 2814 necessitas
1666 2751 1883 2815 snbveniendi
1906 2751 2012 2813 caris*

407 2875 483 2949 quod
507 2873 697 2944 allemands,
718 2875 796 2948 regis
817 2873 962 2932 ponemiae
979 2889 1081 2948 nepos,
1100 2889 1164 2932 pru.
1220 2851 1303 2912 simo
1321 2849 1356 2910 in
1369 2850 1500 2912 Christo
1513 2850 1582 2911 filio
1596 2850 1710 2911 nostro
1725 2849 1870 2911 Henrico
1884 2849 2010 2926 primo-
2075 2879 2076 2900 .

406 2965 571 3038 resignatus
585 2963 738 3036 proditorie
753 2968 953 3036 occupaverat.
1219 2948 1331 3024 ἓθῦῑῑθ
1353 2951 1436 3025 ejus,
1454 2948 1527 3023 legi
1538 2948 1719 3024 Anglorum
1734 2945 1867 3016 illustri,
1884 2962 1946 3023 1³01*
1964 2945 2012 3005 di·
2075 2967 2076 3030 ξ

1219 3046 1340 3108 lectum
1357 3045 1462 3105 lilium
1477 3046 1625 3108 nostrum
1641 3049 1678 3106 G.
1696 3045 1809 3107 'tituli
1825 3047 1858 3106 S.
1876 3042 2011 3104 Martini

411 3143 579 3206 Honorius
613 3141 803 3222 episcopus,
839 3158 954 3204 servus
993 3157 1165 3203 servorum
1219 3142 1448 3221 presbyterum
1477 3142 1692 3214 cardinalem,
1721 3145 1760 3204 A.
1791 3145 1825 3204 S.
1853 3141 2009 3217 legatum,
2075 3149 2076 3234 J

370 3241 441 3314 Dei,
455 3240 702 3303 venerabilibus
725 3240 887 3316 Pragensi
908 3240 940 3301 et
955 3239 1165 3301 olomucensi
1219 3241 1356 3317 provide
1371 3241 1544 3316 coronat03
1568 3240 1736 3317 assumpto
1755 3241 1864 3327 autem
1879 3239 2012 3300 sortitu·
2075 3269 2076 3298 l

371 3340 547 3416 episcopis,
564 3339 597 3401 et
618 3336 737 3399 dilecto
758 3337 879 3411 illio...
901 3337 1079 3414 praeposito
1094 3339 1164 3398 Ra·
1219 3337 1308 3398 dinis
1324 3338 1443 3415 spiritu
1464 3337 1500 3398 in
1523 3354 1562 3399 eo
1588 3339 1645 3415 qui
1673 3337 1866 3400 consolatur
1890 3352 1953 3399 nos
1978 3335 2011 3396 in

369 3435 564 3514 tisponensi,
576 3435 717 3497 salutem
729 3435 763 3496 et
776 3434 991 3512 apostolicam
1008 3433 1166 3496 benedic-
1220 3435 1310 3496 omni
1337 3435 1552 3496 tribulatione
1578 3436 1702 3508 nostra,
1730 3436 1766 3497 ut
1788 3435 1955 3512 possimus
1981 3433 2012 3493 et
2075 3481 2076 3512 ἦ

370 3533 505 3596 tionem.
1220 3533 1283 3610 ipsi
1303 3533 1432 3609 eosqui
1451 3532 1486 3594 in
1509 3548 1667 3610 pressura
1684 3533 1761 3594 sunt
1778 3531 1956 3604 consolari,
1972 3529 2011 3590 ad
2075 3603 2076 3616 χ

1216 1250 1352 1310 Willelmi
1372 1249 1408 1308 de
1424 1248 1627 1320 Pembroebio‚
1644 1257 1810 1309 coronatum
1826 1249 1861 1309 ab
1877 1251 1912 1309 A.
1929 1252 1958 1310 S.
1971 1252 2007 1310 lc·

409 3630 459 3693 Ad
499 3625 703 3692 audientiam
745 3631 893 3692 nostram
920 3630 1092 3692 carissimo
1128 3630 1165 3692 in
1219 3629 1325 3706 ipsius
1354 3631 1387 3691 et
1411 3631 1508 3706 regni
1529 3633 1602 3708 ejus
1618 3631 1793 3692 consilium
1817 3633 1850 3693 et
1875 3628 2011 3692 tutelam
2075 3689 2076 3692 ,

371 3728 503 3790 Christo
521 3727 590 3789 filio
603 3729 715 3791 nostro
730 3731 767 3789 0.
790 3728 913 3789 illustri
927 3744 1005 3805 rege
1020 3729 1164 3790 Boemiae
1221 3729 1342 3792 affectu
1354 3728 1470 3790 intimo
1485 3727 1685 3805 aspirantes,
1700 3729 1779 3790 licet
1795 3728 1835 3788 da
1854 3727 1914 3789 tua
1934 3741 2013 3788 con·
2075 3759 2076 3780 .

371 3824 578 3900 significante
591 3825 752 3902 pervenit,
763 3825 848 3902 quod
859 3824 981 3886 nobilis
996 3825 1049 3886 vir
1061 3828 1096 3885 Τ.
1111 3842 1165 3886 ne·
1220 3826 1342 3888 stantia
1357 3841 1512 3902 geramus
1532 3841 1623 3903 spem
1643 3827 1766 3888 certam
1784 3826 1816 3888 et
1838 3823 2011 3886 indubila-
2075 3815 2076 3850 ³

371 3939 432 4000 pos
457 3939 547 3995 suus,
569 3923 626 4000 qui
643 3922 737 3998 signo
759 3921 866 3983 vivice
882 3920 959 4002 (stc)
977 3923 1166 3984 crucisbu-
1219 3925 1286 3986 tam
1310 3923 1465 3985 fiduciam
1486 3923 1678 3998 habeamus,
1699 3923 1731 3985 te
1749 3925 1861 3985 tamen
1880 3923 2013 4000 aposto·
2075 3947 2076 3952 ¹

371 4020 472 4082 meris
485 4021 555 4082 suis
570 4019 670 4082 affixo
683 4018 801 4080 faciem
813 4020 921 4080 euntis
936 4020 970 4080 in
980 4019 1165 4082 Jerusalem
1219 4020 1293 4082 licis
1304 4021 1590 4082 exhortationibus
1600 4020 2012 4083 confortandumduximus

371 4119 535 4191 induerat,
557 4119 593 4178 in
612 4131 767 4194 sempnar
791 4115 868 4196 (stc)
888 4133 1040 4194 campum
1055 4116 1166 4178 diver·
1221 4119 1253 4181 et
1274 4117 1484 4192 hortandum,
1508 4135 1551 4180 ne
1570 4134 1629 4180 cor
1648 4120 1741 4180 tuum
1765 4119 1801 4178 in
1824 4115 2012 4197 hujusmodi

370 4217 456 4289 tenS,
484 4215 649 4294 adjunctis
674 4214 869 4292 quibusdam
894 4214 959 4276 sibi
980 4215 1165 4293 iniquitatis
1219 4215 1489 4278 tribulationibus
1518 4217 1768 4289 consternetur,
1804 4214 1862 4276 sed
1890 4215 2013 4292 quanto

370 4314 465 4386 tiliis,
492 4313 655 4390 quoddam
682 4313 826 4375 castrum
855 4313 960 4390 ipsius
984 4313 1164 4391 proditorie
1219 4313 1352 4375 fortuna
1379 4314 1512 4376 videtur
1534 4314 1702 4391 asperior,
1732 4313 1823 4376 tanto
1851 4327 2014 4387 exsurgas

370 4411 555 4488 occupavit,
565 4411 680 4473 contra
692 4411 919 4488 Juramentum
935 4427 1031 4471 suum
1040 4411 1166 4474 temere
1220 4411 1425 4473 constantior
1450 4413 1568 4473 contra
1595 4427 1685 4484 eam,
1714 4427 1788 4472 cum
1814 4410 1947 4472 virtutis
1972 4407 2015 4469 sit
2075 4403 2076 4416 ¹

370 4508 546 4576 veniendo,
562 4523 622 4584 per
636 4507 722 4584 quod
741 4509 809 4568 tam
828 4508 933 4584 ipsius
948 4509 1049 4584 regis,
1066 4525 1164 4586 quam
1180 4497 1184 4504 '
1219 4509 1380 4587 proficere
1394 4509 1430 4570 in
1445 4509 1606 4571 adversis
1640 4515 1645 4524 '
2075 4555 2076 4566 ,

372 4605 592 4666 ecclesiarum
623 4603 709 4665 bona
737 4603 911 4666 devastare
946 4622 1013 4667 non
1044 4606 1162 4668 cessat.
1258 4609 1362 4668 Tuam
1386 4623 1464 4684 orgo
1487 4607 1692 4671 nobilitatem
1705 4622 1877 4669 monemus
1896 4606 1929 4667 ei
1953 4619 2016 4665 ex·

372 4702 515 4780 Ideoque
539 4700 709 4762 dilectioni
735 4701 855 4762 vestrae
884 4717 944 4778 per
975 4704 1164 4779 Apostolioa
1219 4705 1392 4767 hortamur
1418 4705 1453 4765 in
1474 4707 1633 4779 Domino,
1661 4721 1720 4782 por
1743 4704 1925 4782 apostolica
1955 4701 2016 4763 tibi
2075 4727 2076 4776 3

371 4799 495 4877 scripta
507 4799 713 4871 mandamus,
733 4801 895 4876 quatenus
910 4799 1083 4877 praelatum
1098 4817 1163 4863 no·
1219 4803 1342 4879 scripta
1354 4803 1559 4875 mandantes
1577 4804 1739 4879 quatenus
1752 4803 1837 4864 sicut
1856 4803 1909 4864 vir
1922 4815 2019 4862 cons·
2075 4863 2076 4866 ,

368 4897 469 4960 bilem
484 4900 520 4960 ut
534 4897 678 4960 castrum
692 4897 886 4973 praedictum
910 4898 983 4975 ipso
999 4896 1076 4980 (sic)
1092 4900 1164 4977 regi
1218 4902 1293 4963 tans
1315 4901 1348 4963 et
1371 4900 1465 4963 sortis
1485 4900 1696 4962 infidelitate
1719 4901 1825 4978 ipsius
1849 4899 1939 4975 regis
1958 4897 2018 4956 tir-

369 4997 524 5060 restituat
536 4997 622 5058 sicut
634 4995 741 5067 debet,
758 4996 940 5058 monitione
954 4998 1089 5074 praevia,
1104 5015 1165 5075 per
1219 4999 1316 5060 miter
1332 5013 1536 5075 perseveres,
1560 4999 1648 5059 circa
1664 4997 1759 5074 regni
1775 4995 2015 5064 defensionem,

369 5111 545 5158 censuram
567 5094 838 5167 ecclesiasticam,
869 5095 1091 5173 appellatione
1109 5111 1165 5157 re·
1219 5097 1252 5158 et
1279 5112 1392 5157 curam
1412 5096 1559 5173 ejusdem
1581 5097 1688 5172 regis,
1712 5095 1894 5171 invigilans
1918 5091 2019 5152 solli·

367 5197 468 5267 mota,
486 5192 621 5268 cogatis
633 5191 724 5263 Quod
742 5192 771 5254 si
788 5209 853 5254 non
870 5208 983 5254 omnes
999 5193 1051 5254 bis
1067 5209 1165 5254 exse·
1219 5194 1365 5256 citudine
1391 5195 1653 5272 circumspecta,
1680 5193 1712 5255 et
1737 5191 1900 5254 cardinali
1926 5206 2019 5267 prae-
2075 5221 2076 5228 .

369 5291 508 5370 quendis
532 5289 707 5367 potueritis
727 5290 898 5363 interesse,
927 5290 991 5352 duo
1017 5292 1163 5352 vestrum
1218 5291 1318 5360 dicto,
1333 5291 1388 5352 cui
1403 5291 1536 5368 plenam
1546 5291 1745 5353 contulimus
1758 5289 1970 5368 potestatem,
1984 5285 2020 5347 ut
2075 5291 2076 5374 J

368 5405 408 5450 oa
431 5387 648 5449 nibilominus
670 5387 905 5463 exsequantur.
932 5390 1050 5449 Datum
1066 5389 1164 5450 Late-
1218 5405 1258 5451 ea
1273 5405 1346 5466 quae
1362 5389 1403 5451 ad
1417 5389 1643 5452 defensionem
1658 5391 1691 5452 ot
1705 5389 1882 5451 utilitatem
1901 5401 2019 5462 saepe·
2075 5439 2076 5454 .

368 5486 454 5558 rani,
481 5487 540 5548 XV
575 5483 736 5546 kalendas
760 5484 931 5558 februarii,
953 5486 1163 5563 pontificatus
2075 5491 2076 5500 ’

367 5582 473 5646 nostri
487 5597 574 5646 anno
589 5582 706 5660 primo.
798 5641 800 5648 ,
1056 5621 1059 5628 ·
1254 5591 1296 5667 (l)
1316 5594 1483 5652 Gualouom.
