4104 6392
78 229 136 287 toa

79 385 301 461 requirantur,
331 383 409 444 licet
434 381 476 445 ad
514 385 725 448 sanctitatem
757 385 878 448 animae

76 479 875 560 operasolasufdoiantinecclesiatriumphante,

83 578 333 652 diligentissime
364 577 573 654 inquirerent·
596 579 637 640 de
666 583 818 657 utroque,
847 581 879 640 et

81 691 152 750 quae
165 675 353 738 invenirent
370 671 511 738 fideliter
526 675 714 752 redigentes
723 676 759 737 in
772 677 879 754 scrip-

80 773 141 843 tis,
169 787 209 832 ea
231 771 326 834 nobis
361 773 625 836 transmitterent
654 773 714 834 sub
743 789 877 835 suorum

79 869 260 930 munimine
283 869 487 956 sigillorumj
502 871 665 947 quatenus
688 886 747 948 per
762 886 877 932 eorum

79 966 276 1027 relationem
298 967 462 1038 instructi,
480 967 512 1028 et
530 969 564 1028 in
580 967 711 1044 negotio
728 968 800 1044 ipso
825 984 880 1028 se-

80 1063 204 1134 curius,
221 1063 360 1124 homino
375 1063 569 1141 inspirante,
585 1065 765 1142 procedere
785 1065 880 1126 vale-

59 1153 65 1161 '
79 1176 208 1235 remus;
221 1160 278 1237 qui
290 1160 397 1237 primo
407 1162 504 1238 juxta
518 1161 665 1224 mandati
675 1162 779 1226 nostri
789 1163 880 1223 teno-

81 1273 168 1330 rem,
196 1257 236 1318 da
267 1257 358 1318 illius
387 1259 648 1331 conversatione,
675 1275 714 1322 ac
739 1260 819 1330 vita,
840 1273 879 1320 ac

81 1353 200 1416 deinde
215 1355 256 1416 de
270 1355 441 1420 miraculis
457 1353 706 1434 inquisitionem
719 1355 879 1418 facientes

81 1451 315 1528 perlegitimos
323 1452 435 1524 testes,
448 1454 481 1514 et
490 1454 581 1514 omni
597 1453 792 1530 exceptione
807 1469 880 1514 ma-

76 1549 878 1628 joras,adstrictosjuramentivinculodttigenter,

78 1646 288 1719 invenerunt,
319 1645 426 1723 ipsum
460 1649 584 1710 sanctas
615 1648 879 1711 conversationis

80 1743 215 1804 odorem
227 1742 501 1816 aliisfuissedum
510 1744 649 1814 viveret,
658 1745 879 1822 etinsignium

80 1839 317 1902 miraculorum
340 1841 550 1903 multitudine
576 1843 650 1920 post
664 1843 789 1905 obitum
811 1842 883 1904 cla-

80 1936 200 2012 ruisse,
215 1953 288 2014 quae
303 1938 373 1999 tum
394 1939 472 2014 quia
496 1938 590 2000 vobis
610 1941 687 2002 nota
708 1941 794 2011 sunt,
812 1940 880 2001 tum

81 2033 159 2108 quia
182 2049 241 2108 pro
265 2034 317 2094 sui
349 2034 560 2096 multitudine
586 2051 652 2097 non
668 2037 806 2112 possent
820 2035 880 2096 sub

80 2129 242 2192 brevitate
276 2130 428 2202 narrari,
459 2132 615 2206 praesenti
653 2131 785 2208 paginae
813 2147 879 2194 non

81 2226 238 2286 duximus
252 2226 442 2296 inserenda,
452 2228 571 2288 melius
584 2228 787 2290 aestimantes
801 2230 881 2290 scri·

80 2325 183 2400 pturo'
194 2322 373 2400 gloriosam
389 2325 460 2400 ejus
476 2324 649 2386 historiam
665 2325 820 2388 universa
832 2341 882 2388 re·

81 2420 244 2496 linquere,
264 2436 362 2498 quam
382 2420 497 2497 paucis
511 2421 741 2504 auctoritatem
759 2425 880 2485 nostrae

82 2515 181 2578 bullae
206 2517 414 2593 appositione
436 2518 622 2593 praestando
649 2533 723 2578 eam
743 2519 882 2596 reliquis

84 2614 225 2689 quodam
242 2615 338 2676 modo
358 2614 530 2690 derogare.
547 2615 631 2691 Ipsis
645 2616 755 2677 autem
776 2616 882 2676 mira-

84 2711 178 2782 culiS,
192 2727 265 2788 quae
286 2711 501 2788 inquisitores
529 2711 679 2788 praedicti
701 2712 796 2774 nobis
822 2713 882 2774 sub

84 2808 154 2868 suis
174 2808 292 2882 sigillis
307 2808 448 2879 inclusa,
471 2810 568 2885 prout
585 2809 619 2868 in
641 2809 805 2871 mandatis
828 2826 884 2871 re-

83 2907 255 2980 ceperant,
281 2905 553 2978 transmiserunt,
588 2907 788 2968 examinatis
824 2923 884 2984 per

84 3017 166 3076 quos
182 3003 222 3062 de
234 3002 393 3068 fratribus
409 3003 530 3064 nostris
545 3003 676 3078 penitus
694 3005 727 3064 11
741 3003 884 3079 diligen-

83 3098 151 3173 ter;
168 3115 208 3160 ea
223 3100 354 3161 demum
370 3098 403 3157 11
416 3099 515 3175 pleno
530 3099 727 3161 consistorio
745 3099 882 3161 fecimus

84 3195 277 3258 solemniter
287 3195 433 3266 recitari,
449 3197 568 3257 etcum
584 3197 793 3258 sanctitatem
808 3214 882 3259 mo-

82 3307 155 3352 rum
173 3295 206 3354 et
219 3292 390 3368 signorum
405 3292 559 3354 virtutem
575 3293 615 3353 ad
634 3292 782 3354 favorem
798 3295 884 3371 peti-

83 3389 195 3461 tionis,
222 3405 281 3465 pro
303 3403 367 3466 qua
387 3389 538 3466 praedicti
560 3379 828 3466 archiepiscopus
851 3393 883 3452 et

83 3486 239 3547 canonici
271 3501 336 3546 una
370 3501 444 3548 cum
477 3485 641 3561 episcopis
676 3487 710 3548 et
737 3487 883 3564 praetatis

83 3582 301 3643 Bituriceusis
323 3581 504 3659 provinciae
527 3581 604 3642 aliis
621 3599 694 3660 quae
709 3585 884 3661 quamplu-

83 3679 180 3739 rimis
200 3679 413 3740 vehemeuter
434 3676 603 3740 instabant
617 3695 816 3742 concurrere
833 3681 885 3741 vi-

85 3774 252 3844 deremus,
269 3775 416 3836 divinum
432 3775 465 3836 et
479 3774 660 3836 humanum
676 3777 780 3838 secuti
792 3777 885 3856 judi-

85 3872 185 3944 cium,
209 3873 249 3933 de
271 3871 411 3934 fratrum
435 3873 624 3933 nostrorum
647 3874 786 3936 consilio
813 3876 886 3951 post

86 3969 225 4028 multum
253 3967 524 4030 deliberationem
550 3969 698 4031 habitam
720 3987 794 4032 cum
818 3972 886 4032 eis-

85 4063 173 4134 dem,
200 4081 350 4126 necnon
381 4065 639 4143 archiepiscopis
664 4066 696 4129 et
721 4067 885 4145 episcopis

85 4161 165 4221 tunc
181 4161 399 4223 existentibus
414 4163 500 4239 apud
517 4164 634 4224 Sedem
648 4162 882 4241 Apsotolicam,

86 4273 170 4332 quos
193 4259 233 4319 ad
255 4259 431 4320 consilium
445 4262 594 4321 nostrum
618 4261 828 4334 admisimus,
845 4263 885 4323 de

85 4353 200 4417 divina
216 4355 455 4429 misericordia,
473 4358 505 4418 11
521 4357 669 4434 ejusdem
686 4360 798 4420 Sancti
815 4369 886 4420 me-

85 4451 160 4512 ritis
173 4453 387 4527 confidentes,
399 4455 508 4530 ipsum
522 4457 719 4518 Sanctorum
732 4457 885 4532 catalogo

85 4546 243 4611 duximus
258 4550 522 4624 adscribendum,
533 4553 726 4626 statuentes
739 4554 775 4615 ut
786 4554 821 4616 in
833 4554 885 4614 die

85 4644 303 4721 depositionis
315 4649 419 4724 ipsius
430 4649 578 4727 ejusdem
593 4649 756 4714 festivitas
769 4652 886 4714 devote

86 4756 106 4801 a
120 4745 217 4806 vobis
230 4746 263 4808 et
277 4745 353 4806 aliis
366 4745 490 4808 Christi
502 4747 654 4812 fidelibus
669 4751 766 4810 annis
775 4749 886 4825 singu·

86 4836 128 4898 lis
147 4839 325 4902 decaetero
347 4839 543 4902 celebretur.
561 4844 721 4914 Quocirca
732 4843 885 4907 devotio-

86 4948 162 4996 nem
177 4939 325 5000 vestram
339 4953 509 5000 monemus
522 4940 558 5000 in
568 4942 708 5003 Domino
722 4945 753 5004 et
768 4942 885 5005 horta-

86 5045 172 5105 mur,
198 5050 260 5114 per
275 5034 466 5112 apostolica
495 5036 589 5098 vobis
618 5039 740 5115 scripta
765 5040 886 5116 praeci-

85 5127 208 5201 piendo
223 5132 429 5206 mandantes,
440 5135 603 5210 quatenus
616 5136 763 5212 eJusdem
775 5138 886 5199 Sancti

86 5229 283 5290 memoriam
312 5245 387 5290 cum
422 5230 614 5296 celebritate
650 5231 760 5294 debita
787 5249 889 5298 vene-

87 5324 213 5400 rantes,
231 5329 303 5402 1111
323 5327 409 5404 apud
424 5331 527 5390 Deum
544 5329 705 5408 suffragia
720 5331 889 5394 humiliter

88 5415 286 5494 imploretis.

130 5518 249 5582 natum
271 5523 384 5584 Romae
397 5522 482 5600 apud
498 5523 653 5588 Sanctum
669 5527 815 5598 Petrum,
832 5526 891 5588 de·

700 227 927 290 EPISTOLAE.
952 228 1029 288 LIB.
1054 229 1093 288 ΙΙ.

1660 237 1718 296 ted
1769 227 1770 232 ἵ

932 385 1727 466 cimosextokalendasjunii,pontificatusnostri

933 499 1020 544 anno
1035 483 1191 545 secundo.

1269 571 1397 658 dciv
1491 605 1496 614 ·

1062 697 1114 755 Ad
1128 697 1310 756 atttiocrsos
1325 699 1453 757 Christi
1466 698 1591 769 sidetes.

1224 799 1256 854 17
1271 799 1340 855 mali
1357 799 1433 856 litt.

1100 892 1205 956 [labbe.
1217 893 1322 946 Collect.
1334 895 1440 954 concil„
1453 895 1563 962 113111]

933 981 1066 1040 Notiticat
1079 981 1140 1040 orbi
1152 981 1315 1042 Christiano
1325 999 1357 1041 11
1373 984 1401 1040 11
1414 985 1547 1058 oamlogo
1560 987 1727 1046 Sanctorum

968 1069 1155 1144 adscripsisse
1181 1072 1362 1130 Guillelntunt
1383 1074 1591 1132 bituricensem
1615 1076 1725 1134 archio-

969 1159 1127 1233 piscopum.

974 1257 1147 1320 Universis
1162 1258 1284 1321 Christi
1307 1259 1469 1333 fidelibus,
1487 1262 1547 1324 sal.
1565 1264 1597 1324 et
1618 1263 1724 1340 apost.

935 1352 1210 1417 benedictionem.

973 1451 1101 1514 Divinae
1134 1452 1323 1528 benignitas
1359 1453 1491 1532 pietatis
1526 1455 1658 1518 sanctos
1696 1459 1729 1518 11

934 1547 1056 1614 1110111
1072 1550 1199 1610 suosin
1214 1550 1358 1612 01111111
1378 1553 1474 1628 regni
1493 1552 1652 1616 felicitate
1673 1553 1727 1615 11-

935 1648 1025 1707 catos
1040 1647 1080 1708 ad
1096 1647 1158 1708 hoc
1172 1648 1205 1708 in
1218 1649 1308 1709 terra
1318 1649 1556 1712 miraculorum
1571 1667 1729 1712 corusca-

934 1743 1024 1806 tione
1036 1744 1208 1816 clariticat,
1226 1746 1262 1806 ut
1276 1745 1421 1806 fidelium
1436 1763 1495 1824 per
1508 1747 1571 1809 hoc
1586 1748 1729 1810 excitata

935 1841 1077 1913 devotio,
1094 1856 1207 1904 eorum
1223 1842 1384 1917 suffragia
1401 1842 1502 1920 digna
1516 1844 1729 1906 veneratione

935 1937 1102 2014 deposcat.
1120 1937 1214 2001 Unde
1229 1955 1303 2000 cum
1322 1941 1367 2000 Β.·
1379 1940 1589 2002 Guillelmum
1603 1941 1730 2002 Bituri-

935 2049 1066 2095 eensem
1077 2034 1375 2111 archiepiscopum,
1388 2053 1485 2112 quem
1493 2038 1651 2098 Dominus
1665 2038 1731 2099 ela·

935 2131 982 2191 ris
993 2130 1079 2191 sicut
1089 2130 1183 2192 nobis
1200 2131 1296 2207 plane
1309 2133 1467 2204 constitit,
1477 2134 1646 2195 miraculis
1658 2134 1731 2195 illu·

936 2226 1063 2298 stravit,
1074 2229 1269 2290 Sanctorum
1280 2229 1728 2308 catalogdadsoripserimus,

935 2339 1108 2385 monemus
1122 2325 1374 2387 universitatem
1387 2329 1531 2388 vestram
1544 2328 1579 2387 in
1591 2329 1729 2389 Domino

936 2421 968 2481 st
982 2411 1166 2492 hortam'ur,
1184 2422 1345 2498 quatenus
1361 2426 1432 2499 ejus
1446 2424 1532 2499 apud
1552 2426 1655 2485 Deum
1671 2441 1732 2501 pa·

936 2516 1076 2577 11101111
1099 2517 1225 2579 devotis
1245 2519 1408 2580 mentibus
1428 2519 1623 2596 imploretis.
1649 2523 1729 2581 Cum

937 2613 1047 2674 autem
1063 2615 1134 2690 ejus
1146 2615 1337 2675 venerabile
1353 2631 1472 2692 corpus
1488 2616 1531 2678 sit
1547 2617 1682 2689 deloco,
1695 2617 1731 2678 in

938 2725 1002 2786 quo
1018 2711 1080 2781 est,
1104 2709 1144 2770 ad
1167 2710 1270 2772 alium
1298 2712 1580 2786 transferendum,
1608 2729 1668 2775 nos
1692 2713 1732 2776 de

937 2806 1116 2880 beatorum,
1124 2807 1214 2868 Petri
1236 2809 1269 2869 et
1289 2808 1396 2880 Pauli,
1423 2809 1456 2872 et
1475 2809 1578 2886 ipsius
1593 2810 1732 2886 gloriosi

938 2903 1137 2966 confessoris
1170 2903 1298 2967 meritis
1333 2906 1535 2968 confidentes
1567 2908 1732 2970 universis

938 3001 994 3078 qui
1025 3001 1066 3061 ad
1101 3001 1345 3063 solemnitatem
1377 3006 1448 3082 ejus
1481 3005 1553 3081 ipso
1586 3005 1640 3066 die
1668 3021 1731 3082 quo

939 3097 1167 3167 transferetur,
1196 3100 1248 3160 vel
1271 3099 1371 3160 etiam
1392 3101 1479 3162 infra
1504 3103 1638 3164 octavas
1658 3119 1732 3164 cnm

938 3195 1112 3257 devotione
1132 3197 1358 3268 convenerint,
1375 3199 1415 3258 40
1438 3197 1508 3259 dies
1530 3200 1732 3276 poenitentiae

938 3292 1096 3368 injunctae
1111 3293 1314 3354 relaxamus.
1332 3293 1491 3354 Omnibus
1506 3295 1562 3372 qui
1578 3295 1619 3356 ad
1641 3300 1734 3374 ejus·
1786 3347 1797 3360 ,

938 3387 1011 3449 dem
1026 3387 1256 3450 translationis
1271 3390 1513 3453 solemnitatem
1530 3393 1650 3454 futuris
1664 3409 1732 3453 an-

938 3484 990 3545 nis
1001 3485 1073 3561 ipso
1086 3485 1338 3546 translationnis
1349 3487 1402 3547 die
1418 3490 1610 3550 reverenter
1624 3505 1734 3550 acces·

939 3581 1054 3653 serint,
1070 3581 1218 3642 eamdem
1232 3583 1471 3658 indulgentiam
1483 3585 1711 3647 concedentes.

978 3679 1097 3739 Datum
1112 3680 1226 3739 Romae
1241 3680 1328 3755 apud
1345 3681 1378 3740 S.
1404 3680 1539 3742 Petrum
1556 3684 1593 3743 te
1612 3683 1734 3744 kalen·
1766 3662 1778 3680 ’

940 3776 999 3838 das
1008 3775 1096 3853 julii,
1114 3775 1323 3850 pontificatus
1338 3777 1443 3838 nostri
1462 3794 1550 3840 anno
1576 3781 1731 3842 secundo.

1263 3927 1412 4014 cclvi

1029 4051 1081 4111 Aci
1096 4054 1389 4126 archiepiscopum
1404 4055 1648 4115 Turortettsam.

1231 4164 1263 4220 17
1282 4163 1443 4221 [1111111218.

966 4259 1085 4321 [Regest.,
1095 4256 1141 4308 lib.
1153 4258 1185 4319 lt,
1200 4258 1273 4321 epist.
1287 4257 1356 4308 toas.
1368 4259 1425 4308 llas.
1437 4259 1473 4310 La
1484 4259 1559 4310 Poste
1572 4261 1710 4327 1111111111]

1015 4354 1131 4412 Mandat
1141 4364 1170 4413 11
1182 4355 1333 4414 translatio
1345 4357 1474 4428 corporis
1489 4359 1673 4417 1111111111

1117 4459 1183 4501 oum
1199 4441 1294 4502 dehita
1306 4445 1487 4503 solemnitate
1497 4445 1556 4504 dat.

981 4552 1159 4624 Honorius,
1182 4553 1256 4623 etc,
1283 4552 1466 4614 venerabili
1486 4553 1583 4617 fratri
1603 4557 1736 4618 archie-

941 4650 1075 4727 piscopo
1093 4649 1275 4711 Bituricen.

981 4751 1061 4808 Cum
1078 4762 1198 4824 corpus
1208 4746 1298 4810 beati
1308 4747 1487 4821 Guillelmi,
1503 4751 1589 4812 sicut
1605 4754 1737 4830 accepi-

941 4861 1025 4917 mus,
1043 4845 1150 4907 111οο
1171 4845 1206 4905 11
1222 4861 1285 4923 quo
1301 4846 1511 4922 estoporteat
1526 4847 1567 4908 de
1586 4851 1735 4910 necessi-

941 4945 1009 5006 tate
1023 4941 1210 5013 transferri,
1226 4941 1425 5004 fraternitati
1440 4944 1506 5004 tuae
1523 4959 1582 5020 per
1596 4949 1737 5022 Aposto-

943 5041 1007 5102 lioa
1021 5039 1144 5116 scripta
1157 5039 1365 5110 mandamus,
1376 5039 1538 5116 quatenus
1546 5043 1735 5104 convocatis

943 5137 1091 5215 praelatis
1105 5136 1137 5198 et
1150 5135 1227 5196 aliis
1242 5150 1323 5212 quos
1336 5135 1461 5198 videris
1477 5137 1644 5213 expedire,
1662 5155 1738 5200 ccr-

944 5251 1004 5312 pus
1028 5235 1136 5311 ipsum
1162 5249 1258 5296 cures
1286 5248 1358 5294 cum
1386 5232 1497 5296 debita
1527 5235 1736 5299 solemnitate

942 5331 1135 5404 transferre,
1149 5330 1253 5392 facias
1263 5330 1346 5390 illud
1361 5346 1437 5392 cum
1458 5329 1558 5408 digna
1575 5332 1737 5396 honoriti-

944 5428 1736 5506 centiacollocari.DatumRomaeapudSanctum

945 5529 1078 5589 Petrum
1093 5528 1130 5587 16
1143 5525 1304 5588 kalendas
1314 5527 1401 5603 junii
1416 5541 1505 5588 anno
1520 5530 1675 5590 secundo.
