4200 6394
187 299 188 305 ,
298 261 358 326 115
762 257 941 320 HONORII
961 256 1008 316 111
1029 255 1178 318 OPERA.
1194 283 1233 300 ··
1249 257 1484 320 salimurius
1890 263 1955 326 116

297 419 404 484 nutrit
426 419 605 494 flammam,
622 417 816 496 supernatat
832 417 962 480 caeteris
985 415 1096 494 liquo·
1131 417 1309 492 mentum,
1319 417 1451 495 quando
1461 415 1646 482 declaravit
1653 417 1752 480 tidem
1761 419 1955 494 Trinitatis,

297 518 401 580 ribus.
426 519 544 580 Oleum
569 517 659 578 enim
685 531 806 594 grace,
830 515 934 576 latine
962 513 1096 577 miseri·
1150 515 1223 576 sine
1231 531 1296 594 qua
1307 516 1415 577 omnis
1425 515 1524 578 homo
1535 515 1724 578 inconditus
1735 521 1785 580 est
1795 519 1828 582 et
1836 535 1954 595 pecus.

297 617 410 678 cordia
439 616 659 693 nuncupatur.
690 616 820 676 Oleum·
841 613 940 676 sanat
956 611 1095 674 uulnera
1152 613 1245 674 Unde
1255 614 1435 675 Dominus:
1456 618 1519 678 Vos
1529 616 1615 678 estis
1627 621 1679 678 sel
1694 616 1802 678 terreo
1817 615 1954 696 (blattb.

297 713 457 792 corporis,
475 713 568 775 itaet
589 712 819 776 misericordia
840 712 938 772 sanat
956 710 1094 772 vulnera
1150 727 1181 783 v,
1202 711 1265 790 13).
1281 713 1440 774 Praestitit
1454 711 1654 786 unctionem,
1670 713 1803 791 quando
1818 729 1878 792 per
1891 715 1961 776 im·

297 811 429 884 mentis,
450 811 528 892 quia
548 827 607 890 per
626 809 888 872 misericordiam
904 809 962 871 Dei
987 812 1095 886 Apos-
1151 809 1348 885 positionem
1368 827 1485 872 manus
1509 811 1742 889 Apostolorum
1764 812 1956 875 donabatur

297 910 384 972 tolus
400 909 577 971 mundatus
591 911 642 971 est
657 925 676 970 a
695 907 842 986 peccatis
856 907 1047 986 praeteritis
1064 907 1098 968 et
1152 908 1295 986 Spiritus
1312 910 1466 983 Sanctus,
1482 909 1569 972 sicut
1583 911 1743 988 scriptum
1765 913 1815 972 est
1832 911 1869 972 in
1886 916 1959 973 Ac-

297 1007 482 1070 custoditus
497 1009 547 1069 est
561 1006 723 1069 afuturis.
741 1007 835 1068 Unde
847 1007 919 1083 ipse
935 1023 942 1061 :
959 1008 1096 1067 Miseri-
1150 1005 1242 1070 tibus
1255 1010 1487 1086 apostolorum
1505 1013 1614 1072 :Cure
1636 1011 1858 1086 iarposzeisset
1880 1013 1958 1072 dis-

296 1109 453 1168 cordiam
482 1106 682 1168 consecutus
702 1120 799 1177 sam,
825 1107 907 1179 quia
929 1107 1096 1181 ignoraus
1150 1111 1271 1184 clputis
1282 1123 1409 1170 morata
1418 1111 1561 1182 Pardus,
1578 1109 1671 1170 nenti
1686 1110 1840 1184 Spiritus
1849 1112 1958 1170 Sanc-

296 1207 374 1280 feci,
393 1206 432 1266 tn
446 1202 696 1266 incredulitate.
712 1202 1012 1278 supercalcare
1026 1217 1094 1262 ou-
1151 1208 1207 1269 tas
1229 1221 1336 1282 super
1357 1221 1414 1268 eos
1441 1203 1526 1284 (not.
1551 1221 1623 1279 xix,
1645 1205 1690 1286 6).
1714 1207 1818 1269 Erant
1840 1207 1956 1268 autem

298 1303 368 1364 tem
399 1303 516 1380 grotta
546 1303 686 1363 Domini
717 1301 831 1362 nostri
859 1303 945 1363 lesu
968 1299 1096 1362 Gbristi
1151 1305 1325 1368 duodecim
1350 1304 1506 1382 discipuli
1526 1304 1678 1367 Joannis.
1708 1306 1747 1366 ut
1766 1303 1854 1368 sicut
1877 1306 1954 1367 cleo

298 1406 328 1487 (Ι
337 1408 420 1470 Tim.
435 1423 458 1482 1,
470 1406 535 1487 14).
549 1408 668 1469 Dehoc
676 1405 750 1469 oleo
760 1407 795 1468 in
806 1405 892 1469 libro
903 1405 1095 1482 Regumdi-
1150 1403 1279 1466 visibili
1291 1402 1462 1479 unguntur
1476 1402 1572 1464 modo
1588 1403 1788 1476 sacerdotes,
1806 1403 1853 1465 ita
1872 1419 1957 1480 gra-

297 1505 400 1568 citur:
416 1506 517 1568 Dicit
530 1507 689 1567 viduaret
703 1508 859 1568 Eltseum
872 1521 883 1564 .·
898 1509 977 1568 Non
991 1507 1095 1568 babeo
1153 1503 1197 1566 tia
1208 1501 1375 1580 spirituaii
1386 1501 1588 1563 intrinsecus
1599 1500 1808 1574 roborantur,
1821 1502 1957 1580 quando

296 1609 408 1666 oleum
422 1606 491 1666 atsi
500 1619 630 1680 param
647 1607 685 1664 ta
698 1605 827 1678 lecpibe
842 1600 904 1683 (ΙΙΙ
914 1606 995 1680 Reg.
1011 1619 1094 1676 xvrr,
1151 1617 1270 1662 manus
1286 1600 1336 1662 eis
1345 1599 1562 1677 imponuntur
1576 1615 1597 1661 a
1609 1599 1832 1675 pontificibus.
1851 1600 1956 1662 Simi-

297 1701 350 1781 12)
361 1702 457 1776 idest,
474 1717 592 1778 parum
607 1701 846 1764 misericordiae
858 1701 894 1762 in
910 1701 1009 1762 corde
1022 1717 1093 1762 suo.
1151 1698 1227 1760 liter
1256 1697 1294 1760 nt
1318 1698 1353 1761 in
1382 1697 1592 1770 Christianis,
1623 1698 1756 1774 quando
1783 1698 1955 1773 unguntur

296 1799 642 1877 Etbenedixitparum
652 1800 728 1873 olei,
742 1801 820 1879 qula
831 1799 939 1862 omnis
949 1799 1095 1860 humana
1151 1796 1347 1872 chrismate3
1362 1797 1396 1858 et
1407 1795 1443 1856 in
1457 1795 1611 1869 infirmis,
1632 1794 1765 1874 quando
1781 1797 1954 1872 unguntur

297 1897 527 1960 misericordia
550 1914 653 1975 parva
679 1899 739 1962 est.
769 1898 862 1960 Unda
885 1898 921 1958 in
939 1898 1094 1960 Psalmo:
1151 1895 1186 1956 in
1201 1895 1371 1958 extremis.
1466 1889 1469 1897 '

296 1999 539 2059 Misericordia
557 2000 696 2058 Domini
712 2001 815 2072 plena
836 1997 888 2058 est
907 1997 1006 2058 terra
1025 1994 1094 2075 (Ps.
1193 1993 1352 2055 Praestitit
1375 1992 1540 2064 decorem,
1565 1991 1696 2071 quando
1722 1992 1867 2054 erudivit
1890 2009 1956 2056 nos
2088 2060 2093 2075 ,

296 2097 347 2168 33,
366 2092 410 2174 5),
439 2093 472 2156 et
495 2095 622 2156 David:
642 2097 750 2168 Serio,
769 2098 917 2156 Deeratne
940 2097 1097 2156 artatam
1151 2109 1210 2169 per
1222 2091 1376 2170 exempla
1390 2089 1486 2152 bonae
1502 2090 1843 2168 vitaeadaequitatem.
1857 2091 1955 2152 Unde

296 2208 410 2255 eneam
425 2196 507 2268 quia
520 2196 661 2268 peccavi
678 2193 738 2254 liet
756 2191 828 2272 (Ps.
842 2194 893 2266 40,
916 2190 961 2270 5).
980 2192 1096 2253 Oleum
1151 2189 1328 2267 Apostolus
1347 2189 1572 2251 :imitatores
1585 2193 1655 2252 mei
1668 2189 1787 2262 estote,
1808 2189 1897 2250 sicut
1918 2189 1954 2251 et

297 2291 403 2352 nutrit
412 2291 591 2364 flammam,
604 2290 652 2353 ita
667 2291 899 2353 misericordia
910 2289 973 2352 luit
984 2293 1095 2368 npos-
1152 2303 1213 2365 ego
1228 2289 1358 2351 Cleristi
1373 2285 1511 2366 (Philip.
1533 2303 1583 2361 111,
1608 2285 1672 2366 17).
1688 2285 1865 2364 Apostolus
1881 2287 1955 2349 dio-

296 2389 367 2452 tolo
390 2390 630 2452 nutrimentum
649 2389 790 2467 iustitiae
813 2389 847 2450 in
869 2388 956 2450 bona
977 2404 1098 2466 opara-
1152 2387 1204 2448 tus
1215 2386 1265 2448 est
1278 2385 1703 2463 oleum‚quiailluminatus
1715 2385 1952 2460 estaGhristo,

296 2488 397 2550 tione.
409 2490 551 2565 Lampas
562 2488 789 2550 sineoleenon
798 2489 907 2565 potest
915 2487 1039 2560 lucere,
1049 2487 1096 2548 ita
1151 2485 1281 2562 quande
1296 2483 1388 2547 venit
1402 2499 1587 2563 supereum
1600 2482 1660 2546 lux
1671 2483 1711 2544 de
1726 2483 1821 2555 coelo,
1835 2484 1868 2545 et
1880 2484 1956 2562 ipso

297 2587 330 2648 et
344 2585 467 2647 bonum
483 2602 565 2662 opus
579 2585 652 2648 sine
666 2585 896 2648 misericordia
908 2602 974 2648 non
988 2586 1097 2663 potest
1151 2581 1354 2645 illuminavit
1368 2583 1464 2657 alios,
1482 2583 1612 2646 dicente
1627 2581 1792 2660 adipsum
1808 2585 1877 2646 Deo
1892 2597 1958 2659 per

296 2685 452 2762 cuiquam
478 2684 646 2762 prodesse.
678 2683 771 2746 Unde
793 2683 971 2746 Psalmista
999 2683 1094 2746 orat:
1151 2682 1346 2760 prophetam
1361 2699 1368 2738 :
1385 2685 1494 2744 Posui
1509 2681 1954 2758 saepememoratus

295 2785 539 2844 Misericordia
557 2783 618 2844 raa
631 2783 858 2858 stebseguetar
871 2798 927 2844 nee
952 2780 1025 2861 (Ps.
1042 2781 1095 2854 22,
1134 2765 1305 2843 'stractus
1319 2795 1409 2852 mea,
1435 2794 1543 2854 usgue
1557 2782 1603 2840 ad
1620 2779 1820 2842 amireorum
1845 2779 1953 2842 lerrce

296 2879 343 2960 6).
359 2880 400 2942 Et
411 2879 588 2941 Salomon:
609 2881 709 2942 Omni
724 2880 878 2954 ternpore
890 2880 1097 2945 vestimento
1150 2876 1210 2956 (ls.
1224 2863 1379 2958 mund).
1396 2879 1436 2940 ut
1447 2876 1564 2940 reiecit
1575 2876 1676 2938 uerbo
1691 2875 1949 2954 praedicationis,

298 2979 359 3050 iaec
381 2979 453 3039 siat
471 2980 627 3050 candido,
648 2977 683 3040 et
703 2983 816 3040 ewam
838 2978 1013 3053 decapite
1038 2978 1096 3040 tuo
1151 2977 1188 3039 ut
1221 2977 1333 3039 dicere
1369 2977 1483 3054 posset
1522 2991 1596 3038 cum
1635 2974 1723 3038 isaia
1760 2975 1951 3052 propheta:

297 3089 367 3135 arca
380 3075 518 3146 deficiat
532 3071 635 3152 (Eccl.
648 3088 696 3148 rx,
709 3071 743 3154 8)
762 3073 857 3146 idest,
879 3089 1011 3150 semper
1024 3074 1097 3135 este
1150 3075 1344 3136 «Dorninus
1363 3074 1453 3136 dedit
1480 3073 1563 3136 mibi
1588 3073 1740 3150 linguam
1764 3071 1944 3146 eruditam,

298 3172 499 3234 misericors.
515 3171 722 3234 Vestimenta
748 3171 891 3233 candida
915 3173 993 3233 sunt
1008 3171 1105 3236 bona
1151 3174 1187 3236 ut
1210 3174 1315 3235 sciam
1342 3173 1532 3236 sustentare
1555 3188 1631 3234 sum
1663 3172 1720 3250 qui
1752 3171 1866 3249 lapsus
1902 3172 1954 3234 est

298 3285 420 3346 opera;
447 3269 600 3332 candidis
620 3268 828 3334 vestimentis
851 3269 1012 3343 induitur,
1039 3270 1097 3348 qui
1150 3271 1262 3346 verbo,
1279 3289 1298 3332 s
1314 3272 1347 3334 et
1368 3272 1445 3354 quia
1466 3271 1583 3334 lenivit
1602 3286 1658 3332 eos
1679 3271 1735 3348 qui
1754 3271 1830 3332 duri
1852 3271 1951 3333 erant

297 3366 394 3430 bonis
410 3367 566 3445 operibus
583 3367 776 3431 adornatur.
797 3368 913 3430 Oleum
933 3383 1098 3445 superna·
1151 3370 1185 3433 et
1198 3371 1308 3448 asperi
1324 3386 1383 3448 per
1399 3368 1689 3440 infidelitatenaet
1708 3368 1873 3432 convertit
1890 3383 1952 3428 eos

296 3466 345 3528 tat
360 3465 512 3528 omnibus
524 3465 710 3544 liquoribus
725 3487 733 3526 ι
749 3466 797 3528 ita
813 3467 849 3528 et
865 3463 1095 3530 misericordia
1151 3469 1192 3530 ad
1207 3469 1383 3535 veritatem
1404 3467 1592 3544 Evangelii,
1612 3467 1645 3529 et
1659 3466 1701 3528 ad
1725 3465 1803 3528 ndei
1822 3466 1952 3528 lenita-

297 3564 702 3642 supareminetuniversis
727 3563 918 3626 virtutibus.
946 3563 1042 3626 Unde
1059 3563 1095 3624 in
1151 3567 1233 3628 tem.

169 3746 171 3752 ,
297 3662 459 3740 psalmo:
495 3666 621 3726 Sasonis
652 3666 822 3726 Dominus
847 3665 1036 3734 uniuersis,
1062 3661 1097 3724 et
1147 3693 1148 3696 π
1532 3689 1567 3777 Χ

296 3761 540 3822 miserationes
555 3763 631 3832 ejas
650 3764 886 3836 superomnia
899 3775 1006 3838 opera
1019 3763 1096 3834 maes
1911 3813 1914 3818 .

299 3855 370 3936 (rs.
388 3860 457 3930 1⁴4³
473 3855 519 3936 a).
1152 3883 1193 3942 ιι.
1216 3911 1258 3928 -
1285 3881 1330 3942 m
1352 3879 1648 3942 convansroum
1669 3880 1791 3940 sunm
1811 3877 1951 3940 raum.

337 3957 484 4028 Quatuor
496 3956 574 4045 sunt
597 3953 759 4018 utilitates
781 3955 866 4018 olei:
883 3955 994 4018 oleum
1012 3957 1094 4018 sub-

297 4054 465 4116 ministrat
473 4055 592 4127 lucem,
604 4053 741 4131 praestat
750 4053 1007 4128 condimentum,
1020 4071 1098 4118 unc·
1198 4063 1283 4124 Vivo
1303 4073 1378 4136 epe,
1401 4059 1484 4121 dicit
1502 4061 1690 4122 Dominus:
1705 4061 1782 4120 reolo
1802 4056 1951 4119 mortem

296 4153 433 4227 tionem,
457 4155 490 4216 et
511 4153 674 4214 decorem·
700 4153 844 4214 Praestat
867 4153 989 4225 rumen,
1018 4155 1097 4230 quia
1148 4157 1444 4232 praetermeat
1470 4157 1509 4218 aa
1541 4155 1768 4220 convertatur
1792 4153 1952 4228 peccam·

297 4252 375 4314 inde
391 4253 618 4314 accenduntur
633 4250 822 4328 lampades3
837 4252 1096 4328 prastatconm-
1151 4271 1176 4317 a
1188 4259 1248 4316 oia
1260 4270 1326 4316 suo
1333 4259 1437 4327 moda,
1450 4255 1485 4318 et
1497 4255 1594 4316 oinct
1606 4251 1740 4332 (Erech.
1751 4267 1873 4324 xxxrrr,
1886 4248 1951 4330 11).

297 4353 464 4424 mentum,
501 4351 580 4428 quia
612 4350 692 4413 inde
726 4350 928 4414 condiuntur
965 4349 1094 4426 fecula3
1193 4353 1451 4415 conversionem
1479 4351 1567 4414 beati
1587 4351 1685 4414 Pauli
1711 4349 1860 4427 apostoli
1884 4349 1951 4410 bo·

296 4451 433 4527 praestat
452 4449 653 4523 unctionem,
670 4449 748 4527 quia
762 4449 840 4510 inde
858 4450 1028 4526 unguntur
1041 4465 1098 4512 aa·
1152 4449 1269 4514 dierna
1295 4451 1349 4514 die
1373 4451 1531 4524 colimus3
1552 4451 1588 4511 ut
1614 4449 1773 4528 quantum
1798 4447 1952 4509 utilitatis

297 4546 448 4608 cerdotes
469 4549 501 4608 et
517 4562 625 4623 reges,
644 4547 677 4608 et
697 4547 797 4610 etiam
821 4547 956 4622 infirmi,
973 4549 1097 4611 atinde
1152 4549 1311 4614 Ecclesia
1350 4549 1410 4611 Dei
1445 4548 1622 4611 conversio
1653 4550 1725 4625 aJus
1759 4545 1947 4618 contulerit,

297 4644 472 4706 coniicitur
497 4644 655 4713 chrisma,
683 4645 770 4706 unde
796 4646 966 4722 unguntur
987 4646 1099 4708 chris·
1148 4649 1222 4726 jugi
1250 4647 1464 4710 meditatione
1497 4659 1687 4726 pensemus,
1724 4646 1757 4708 et
1782 4647 1886 4706 Deum
1910 4643 1951 4704 ad

295 4740 392 4803 tiani.
409 4741 551 4802 Praestat
561 4741 725 4814 decorem,
739 4741 819 4818 quia
832 4741 911 4802 inde
925 4741 1098 4819 poliuntur
1152 4746 1391 4823 ignoscendum
1401 4744 1569 4824 peccatori
1580 4743 1712 4806 facilem
1724 4737 1765 4804 ab
1776 4742 1953 4820 iniquitate

297 4840 471 4912 columnae,
488 4840 521 4900 et
535 4839 656 4900 caetera
671 4855 747 4916 quaa
757 4839 910 4902 volumus
924 4856 999 4902 esse
1011 4841 1096 4902 niti-
1152 4861 1313 4908 converse
1334 4859 1586 4921 cognoscamus.
1602 4841 1758 4918 Legimus
1780 4839 1867 4919 quod
1886 4840 1952 4902 tria

297 4938 403 5000 diora.
420 4937 492 5009 Vel,
516 4937 625 4998 oleum
640 4936 808 5013 significat
821 4939 964 5014 gratiam
984 4939 1096 5018 Spiri-
1152 4945 1229 5005 sunt
1243 4947 1392 5020 tempora
1410 4957 1418 5002 :
1434 4942 1563 5019 tempus
1578 4942 1656 5002 ante
1678 4940 1798 5015 legam,
1821 4938 1954 5014 tempus

295 5039 349 5101 tus
371 5037 495 5110 Sancti,
514 5052 588 5113 quae
606 5036 768 5114 praeclare
790 5037 912 5102 claruit
933 5038 969 5100 in
989 5041 1097 5117 Apes·
1152 5037 1953 5118 sublega,ettempusgratiae.Antelegemnullus

295 5135 375 5210 tolo,
388 5135 477 5213 quria,
495 5135 531 5196 ut
541 5135 613 5211 jam
628 5133 785 5207 diximus,
802 5137 1018 5212 pergratiam
1036 5138 1096 5199 Dei
1151 5139 1331 5218 pugnabat,
1346 5137 1408 5200 sub
1419 5139 1492 5213 lege
1503 5139 1615 5200 nullus
1625 5135 1812 5199 resistebat.
1828 5138 1872 5197 l)e
1883 5135 1953 5197 illis

296 5234 372 5311 plus
391 5232 543 5296 omnibus
559 5231 733 5295 laboravit.
759 5235 839 5295 Haec
858 5235 968 5310 gratia
987 5237 1098 5298 mani·
1151 5255 1230 5316 ergo
1244 5237 1618 5300 nullusvincehat.Ante
1634 5236 1743 5311 legem
1756 5233 1955 5310 enimquid-

297 5331 433 5394 festarit
465 5331 577 5393 lumen
606 5347 666 5409 per
692 5331 964 5408 praedicationem
1002 5336 1094 5410 eJus,
1151 5337 1229 5414 quid
1245 5337 1317 5398 erat
1339 5335 1492 5407 liberum,
1515 5335 1694 5412 putabatur
1715 5333 1844 5396 licitum
1866 5347 1949 5393 esse.

298 5432 331 5492 et
354 5430 514 5506 ollugarit
532 5430 700 5503 tenebras,
721 5431 816 5502 idest,
838 5447 969 5492 errores
988 5431 1097 5494 idolo-
1151 5434 1270 5496 Nullus
1281 5433 1450 5512 pugnabat
1462 5431 1687 5505 cumdiabolO,
1701 5433 1802 5494 imme
1813 5430 1952 5508 quisque

298 5528 486 5590 rumUnde
501 5531 660 5591 Dominus
672 5529 708 5590 in
718 5529 922 5605 Evangelio:
940 5533 1003 5592 Vos
1013 5531 1096 5592 estis
1151 5533 1350 5612 sequebatur
1364 5547 1441 5595 eum
1452 5532 1579 5604 velena,
1598 5533 1630 5594 et
1641 5531 1689 5592 sic
1704 5547 1771 5592 non
1784 5529 1857 5592 erat
1870 5528 1951 5618 uin-

295 5631 359 5690 lita
371 5629 491 5688 anstrudi
512 5621 643 5706 (matta.
660 5644 698 5702 v,
716 5625 781 5707 14).
798 5626 960 5692 rraesuut
975 5629 1094 5692 condi·
1150 5649 1241 5696 cens.
1264 5634 1339 5695 Non
1366 5631 1470 5708 igitur
1493 5632 1574 5694 tunc
1597 5631 1648 5693 est
1675 5621 1747 5693 bac
1774 5625 1952 5707 promissio
