4234 6442
175 353 237 414 393

177 525 273 572 amor
296 509 356 572 Del
380 523 442 570 nec
464 505 691 570 ecclesiastica
715 524 856 571 censura
883 527 975 572 com-

177 607 293 686 pescit,
308 607 470 669 illustrem
481 621 592 683 regem
602 609 805 670 Francorum
812 609 973 670 moneatis

178 703 593 784 prudenteretelilcaciter
613 704 779 766 inducatis
795 707 842 778 ut,
867 706 973 768 tactus

178 803 387 880 injuriaiesu
399 803 535 874 Christi,
550 805 645 880 quus
657 819 700 864 ex
715 805 973 881 presumptione

178 900 367 978 hujusmodi
385 900 557 976 negotium
572 900 762 978 impeditur,
783 902 974 963 eorumdem

176 997 294 1060 Erardi
321 999 355 1060 et
382 998 546 1076 Philippeo
569 1013 609 1060 ac
633 997 799 1062 lautorum
825 999 973 1076 ipsorum
1084 1011 1087 1022 ·

176 1095 417 1170 maIIgnitatem
432 1095 644 1158 temerariam
656 1096 780 1158 tradita
789 1095 852 1158 sibi
862 1097 976 1175 potes·

175 1193 244 1255 tate
270 1194 476 1270 conspescat,
505 1193 539 1254 in
559 1193 621 1255 boc
647 1197 715 1256 Deo
739 1195 849 1271 potius
873 1211 973 1272 quam

177 1289 305 1352 homini
326 1291 513 1354 serviendo.
530 1290 655 1354 Taliter
669 1293 778 1354 autem
800 1293 872 1354 sine
887 1292 974 1354 dila·

174 1389 268 1451 tione
287 1389 479 1452 mandatum
493 1389 717 1466 apostolicum
733 1390 871 1468 exsequi
890 1406 972 1468 pro-

175 1487 311 1561 curetis,
323 1487 409 1566 quod
421 1488 513 1552 zelus
527 1491 639 1550 Terrae
651 1488 781 1550 Sanctae
793 1503 853 1550 vos
868 1503 973 1550 come-

176 1584 256 1646 dere
270 1584 434 1660 uideatur,
457 1587 490 1648 et
499 1586 698 1663 reprehendi
714 1586 755 1647 de
769 1585 972 1662 negligentia

177 1698 243 1744 non
272 1683 417 1760 possitis,
435 1683 491 1745 sed
504 1684 545 1745 de
564 1684 737 1759 diligentia
751 1684 860 1761 potius
877 1699 971 1746 com-

176 1781 338 1842 mendari.
351 1782 440 1853 Quod
453 1783 481 1844 si
494 1796 561 1843 non
572 1797 686 1849 ornnes
695 1782 739 1843 ils
749 1781 972 1858 exsequendis

175 1878 351 1955 potueritis
360 1879 533 1952 interesse,
549 1879 587 1941 tu
600 1879 703 1942 frater
714 1879 880 1957 episcope,
898 1895 971 1940 cum

174 1990 291 2036 eorum
317 1975 422 2038 altero
446 1993 487 2038 ea
515 1976 740 2039 nibilomimrs·
762 1977 970 2055 exsequaris.

176 2075 296 2135 ilatum
309 2073 345 2134 ut
357 2073 393 2133 in
404 2072 483 2134 alia.

481 2279 667 2370 cccxli

176 2465 228 2526 dd
266 2465 477 2540 Stepbonum
510 2466 670 2526 abbatem
699 2465 739 2528 ct·
766 2467 973 2528 concentum

469 2565 683 2644 casinenses.

475 2693 575 2750 emeli
591 2693 670 2750 lili.

322 2824 413 2890 [⁴l‘osti,
429 2825 513 2877 lionis
523 2824 637 2886 Camino,
646 2829 665 2876 t.
676 2825 708 2886 11,
723 2841 748 2891 p.
759 2824 827 2891 301].

175 2941 392 3000 possessionem
406 2943 449 3000 eis
465 2941 615 3000 conilrmat
632 2941 761 3001 ecclesie
783 2942 895 3000 Sancte
909 2943 969 3000 lla·

439 3031 489 3093 ria
501 3029 536 3089 de
547 3030 703 3104 Virgiouis.

215 3157 382 3219 Honorius
397 3157 571 3236 episcopus
594 3172 710 3218 servus
725 3173 897 3221 serrorum
912 3159 972 3220 Dei

175 3253 305 3317 dilectIs
319 3254 398 3316 tiliis
415 3254 538 3329 abbati,
553 3254 586 3317 et
604 3255 782 3317 conventui
797 3255 971 3318 Casinensi

175 3352 315 3415 salutem
330 3354 364 3415 et
377 3353 592 3430 apostolicam
604 3352 879 3414 benedictionem

214 3451 320 3513 tussis
342 3450 524 3528 petentium
556 3449 730 3511 desideriis
762 3447 900 3526 dignum
921 3451 973 3511 est

175 3563 237 3610 nos
265 3547 397 3609 facilem
424 3547 573 3624 praebere
595 3562 804 3618 consensum,
832 3546 864 3608 et
882 3548 970 3619 vota,

175 3661 249 3724 quae
264 3661 284 3708 a
298 3646 439 3708 rationis
460 3644 593 3707 tramite
617 3659 684 3706 non
706 3642 907 3717 discordant,
923 3643 973 3705 ei-

175 3743 263 3805 iectu
278 3744 498 3821 prosequente
513 3741 689 3819 complere.
706 3741 899 3818 Eapropter,
916 3741 972 3802 di-

175 3841 253 3903 lecti
265 3842 300 3902 in
316 3841 455 3903 Domino
468 3839 541 3910 dlii,
557 3839 678 3900 restris
690 3837 790 3914 Justis
804 3838 974 3914 petitioni-

174 3937 237 3999 bus
260 3940 355 4014 grato
368 3936 603 3998 concurrentes
622 3950 773 4007 assensu,
791 3935 972 3997 Ecclesiam

177 4037 307 4097 Sanctae
319 4034 435 4096 Mariae
449 4033 490 4094 de
502 4033 671 4108 Virgionis
685 4033 726 4094 de
738 4031 833 4095 bonae
847 4049 974 4094 memo-

175 4131 235 4194 riae
252 4131 427 4193 Portuensi
451 4131 616 4208 episcopo,
630 4131 709 4192 tunc
729 4131 826 4192 titulo
843 4132 972 4193 Sanctae

176 4233 339 4292 suzannae
361 4229 562 4314 praesbytero
588 4227 750 4290 cardinali
774 4229 972 4306 apostoncae

176 4329 270 4391 Sedis
286 4329 420 4406 Legato,
438 4327 493 4405 pia
508 4326 603 4388 vobis
616 4326 883 4390 consideratione
898 4327 972 4388 col-

175 4427 287 4500 latam,
302 4426 389 4489 sicut
400 4441 473 4487 eam
483 4425 622 4502 Justeac
634 4423 771 4500 pacifice
782 4424 971 4501 possidens,

175 4525 280 4597 vobis,
297 4527 330 4588 et
341 4541 402 4603 per
416 4540 475 4585 vos
490 4522 692 4584 monasterio
707 4523 819 4584 vestro
832 4523 974 4584 auctori·

175 4623 243 4684 tate
264 4623 453 4699 apostema
477 4621 722 4692 confirmamus,
741 4621 776 4682 et
799 4621 973 4697 praesentis

178 4718 292 4794 scripti
311 4719 498 4794 patrocinio
514 4719 766 4780 communimus.
784 4718 877 4779 Nulli
894 4734 973 4795 ergo

179 4815 316 4878 omnino
328 4815 501 4875 bominum
511 4815 610 4878 liceat
625 4817 711 4878 banc
722 4816 878 4893 paginam
890 4832 973 4878 nos·

177 4916 231 4976 tra
257 4911 534 4983 confirmationis,
558 4913 591 4974 et
616 4913 829 4989 protoctIonis
854 4913 975 4975 inirin-

176 5027 269 5089 gere,
283 5008 336 5071 vel
360 5007 391 5069 ei
415 5022 500 5067 ausu
519 5009 697 5071 temerario
714 5011 917 5074 contraire...
939 5011 975 5072 Si

176 5110 253 5188 quis
268 5105 455 5169 autem-boc
470 5105 634 5166 attentare
646 5109 904 5184 praesumpserit,
922 5109 976 5170 in-

176 5207 402 5285 dignationem
418 5202 652 5279 omnIpotentis
667 5205 737 5276 Dei,
755 5205 789 5266 et
802 5204 975 5268 beatorum

178 5305 268 5368 Petri
282 5303 315 5366 et
334 5300 432 5363 Pauli
446 5298 679 5376 Apostolorum
693 5303 766 5377 ejus
786 5316 823 5362 se
846 5305 976 5365 noverit

177 5405 400 5465 incursurum.
422 5399 541 5460 batum
562 5397 729 5469 Laterani,
744 5398 843 5460 tertio
868 5415 974 5462 nonas

178 5501 270 5572 Maii,
287 5496 503 5563 Pontmeatus
518 5495 622 5557 nostri
639 5510 726 5557 anno
742 5495 862 5575 priano.

811 348 1040 412 EPISTOLAE.
1063 351 1141 412 ΜΒ.
1167 351 1191 412 I.

1228 551 1234 566 ·
1326 537 1529 624 CCCXVII

1028 710 1081 768 Ad
1090 707 1318 783 prepositum
1337 710 1368 768 J.
1385 710 1666 771 credid-laconum
1686 707 1720 768 et
1738 721 1824 767 con·

1228 805 1339 867 torem
1350 807 1623 867 Suessioncnses.

1330 935 1347 994 6
1361 936 1430 994 maii
1448 937 1526 994 itit.

1029 1057 1257 1122 [VarimArcbires
1277 1058 1495 1110 adminbtrstives
1514 1059 1545 1110 de
1565 1059 1591 1110 lc
1602 1058 1663 1110 ville
1682 1058 1713 1108 de
1729 1057 1826 1118 listins,

1333 1144 1354 1190 t.
1363 1139 1382 1198 l,
1396 1153 1426 1202 u,
1437 1139 1539 1204 prosp

1028 1254 1144 1312 liandat
1157 1256 1199 1312 eis
1209 1261 1241 1312 ut
1254 1254 1371 1314 audiant
1384 1270 1501 1314 causam
1513 1256 1587 1314 inter
1596 1256 1750 1330 capitulum
1768 1257 1823 1314 ile·

1064 1344 1171 1401 mensis
1186 1345 1320 1402 Ecclesia
1332 1352 1360 1402 et
1374 1343 1505 1402 abbatem
1519 1345 1547 1402 S.
1562 1345 1686 1418 Remigii
1701 1351 1730 1402 et
1747 1345 1825 1402 illem

1063 1433 1226 1490 terminent.

1067 1550 1234 1612 HonorIus
1244 1551 1431 1628 episcopus,
1442 1566 1559 1614 servus
1569 1566 1741 1614 servorum
1750 1552 1822 1624 Dei,

1027 1647 1157 1710 dilectis
1181 1649 1260 1709 illlis
1282 1649 1472 1726 praeposito,
1488 1651 1518 1712 J.
1537 1648 1773 1712 archidiacono
1792 1649 1825 1710 et

1028 1747 1157 1807 cantori
1173 1747 1482 1820 suessionensibus,
1494 1746 1636 1810 salutern
1650 1748 1685 1809 et
1697 1747 1824 1824 aposto·

1026 1842 1126 1906 lIcam
1141 1843 1415 1906 benedictionem.

1067 1940 1186 2003 Dilecti
1198 1941 1262 2002 dlii
1272 1942 1417 2006 decanus
1432 1943 1466 2003 et
1477 1941 1659 2018 capitulum
1675 1944 1823 2003 Remen-

1028 2033 1075 2094 sis
1093 2034 1245 2096 acclesiae
1263 2035 1367 2096 nobIs
1377 2035 1525 2111 graviter
1539 2036 1617 2096 sunt
1640 2033 1823 2110 conquesti,

1027 2130 1113 2208 quod
1128 2146 1229 2207 quum
1245 2131 1347 2192 abbas
1364 2133 1398 2194 et
1416 2131 1598 2194 conventus
1614 2134 1647 2193 S.
1666 2131 1822 2207 Remigii,

1027 2229 1061 2288 et
1072 2229 1165 2305 prior
1184 2231 1216 2290 S.
1231 2229 1386 2291 Mauricii
1409 2230 1592 2301 RemensIs,
1617 2244 1677 2306 pro
1692 2229 1826 2306 injurIIs

1027 2326 1060 2386 et
1075 2326 1346 2402 oppressionibus
1358 2326 1464 2388 eidem
1482 2327 1633 2390 ecclesi-ae
1654 2326 1823 2403 irrogans,

1027 2421 1206 2484 observare
1221 2438 1295 2486 cum
1310 2425 1360 2484 eis
1379 2424 1510 2486 soleant
1532 2424 1743 2486 interdictum
1765 2440 1826 2486 sua

1027 2535 1152 2595 organa
1161 2521 1442 2597 suspendendo,id
1454 2521 1586 2583 efficere
1595 2520 1826 2584 contradicunt

1026 2616 1062 2676 ln
1077 2617 1183 2693 ipsius
1197 2617 1347 2679 ecclesiae
1362 2617 1592 2695 praejudicium
1604 2619 1638 2679 et
1647 2633 1713 2679 non
1725 2617 1828 2680 modi·

1028 2728 1100 2774 cam
1125 2713 1305 2776 laesionem.
1327 2714 1469 2791 Ideoque
1491 2714 1685 2776 discretioni
1704 2716 1825 2776 vestrae

1028 2825 1089 2887 per
1100 2810 1290 2888 Apostolica
1303 2812 1427 2888 scripta
1444 2812 1650 2886 mandamus,
1661 2813 1825 2889 quatenus

1027 2905 1177 2984 partibus
1193 2908 1394 2980 convocatis,
1411 2909 1556 2972 audiatis
1574 2923 1746 2970 causam...
1765 2911 1827 2969 Da·

1026 3003 1096 3065 tum
1130 3005 1298 3078 Laterani,
1326 3007 1357 3066 11
1382 3021 1460 3067 non.
1490 3006 1588 3080 maii,
1614 3006 1825 3084 pontificatus

942 3099 945 3104 ’
1026 3102 1233 3165 nostrianno
1247 3104 1366 3180 primo.

1315 3289 1540 3380 CCCXVIII

1027 3442 1079 3500 Aul
1091 3439 1228 3501 abbates
1240 3440 1470 3501 cicestrenses
1482 3440 1616 3514 fratres
1628 3444 1827 3502 metnen-

1337 3536 1520 3598 trecenses.

1329 3667 1347 3724 9
1362 3667 1430 3723 maii
1445 3668 1523 3725 1217.

1121 3790 1167 3856 [Le
1179 3789 1263 3854 Pnige,
1275 3788 1435 3842 BibIIotbccs
1447 3791 1608 3851 Presserat„
1624 3808 1651 3858 p.
1663 3791 1731 3858 dit}

1027 3905 1144 3968 Mandat
1157 3913 1189 3964 ut
1199 3905 1356 3966 causasde
1371 3906 1456 3966 rebus
1471 3907 1664 3980 spiritualibus
1684 3908 1719 3967 ad
1737 3909 1825 3968 Sanc·
1890 3885 1893 3890 Δ

1258 4003 1317 4052 tum
1333 3995 1435 4060 sedern
1451 3995 1590 4055 delerant.

1067 4113 1234 4176 Honorius
1243 4113 1553 4190 episcopusservus
1569 4129 1742 4176 serrorum
1751 4117 1824 4188 Dei,

1028 4211 1157 4272 dilectIs
1173 4208 1433 4274 dliisabbatibus
1444 4210 1651 4272 etuniversis
1666 4209 1829 4272 iratribus

1027 4306 1360 4370 Praemonstratensis
1375 4305 1513 4380 ordinis
1525 4307 1666 4368 salutem
1680 4309 1713 4370 et
1725 4323 1825 4385 aposs

1027 4402 1451 4467 tellesinbened'rctionem.

1067 4503 1137 4564 Etsi
1154 4517 1250 4562 nemo
1265 4501 1502 4572 milltans‚ileo
1521 4500 1633 4563 litibus
1653 4519 1689 4564 se
1711 4501 1829 4565 debeat

1027 4600 1216 4662 immiscere
1231 4599 1265 4662 et
1278 4605 1412 4673 caetera,
1424 4599 1461 4662 ut
1479 4599 1516 4660 in
1528 4599 1707 4678 diplomate
1722 4605 1827 4665 Inno-

1028 4699 1130 4762 centii
1146 4701 1202 4760 III.

1069 4796 1281 4882 Innocentius
1302 4795 1495 4874 episcopus,
1517 4811 1634 4858 servus
1655 4814 1827 4860 servorum

1029 4895 1099 4967 Dei,
1117 4894 1245 4978 dilectis
1256 4893 1334 4953 liliis
1345 4893 1518 4956 abbatibus
1529 4893 1562 4956 et
1576 4894 1825 4956 universi-sira-

1028 4990 1134 5054 tribus
1159 4990 1286 5052 ordiniS
1313 4991 1660 5064 praemonstratensis,
1686 4991 1827 5054 salutem

1030 5089 1062 5152 et
1076 5088 1291 5166 apostolicam
1301 5078 1577 5148 benedictionem.

1069 5186 1140 5248 Etsi
1160 5199 1257 5245 nemo
1276 5183 1427 5246 militans
1443 5186 1510 5245 Deo
1527 5183 1641 5245 litibus
1660 5184 1829 5248 sedebant

1030 5283 1228 5355 immiscere
1252 5297 1353 5359 quum
1382 5297 1515 5342 servum
1544 5280 1675 5342 Domini
1696 5281 1829 5359 litIgare

1029 5397 1096 5443 non
1112 5379 1237 5452 deceat,
1255 5377 1312 5439 sed
1326 5376 1368 5439 ad
1386 5393 1501 5439 omnes
1520 5377 1702 5440 secundum
1722 5383 1831 5457 Apos-

1030 5479 1137 5541 tolum
1157 5493 1230 5539 esse
1254 5477 1382 5550 mitem;
1411 5475 1489 5554 quia
1523 5477 1635 5538 minen
1670 5477 1828 5541 inimicus

1030 5577 1129 5638 homo
1142 5576 1206 5638 sibi
1220 5574 1320 5638 messi
1340 5573 1521 5636 Dominicae
1536 5574 1664 5636 zizania
1680 5575 1829 5639 dolosius

1031 5675 1298 5754 superseminare
1311 5673 1462 5746 conatur,
1476 5673 1562 5736 unde
1578 5672 1668 5736 dolet
1683 5673 1829 5740 fertilio-
