4200 6404
116 237 181 298 sss
507 331 509 336 ,
567 234 667 314 xxv.
682 263 723 280 -
737 235 782 296 m
804 237 1082 300 nnmmnmnn
1103 239 1327 316 recussis.
1712 247 1773 316 seo

114 411 200 458 vera
222 395 410 458 humilitate
427 395 460 458 et
480 395 557 458 altis
570 394 749 458 virtutibus
764 397 917 462 exornat.
974 413 1050 462 nem
1071 417 1170 478 qnam
1189 400 1230 462 ad
1251 401 1404 476 salntem,
1424 402 1584 482 quianon
1604 407 1772 474 auditores

116 495 215 558 Unde
230 493 412 572 Gregorius
428 513 436 554 =
452 494 543 566 «Qui
557 493 697 556 virtutes
713 495 785 558 sine
804 495 918 556 humi·
974 497 1142 576 legisJusti
1156 499 1233 562 sunt
1245 499 1334 578 apud
1346 503 1460 574 Deum,
1478 503 1535 565 sed
1546 503 1773 570 lactorestan-

116 593 215 654 litate
255 591 452 668 congregat,
478 591 574 669 quasi
609 592 667 670 qui
692 593 861 670 pulverem
883 594 919 656 in
973 596 1054 657 tum.
1076 596 1170 656 Unde
1196 613 1257 658 nos
1280 597 1436 661 admonet
1455 601 1578 664 Paulus
1592 605 1772 681 Apostolus

116 690 256 752 ventum
265 689 489 767 portatovel,
503 689 609 751 altare
616 690 748 753 Domini
765 692 920 754 1111111111-
974 692 1086 754 dicens
1101 710 1108 750 ε
1125 695 1326 756 imitatores
1340 699 1410 758 mci
1425 699 1542 772 estote,
1561 702 1650 764 11111
1664 702 1697 764 et
1710 718 1772 780 ego

113 793 241 868 jusque
265 788 416 878 nostrum
439 789 586 848 animam
602 787 830 864 intelligimus,
846 806 919 868 quae
975 792 1102 852 Christi
1129 790 1158 870 (l
1182 793 1255 852 Gor.
1279 809 1327 865 xr,
1351 792 1396 872 1).
1421 795 1519 857 Elin
1545 799 1768 877 Apocalypsi:

119 886 307 948 aedificatur
321 885 460 947 Domino
472 901 516 947 ex
526 885 692 964 lapidibus
708 887 806 958 virle,
821 886 917 960 idest,
973 889 1162 950 sacratos
1173 893 1232 964 out
1241 892 1323 954 suot
1336 894 1373 952 tn
1384 898 1467 956 coeto
1476 896 1668 968 scrutentur
1677 900 1772 962 titum

44 1019 46 1021 -
120 1001 163 1046 ex
176 983 355 1046 virtutibus
368 983 472 1045 variis
496 986 530 1046 et
548 983 701 1046 diversis.
724 985 818 1048 Unde
840 985 921 1046 sub-
975 987 1012 1048 to
1027 989 1123 1062 equis
1135 986 1772 1073 1111111111.ιιιιι,14).11,111111111111

114 1085 270 1160 junctum
285 1081 336 1144 est
350 1103 358 1141 ι
371 1084 687 1158 deloptdiousquos
700 1085 839 1157 serrum
850 1098 919 1146 ooo
974 1083 1052 1146 sunt
1072 1084 1107 1144 in
1135 1085 1231 1158 coele,
1259 1087 1337 1149 sunt
1358 1086 1437 1150 boni
1455 1091 1489 1151 et
1506 1090 1590 1166 justi
1616 1091 1691 1166 viri,
1715 1093 1772 1171 qul

120 1181 246 1257 tetigit.
262 1181 401 1240 Ferrum
421 1179 476 1240 hio
487 1178 640 1240 diabolus
658 1179 866 1258 intelligitur,
878 1180 919 1241 de
974 1180 1120 1257 quotidie
1135 1183 1319 1259 sequuntur
1334 1186 1437 1246 Deum
1452 1186 1488 1247 in
1507 1187 1661 1259 omnihus
1674 1189 1771 1254 bonis

120 1293 188 1356 quo
204 1293 263 1356 per
273 1278 454 1340 ‚ieremiam
474 1277 668 1356 prophetam
681 1277 824 1340 dicitnr:
841 1283 919 1352 lpse
974 1278 1141 1354 operibus.
1157 1279 1235 1342 Ideo
1260 1280 1416 1344 dicuntur
1433 1299 1506 1346 esse
1521 1285 1557 1346 in
1580 1286 1676 1360 coelo,
1693 1287 1772 1365 quia

118 1377 174 1438 est
190 1380 332 1438 madeus
341 1378 517 1438 universae
532 1376 640 1438 terrae
651 1373 786 1455 (terem.
803 1391 835 1444 ι..
850 1374 916 1455 23).
974 1375 1046 1437 sola
1062 1377 1210 1440 coelestia
1225 1377 1369 1454 diligunt
1383 1379 1417 1440 et
1430 1380 1502 1442 sola
1512 1382 1661 1446 coelestia
1675 1401 1771 1460 qum-

118 1473 263 1534 Malleus
282 1471 565 1552 namquelerreus
579 1473 706 1550 petram
729 1473 873 1550 percutit
887 1473 920 1535 et
974 1474 1061 1534 runt.
1080 1474 1174 1534 Unde
1187 1475 1385 1550 Apostolus:
1410 1479 1542 1540 Nostra
1555 1483 1772 1546 conversatio

117 1571 291 1648 superflua
312 1569 409 1642 tollit,
433 1573 467 1632 et
492 1569 633 1632 aedilloio
660 1571 770 1648 aptam
798 1570 917 1633 reddit.
974 1574 1012 1632 to
1031 1574 1126 1633 coetis
1149 1571 1202 1634 est
1225 1570 1362 1650 (Philip.
1383 1589 1434 1646 ιιι,
1449 1572 1516 1655 20).
1538 1576 1582 1636 Hi
1605 1578 1772 1650 exercitus

117 1669 176 1729 Sic
192 1671 225 1730 et
239 1667 389 1730 diabolus
405 1667 466 1730 Dei
488 1683 604 1730 servos
628 1668 771 1746 pereutit
783 1669 817 1732 et
829 1668 918 1730 tem·
975 1669 1162 1745 sequuntur
1177 1672 1303 1742 lesum,
1328 1670 1424 1744 idest,
1442 1671 1523 1737 boui
1543 1673 1577 1735 et
1591 1675 1675 1751 justi
1692 1675 1770 1749 viri,

115 1767 250 1846 poralia
276 1766 372 1840 tollit,
401 1765 489 1828 sicut
514 1765 594 1828 lecit
615 1767 803 1846 bobonem
823 1765 918 1844 gravi
975 1765 1107 1843 quando
1123 1767 1363 1846 expugnant'in
1374 1784 1411 1830 se
1425 1769 1507 1832 vitia
1522 1786 1583 1848 per
1593 1773 1774 1836 correctio-

116 1865 233 1928 ulcere
247 1863 445 1937 vulneravit,
467 1864 515 1926 ita
538 1863 623 1944 quod
648 1879 670 1926 a
692 1863 805 1942 planta
825 1863 919 1942 pedis
975 1879 1067 1938 nem,
1092 1865 1127 1926 et
1153 1864 1189 1926 in
1220 1865 1382 1942 proximis
1413 1883 1475 1944 per
1502 1867 1772 1932 admonitionem.

117 1977 227 2040 nsque
242 1961 284 2024 ad
298 1962 458 2024 uerticem
470 1978 537 2024 non
551 1961 724 2026 eratineo
739 1962 877 2025 sanitas.
977 1961 1071 2024 Unde
1082 1961 1206 2024 Jacob:
1228 1964 1292 2029 Oui
1305 1965 1461 2026 conuerti
1480 1967 1604 2041 fecerit
1612 1969 1775 2040 peccato-

974 2074 1051 2122 rcm
1064 2063 1106 2124 ab
1121 2075 1244 2124 errore
1257 2064 1324 2122 viss
1337 2076 1421 2133 suco,
1442 2064 1599 2126 reserauit
1616 2067 1773 2130 <unimam

467 2183 574 2270 XXV
973 2171 1074 2219 suom
1093 2172 1117 2220 o
1138 2159 1251 2220 morte
1268 2155 1352 2237 (Jao.
1375 2175 1408 2232 u,
1432 2159 1494 2240 20).
1521 2160 1580 2222 Isti
1603 2162 1772 2224 exereitus

277 2301 280 2306 ,
974 2255 1111 2316 suntin
1138 2255 1233 2334 equis
1257 2255 1354 2330 albis,
1379 2257 1475 2331 idest,
1510 2258 1546 2322 in
1575 2259 1771 2338 corporibus

160 2371 331 2432 111‚..1N
353 2371 631 2434 Dgppggppoprp
652 2369 877 2432 gggfflsIAE,
974 2353 1085 2426 castis.
1100 2353 1415 2432 corporabonorum
1425 2355 1771 2436 dicunturequi,qnia

975 2451 1061 2514 sicut
1072 2451 1149 2530 equi
1164 2452 1355 2529 diriguntur
1370 2454 1552 2515 secundnm
1567 2455 1772 2520 voluntatem
1845 2515 1855 2540 ,

160 2549 361 2612 Altarevero
370 2548 433 2612 boc
444 2548 561 2612 ordine
571 2550 795 2612 consecratur.
806 2548 919 2611 Primo
975 2549 1176 2621 ascensoris,
1199 2549 1248 2610 ita
1263 2550 1431 2626 justorum
1446 2567 1587 2628 corpora
1610 2555 1773 2629 reguntur

119 2647 281 2710 Pontifex
293 2647 328 2708 in
338 2646 479 2724 quatuor
489 2646 622 2722 angulis
633 2645 801 2726 sepulchri
811 2647 920 2725 inquo
976 2646 1157 2710 secundum
1170 2647 1375 2710 voluntatem
1389 2647 1524 2710 Christi.
1543 2648 1602 2710 Isti
1617 2651 1695 2728 equi
1714 2651 1775 2722 de÷

120 2745 275 2824 reliquiae
287 2743 406 2806 dehent
420 2743 567 2816 recondi,
581 2743 622 2806 de
636 2743 817 2806 obrismate
832 2759 919 2822 qua·
975 2743 1053 2808 beot
1070 2760 1144 2806 esse
1163 2743 1242 2818 albi,
1258 2744 1356 2817 idest,
1373 2761 1513 2822 corpora
1529 2747 1693 2823 justorum
1714 2748 1775 2811 de-

119 2845 199 2906 tnor
214 2858 331 2904 cruces
353 2842 442 2904 lacit
459 2841 587 2904 Deinde
600 2841 769 2920 ponuntur
782 2841 920 2920 reliqum
975 2841 1055 2915 bant
1067 2843 1243 2906 essecesta
1255 2843 1431 2904 etmnnda.
1449 2843 1584 2906 sienim
1599 2845 1691 2906 casta
1707 2860 1775 2908 non

121 2942 159 3002 in
175 2939 321 3018 capsella
333 2955 407 3002 oum
424 2939 531 3005 tribus
546 2939 662 3016 granis
683 2939 803 3012 thuris,
824 2940 857 3001 et
871 2939 920 3002 sic
975 2939 1109 3012 11111111,
1135 2939 1303 3002 Christum
1332 2940 1426 3018 sequi
1450 2956 1516 3002 non
1538 2943 1704 3019 poterunt.
1734 2945 1775 3008 m

123 3037 355 3100 recunduntur
373 3038 410 3100 in
432 3037 543 3110 altari,
558 3038 591 3099 et
614 3037 849 3115 superponitur
868 3037 923 3098 ta-
977 3039 1114 3100 Petrus:
1140 3039 1297 3100 cbristus
1309 3053 1435 3112 possete
1449 3040 1501 3100 est
1508 3053 1576 3113 pro
1590 3042 1698 3112 soom,
1713 3055 1776 3104 oo-

121 3137 203 3198 bula
216 3135 397 3212 cumsigno
410 3133 922 3211 oruoisdechrismate.Ungitnr
976 3139 1027 3198 bis
1055 3139 1259 3210 relinquens.
1278 3141 1494 3210 concoeptum,
1521 3137 1561 3201 us
1580 3141 1774 3213 mammem

123 3250 241 3296 mensa
257 3233 297 3295 de
311 3233 386 3296 oleo
400 3234 436 3295 in
451 3233 596 3311 quinque
610 3233 705 3306 locis
721 3233 757 3294 in
769 3232 877 3294 medio
889 3232 923 3294 et
977 3231 1252 3308 vestigemus...
1269 3227 1298 3309 (1
1311 3231 1401 3292 Patr.
1417 3246 1455 3303 n,
1468 3229 1536 3309 21.)
1618 3246 1622 3256 ’

118 3333 160 3396 in
181 3333 324 3412 quatuor
338 3330 506 3392 cornibus.
525 3329 686 3394 Similiter
705 3329 740 3392 et
754 3329 795 3392 de
813 3329 923 3392 cbris-
1018 3327 1196 3406 Sequimur
1209 3325 1322 3391 autem
1337 3343 1424 3399 eum,
1441 3326 1477 3388 ut
1490 3327 1621 3404 quando
1637 3329 1779 3390 maledi·

122 3431 212 3494 mate
233 3430 266 3494 et
289 3429 504 3492 confirmatur
524 3429 560 3490 in
586 3427 694 3490 tronto
717 3443 738 3490 a
761 3428 922 3490 Pontitlce
978 3424 1095 3498 eimur,
1113 3440 1181 3488 non
1195 3425 1445 3498 maledicamus,
1466 3423 1524 3486 sed
1540 3426 1650 3504 potius
1670 3424 1776 3488 bene-

124 3544 224 3590 ornce
257 3527 459 3589 chrismatis
495 3525 655 3588 Adoletur
684 3525 859 3588 incensum
887 3525 922 3586 in
979 3523 1140 3591 dicamus,
1163 3523 1197 3584 et
1220 3522 1249 3582 si
1271 3521 1419 3600 patimur
1438 3521 1566 3598 aliquid
1585 3537 1605 3582 a
1624 3522 1777 3598 proximo

126 3625 273 3704 quinque
297 3625 391 3696 locis,
413 3623 554 3686 vestitur
576 3623 694 3695 altare,
721 3624 770 3685 sic
790 3623 923 3684 demum
979 3621 1104 3692 nostro,
1119 3635 1185 3680 non
1194 3618 1447 3690 comminemur,
1459 3617 1517 3679 sed
1533 3617 1698 3696 patienter
1708 3635 1779 3680 sus·

125 3739 260 3784 sacrum
279 3721 477 3784 celebratur.
496 3721 690 3799 Sepulcrum
706 3721 741 3782 in
756 3736 822 3797 quo
836 3720 922 3782 reli·
978 3717 1157 3788 tineamus,
1173 3716 1254 3794 quia
1269 3715 1420 3792 Christus
1436 3731 1510 3776 cum
1524 3715 1780 3780 malediceretur

126 3821 214 3900 quiae
231 3818 513 3892 recondiderant,
530 3819 581 3881 est
595 3835 653 3880 cor
665 3819 828 3890 nostrum,
844 3817 923 3894 quia
979 3831 1046 3876 non
1069 3811 1302 3884 maledicebat,
1318 3829 1393 3877 cum
1412 3814 1583 3890 patoretur
1601 3829 1668 3876 non
1687 3830 1780 3878 oom-

127 3921 270 3996 quatuor
284 3917 438 3980 crucibus
449 3917 489 3979 de
502 3915 681 3978 chrismate
695 3915 794 3978 lactis
805 3930 926 3976 conse·
979 3911 1178 3984 minabatur.
1192 3911 1355 3990 Reliquias
1366 3911 1476 3974 autem
1489 3913 1686 3974 Sanctorum
1701 3929 1777 3974 cum

126 4019 251 4088 oratur,
279 4015 357 4096 quia
386 4015 528 4094 quatuor
551 4013 628 4075 sunt
659 4011 810 4084 virtutes,
841 4011 926 4074 idest
978 4011 1086 4074 trihus
1096 4010 1211 4088 granis
1223 4011 1333 4073 thuris
1343 4011 1379 4073 in
1392 4010 1529 4088 capsula
1539 4010 1776 4085 reconduntur,

126 4113 315 4194 prudentia,
331 4111 501 4183 tortitudo,
521 4110 753 4190 temperantia,
779 4109 923 4186 justitia,
979 4110 1058 4188 quia
1072 4105 1225 4186 exempla
1239 4109 1436 4170 Sanctorum
1456 4125 1531 4170 cum
1555 4107 1619 4170 lide
1632 4109 1781 4170 Trinita-

127 4229 203 4290 quae
231 4212 267 4274 in
281 4210 367 4274 libro
390 4209 568 4286 Sapientiae
588 4205 832 4280 describuntur,
845 4208 924 4286 qui·
980 4209 1034 4280 tis,
1061 4207 1157 4278 idest,
1174 4207 1284 4269 Patris
1307 4207 1340 4267 et
1358 4206 1435 4266 Filii
1457 4206 1490 4267 et
1505 4205 1648 4282 Spiritus
1665 4205 1779 4268 Sancti

125 4310 190 4372 bus
212 4325 270 4372 cor
284 4309 433 4370 nosoum
452 4307 549 4386 quasi
572 4306 756 4384 inungitur,
783 4305 861 4369 dum
883 4305 925 4368 ad
981 4305 1139 4367 debemus
1156 4303 1191 4365 in
1216 4301 1376 4364 memoria
1389 4301 1546 4362 retinere.
1565 4302 1651 4363 Nam
1675 4300 1779 4364 debe-

127 4406 340 4485 suscipienda
351 4407 555 4467 secretorum
565 4403 751 4466 coelestinm
767 4402 926 4482 mysteria
979 4419 1055 4464 mus
1064 4400 1309 4462 credereunum
1320 4401 1437 4472 Deum,
1447 4414 1547 4458 unam
1556 4396 1666 4471 fldem,
1676 4414 1780 4460 unum
1862 4405 1866 4414 ·

127 4504 323 4584 pardonum
339 4502 453 4566 Sancti
466 4501 610 4583 Spiritus
626 4501 846 4580 praeparatur.
981 4499 1165 4576 baptismas
1181 4496 1260 4574 quia
1272 4496 1361 4560 sicut
1379 4495 1461 4558 dicit
1477 4495 1656 4572 Apostolus
1673 4515 1681 4556 ε
1697 4499 1781 4560 stae

169 4602 265 4664 Felix
277 4601 389 4664 anima
408 4615 482 4677 quaa
505 4599 605 4662 babet
621 4599 683 4662 has
697 4599 849 4670 virtutes,
872 4598 927 4660 cui
982 4596 1048 4667 tide
1076 4594 1282 4670 impossibile
1310 4591 1362 4654 est
1383 4597 1520 4668 placere
1547 4595 1630 4656 Deo.
1660 4593 1782 4656 luscus

127 4698 305 4779 prudentia
318 4699 373 4762 dat
385 4697 562 4762 consilium
577 4695 748 4770 indubiis,
765 4695 926 4758 tortitudo
980 4694 1076 4754 oraim
1090 4705 1137 4752 es
1148 4691 1215 4765 [lde
1226 4690 1313 4752 11111
1325 4687 1439 4769 (Hebr.
1455 4691 1551 4766 x1,6;
1566 4691 1699 4763 Romu,
1714 4687 1779 4769 17).

128 4798 294 4862 auxilinm
309 4797 344 4860 in
359 4795 521 4878 adsersis,
539 4794 760 4872 temperantia
783 4793 928 4871 refrige-
984 4788 1226 4867 superponitur
1253 4787 1368 4850 tabula
1395 4787 1558 4866 reliquiis,
1587 4786 1666 4864 quia
1695 4787 1782 4849 sicut

128 4897 219 4960 rium
233 4895 274 4958 ab
286 4894 432 4974 illicitis¹
437 4893 568 4972 iustitia
579 4892 694 4970 dirigit
702 4892 738 4954 in
753 4890 925 4954 iaciendis.
982 4887 1096 4952 tabula
1116 4886 1224 4965 operit
1237 4886 1398 4964 reliouias
1413 4886 1615 4956 sanctorum,
1628 4885 1676 4960 ita
1695 4883 1780 4944 oha-

129 4993 295 5074 Reliquiae
309 5008 389 5056 vero
407 4992 485 5054 sunt
498 4990 655 5068 v‹assempls
667 4990 841 5068 utriusque
861 4991 931 5052 tes-
981 4985 1066 5048 ritas
1081 4984 1189 5060 operit
1199 4983 1444 5049 multitudinem
1454 4982 1675 5060 peccatorum.
1688 4979 1782 5044 Unde

128 5091 281 5163 lamenti,
312 5089 537 5161 auctoritates,
562 5088 726 5160 rationes,
755 5087 929 5168 passiones
984 5080 1181 5162 Apostolus:
1199 5081 1360 5144 Charitas
1373 5082 1438 5142 Dat
1452 5079 1581 5156 diffusa
1595 5079 1783 5142 retineor·

129 5191 316 5269 martyrum
335 5189 369 5268 et
387 5187 457 5250 vita
480 5185 813 5263 confessorumque
835 5183 930 5247 nobis
985 5184 1082 5243 didus
1104 5178 1235 5242 nostris
1252 5191 1320 5252 per
1339 5178 1511 5253 Spiritum
1536 5176 1704 5237 Sanctum
1724 5177 1784 5250 qus

130 5286 266 5352 suntad
283 5285 502 5362 imitationem
526 5283 655 5347 relicta.
672 5284 752 5344 Haec
770 5283 807 5344 11
829 5297 930 5360 capsa
983 5279 1086 5348 dotus
1101 5277 1152 5339 est
1165 5276 1262 5338 nobis
1273 5271 1383 5354 (Rom.
1396 5290 1429 5346 v,
1442 5271 1486 5348 5).
1503 5273 1620 5335 Latum
1631 5273 1682 5335 est
1693 5287 1785 5337 mau-

129 5385 355 5456 recondimus,
371 5399 447 5456 cum
460 5382 501 5444 ad
516 5381 714 5444 imitandum
727 5395 767 5442 ea
782 5379 817 5442 in
832 5377 930 5442 corde
986 5377 1099 5438 datum
1120 5371 1305 5445 charitatis,
1328 5371 1414 5449 qnod
1437 5387 1542 5450 nsque
1566 5369 1609 5432 ad
1629 5370 1784 5442 inimicos

129 5485 335 5558 retinemus;
352 5481 429 5560 quia
444 5481 474 5542 si
486 5479 639 5542 audimus
654 5481 688 5540 et
702 5476 929 5554 intelligimus,
985 5473 1177 5536 extenditur
1202 5469 1384 5534 secundum
1407 5469 1610 5548 praeceptum
1633 5469 1782 5531 domini-

129 5585 166 5644 et
173 5595 275 5658 opera
284 5595 351 5642 non
360 5578 510 5652 iacimus,
522 5578 627 5654 magis
638 5575 738 5639 estad
751 5574 935 5640 damnatio·
986 5589 1061 5636 cum
1074 5589 1082 5629 ι
1095 5571 1236 5648 surpite
1245 5571 1404 5636 teutonicos
1418 5569 1590 5632 vostros...
1606 5561 1739 5646 (Mattlr.
1751 5583 1783 5642 v,
