4200 6404
124 320 187 381 177
614 321 684 384 XV.
699 350 741 367 -
755 319 800 383 ill
822 321 954 384 FES'I'O
977 323 1127 385 sth'rl
1148 324 1301 386 JACOBI.
1467 329 1469 335 ’
1724 329 1782 392 178

122 483 182 544 bic
209 483 309 544 tablis
335 493 392 542 me
413 479 571 554 honorat,
591 495 653 544 cor
670 483 788 545 cutem
806 496 928 546 cccrum
984 482 1080 544 nobis
1108 481 1260 546 omnibus
1283 483 1421 547 tradidit
1440 485 1547 548 illum.
1573 487 1613 549 st
1638 487 1784 566 qualiter

122 583 226 656 tonpc
236 577 320 640 estc
333 591 389 640 me
404 576 535 657 (Matth.
548 593 605 648 xv,
621 577 667 658 8).
982 582 1144 643 venturus
1159 581 1203 645 sit
1226 581 1267 643 ad
1285 581 1504 660 judicandum
1526 584 1684 647 muudum
1708 601 1784 646 cum

168 678 249 737 Haec
272 674 338 737 tria
363 675 399 736 in
419 675 478 736 illa
502 678 645 754 pectoris
663 677 837 751 tunsione,
863 695 929 757 qua
983 678 1123 754 angelis,
1149 680 1183 740 et
1202 678 1365 742 ardebunt
1386 681 1498 744 omnia
1519 681 1584 744 ista
1607 682 1727 744 coelum
1752 683 1785 745 et

124 773 263 852 pectora
288 774 404 835 nostra
425 773 606 848 tundimus,
630 774 857 852 designantur.
880 776 930 838 Ibi
984 777 1090 852 terra;
1107 778 1140 838 et
1159 776 1224 839 erit
1244 778 1364 839 coelum
1384 786 1505 842 novum
1530 782 1564 841 et
1585 780 1677 845 terra
1697 796 1785 842 nova

125 887 273 949 namque
288 871 354 933 tria
376 871 608 950 principaliter
622 874 849 948 attenduntur,
876 873 931 935 id·
985 871 1020 934 in
1035 873 1181 936 adventu
1193 891 1265 948 suo,
1288 875 1322 938 et
1335 875 1450 938 reddet
1464 877 1643 955 uniruique
1665 893 1786 940 secun-

127 971 180 1031 est
193 969 300 1041 laesio,
325 985 427 1030 sonus
449 969 483 1031 et
506 985 634 1031 manus.
658 973 696 1032 In
717 971 856 1033 laesione
881 974 931 1034 est
985 971 1063 1032 dum
1087 987 1189 1050 opera
1208 989 1280 1033 sua.
1305 973 1345 1034 Et
1364 974 1508 1052 qualiter
1532 976 1606 1052 post
1621 975 1785 1054 judicium

127 1067 240 1129 cordis
257 1067 428 1142 contritio;
445 1068 481 1128 in
496 1083 589 1140 sono,
604 1069 673 1130 oris
696 1069 878 1146 confessi03
894 1071 930 1131 iu
985 1067 1050 1129 erit
1063 1068 1099 1129 in
1114 1069 1197 1131 ooelo
1214 1085 1288 1132 oum
1304 1070 1478 1133 animabus
1489 1074 1600 1150 justis,
1622 1075 1656 1136 et
1675 1071 1783 1134 habe-

126 1182 242 1238 manu‚
259 1165 371 1243 operis
388 1165 584 1227 satisfactio.
607 1167 647 1228 at
661 1167 740 1246 quia
759 1168 831 1246 ipse
845 1168 930 1230 reli·
984 1163 1067 1228 bunt
1078 1169 1205 1244 partem
1220 1168 1336 1244 gloriae
1352 1185 1433 1232 suae.

126 1264 200 1342 quit
214 1262 311 1324 nobis
329 1262 517 1340 exemplum
532 1266 570 1326 ut
590 1280 770 1342 sequamur
787 1265 930 1343 vestigia
1025 1265 1127 1326 Item:
1141 1266 1291 1328 Accessit
1306 1269 1351 1328 od
1364 1269 1487 1330 lesum
1506 1269 1620 1331 rnctcr
1633 1270 1785 1342 titionem

127 1363 215 1438 ejus,
245 1361 347 1422 etiam
366 1376 428 1422 nos
448 1361 562 1438 igitur,
588 1360 720 1436 fratres,
749 1363 931 1439 cogitemus
984 1364 1177 1426 zebedei...
1198 1365 1289 1425 Dtctt
1312 1366 1346 1424 ct
1362 1365 1475 1438 Jesus,
1502 1369 1583 1440 qutd
1609 1369 1685 1428 nist
1709 1366 1786 1428 Non

127 1475 203 1538 quae
226 1459 317 1520 recta
341 1461 428 1533 sunt,
456 1460 633 1538 loquamur
647 1476 720 1538 quae
737 1477 819 1522 sana
841 1462 928 1535 sunt,
985 1458 1204 1536 interrogavit
1223 1462 1322 1523 lesus
1344 1461 1448 1524 veluti
1469 1463 1506 1523 ut
1528 1463 1683 1536 nesciret,
1707 1463 1786 1540 quia

127 1570 308 1632 operemur
340 1571 413 1634 quae
444 1555 504 1616 Ilei
532 1558 625 1629 sunt,
654 1571 722 1618 nou
754 1556 930 1620 reddentes
985 1555 1097 1618 omnia
1120 1558 1221 1629 nuda,
1252 1556 1285 1619 et
1307 1557 1422 1635 aperta
1446 1560 1525 1621 sunt
1551 1559 1593 1633 ei,
1622 1560 1679 1620 sed
1707 1559 1787 1637 quia

127 1653 231 1715 etiam
256 1651 467 1714 maledictum
495 1669 555 1731 pro
580 1653 768 1728 maledicto,
793 1655 871 1734 quia
898 1656 932 1719 et
986 1654 1093 1716 voluit
1111 1653 1238 1716 cidare
1262 1653 1417 1717 fiduciam
1437 1656 1581 1734 petendi.
1609 1657 1695 1719 Nam
1715 1655 1786 1718 fre·
1895 1727 1897 1732 ,

126 1751 200 1828 ipse
221 1766 296 1812 cum
316 1751 582 1824 malediceretur,
609 1767 676 1814 non
700 1752 928 1826 maledicebat,
986 1754 1126 1827 quenter
1153 1752 1313 1814 Dominus
1345 1754 1470 1831 patitur
1498 1753 1680 1832 discipulos
1707 1770 1786 1818 suos

127 1848 187 1910 sed
202 1849 339 1926 peccata
364 1850 479 1910 nostra
502 1848 640 1928 pertulit
659 1850 695 1910 in
709 1865 848 1928 corpore
871 1867 930 1913 suo
986 1848 1112 1926 aliquid
1143 1866 1211 1912 non
1232 1851 1321 1912 recte
1347 1853 1471 1930 petere,
1499 1853 1557 1913 aut
1579 1853 1701 1926 dicere,
1729 1853 1787 1914 aut

126 1961 231 2024 super
255 1945 394 2022 liguum,
416 1948 452 2008 ut
471 1947 616 2023 peccatis
645 1948 766 2010 mortni
791 1949 931 2026 justitiae
986 1947 1146 2023 cogitare,
1169 1950 1229 2010 aut
1253 1936 1365 2026 agere,
1396 1950 1432 2012 ut
1460 1966 1504 2012 ex
1519 1949 1653 2012 illorum
1679 1949 1786 2026 culpis

128 2045 296 2106 vivamus.
986 2045 1181 2107 occasiones
1204 2047 1355 2109 inveniat
1378 2047 1519 2109 docendi
1542 2049 1575 2110 et
1598 2046 1785 2125 exponendi

169 2143 254 2204 Ecce
269 2141 455 2219 jncundum
477 2143 692 2222 praeconium,
716 2143 772 2206 ubi
794 2148 932 2222 peecata
986 2143 1185 2221 scripturam
1207 2146 1240 2206 et
1257 2145 1408 2222 regulam
1424 2145 1568 2224 pietatis,
1585 2147 1694 2208 sciens
1709 2145 1787 2224 quia

83 2295 86 2300 .
126 2241 245 2302 nostra
266 2239 331 2302 fert
346 2243 458 2317 Agnus
478 2241 534 2319 qui
547 2241 635 2304 tollit
653 2245 789 2319 peccata
804 2243 928 2304 mundi.
986 2240 1064 2302 talis
1086 2256 1181 2304 error
1201 2257 1268 2304 non
1288 2245 1386 2306 nocet
1407 2245 1456 2305 eis
1475 2246 1640 2323 praesente
1661 2245 1788 2322 magis-

125 2337 178 2400 Oh
194 2337 357 2399 immensa
373 2339 433 2400 Dei
455 2339 565 2401 Patris
580 2338 738 2412 charitas,
764 2357 830 2418 qua
849 2340 932 2402 adeo
986 2339 1039 2401 tro
1055 2359 1062 2399 ε
1076 2341 1139 2400 Dic
1159 2341 1199 2402 ut
1219 2343 1285 2404 duo
1300 2343 1362 2414 filit
1376 2345 1446 2406 met
1468 2343 1609 2404 sedeant
1632 2358 1722 2404 unus
1742 2345 1788 2404 ad

125 2435 251 2498 dilexit
262 2437 429 2509 mundum,
447 2438 483 2498 ut
495 2436 600 2498 tilium
615 2454 711 2498 suum
725 2439 932 2515 unigenitum
986 2437 1172 2500 dexteram
1190 2438 1225 2500 ct
1238 2442 1328 2502 atius
1351 2443 1396 2502 cd
1416 2442 1600 2502 stamtrcm
1619 2444 1656 2501 tn
1680 2452 1788 2517 repno

125 2533 226 2596 daret
240 2549 301 2610 pro
315 2533 457 2595 mundo!
475 2534 525 2596 oh
544 2535 629 2598 mira
644 2535 706 2597 dlii
729 2535 930 2610 obedientia,
988 2534 1046 2595 tuo
1061 2533 1193 2614 (mann.
1209 2551 1268 2608 xx,
1283 2535 1349 2615 21).
1375 2539 1456 2598 Cum
1476 2536 1656 2599 ambitione
1677 2535 1789 2615 loqui-

125 2647 195 2708 qua
220 2631 305 2694 adeo
331 2631 393 2694 fuit
416 2632 506 2694 mitis
532 2633 566 2694 et
593 2632 730 2694 humilis
755 2634 866 2707 eorde,
897 2636 934 2696 ut
987 2631 1042 2692 tur
1053 2633 1171 2706 mater,
1188 2637 1221 2694 et
1232 2633 1361 2695 carnali
1377 2633 1498 2699 affectu
1510 2633 1697 2695 ambitiosis
1708 2633 1787 2695 filiis

125 2729 324 2808 fieretpatri
342 2728 500 2791 obediens
522 2731 680 2810 usquead
705 2733 865 2794 morteml
883 2732 933 2794 Oh
988 2727 1113 2805 primas
1138 2729 1174 2791 in
1198 2730 1282 2792 coelo
1311 2729 1486 2794 cathedras
1516 2731 1672 2809 postulat.
1698 2734 1788 2793 Dtc:

127 2827 379 2889 inaestimabilis
412 2827 554 2905 Spiritus
588 2828 702 2891 Sancti
730 2827 930 2906 benignitas,
988 2828 1098 2899 Quare
1114 2827 1200 2890 dixit
1212 2831 1267 2890 dte
1281 2829 1314 2892 et
1328 2845 1395 2890 non
1409 2831 1483 2904 fact
1500 2830 1584 2902 Quia
1598 2827 1682 2891 bene
1702 2829 1789 2890 soie·

129 2941 209 3003 quae
220 2941 288 2988 non
303 2925 484 2987 secundum
499 2942 601 3004 opera
616 2943 690 3006 quas
704 2925 843 2989 fecimus
858 2944 931 3001 nos,
986 2922 1045 2984 bat
1056 2924 1143 3001 quod
1158 2941 1255 2987 suum
1272 2925 1384 2987 dicere
1399 2927 1471 2987 erat
1485 2924 1607 2999 facere,
1624 2927 1657 2988 et
1670 2925 1699 2987 si
1715 2941 1789 3003 pro·

129 3022 193 3084 sed
213 3023 394 3086 secundum
419 3039 513 3086 suam
536 3023 801 3087 misericordiam
821 3025 932 3088 salvos
988 3021 1137 3084 misisset
1163 3023 1341 3101 promissio
1370 3040 1431 3086 sua
1461 3039 1542 3086 aera
1568 3025 1673 3096 esset,
1703 3023 1789 3086 sicut

129 3137 196 3182 nos
211 3120 311 3184 tecitl
990 3118 1071 3181 dicit
1093 3121 1269 3197 Apostolus
1293 3143 1301 3182 ι
1322 3123 1385 3183 Est
1411 3122 1530 3184 autem
1548 3125 1642 3185 Dcscs
1662 3137 1787 3191 veram,

172 3217 275 3279 Petiit
299 3219 406 3278 mater
427 3217 571 3280 tiliorum
595 3218 756 3292 Zebedaei,
782 3219 840 3281 sed
866 3235 933 3282 non
988 3221 1209 3280 ceconomo
1220 3223 1374 3282 mecedem
1384 3217 1493 3298 (Rom.
1508 3236 1558 3294 111,
1573 3218 1618 3300 4).
1635 3219 1788 3282 Parentis

124 3317 232 3392 juste,
249 3316 327 3393 quia
342 3315 458 3393 petivit
473 3318 508 3378 ut
523 3316 587 3378 duo
602 3317 663 3378 tilii
678 3317 833 3379 sederent
846 3335 933 3379 unns
989 3315 1195 3392 negligentia
1224 3317 1490 3394 reprehenditur,
1523 3317 1579 3379 ubi
1605 3318 1646 3379 de
1679 3317 1788 3379 dantis

127 3412 172 3474 ad
190 3412 360 3475 dexteram
376 3413 515 3486 Christi,
541 3413 574 3475 et
587 3413 675 3475 alius
691 3413 732 3476 ad
749 3415 932 3477 sinistram.
988 3411 1189 3476 confidentia
1212 3429 1281 3476 uon
1300 3413 1524 3477 dubitabatur.
1548 3417 1628 3476 Haec
1648 3413 1712 3476 fuit
1734 3414 1791 3476 in-

127 3513 212 3572 Haec
227 3511 343 3589 petitio
363 3527 430 3572 non
445 3511 507 3573 suit
520 3527 580 3589 pro
600 3512 707 3574 salute
723 3513 855 3586 animae,
876 3514 933 3576 sed
987 3510 1093 3572 tentio
1107 3510 1263 3573 illiorum.
1281 3512 1316 3573 Si
1331 3527 1392 3574 uos
1404 3527 1560 3588 rogamus
1579 3511 1788 3587 Magistrum,

132 3607 198 3671 ruit
212 3609 325 3686 petitio
341 3609 517 3670 ambitiosa
529 3610 562 3670 et
576 3609 673 3687 plena
686 3611 777 3672 omni
787 3611 934 3674 humana
989 3606 1129 3669 forsitan
1151 3609 1348 3670 caeterorum
1372 3608 1472 3670 corda
1494 3607 1634 3669 fratrum
1663 3625 1789 3670 concu-

129 3706 243 3768 laude.
259 3707 367 3768 Maria
382 3707 580 3782 Magdalena
594 3707 790 3770 nontaliter
805 3709 932 3786 petivit,
988 3704 1121 3778 tiemus‚
1143 3706 1176 3766 et
1190 3704 1268 3765 dum
1287 3704 1383 3766 nobis
1398 3704 1527 3766 duobus
1543 3705 1695 3768 volumus
1708 3722 1790 3784 pro-

131 3804 165 3866 et
178 3805 353 3882 propterea
374 3805 577 3884 impetrarit,
603 3806 681 3883 quia
703 3822 763 3883 per
783 3822 819 3867 se
838 3821 930 3868 aoce-
988 3801 1114 3874 videre,
1133 3802 1222 3864 inter
1240 3817 1355 3864 omnes
1381 3802 1574 3864 scandalum
1590 3803 1787 3877 excitamus,

132 3899 216 3962 deus
238 3902 449 3978 pcccatorum
474 3917 610 3963 suorum
628 3903 762 3963 veniam
782 3902 934 3980 postula·
989 3899 1067 3979 quia
1082 3899 1146 3962 etsi
1161 3900 1269 3961 sancti
1286 3902 1374 3974 sunt,
1398 3901 1510 3963 umen
1526 3901 1678 3963 homines
1700 3903 1787 3964 sunt.

132 3999 192 4069 vit,
210 4002 243 4060 et
258 4000 377 4061 animae
390 3999 530 4061 salutem
545 3999 717 4062 humiliter
730 4000 930 4078 imploravit
992 3999 1079 4074 Ergo
1094 3997 1327 4060 submittamus
1341 3999 1481 4061 matrem
1502 4000 1661 4073 nostram,
1679 4002 1714 4062 ut
1729 4015 1790 4061 suo

130 4097 206 4158 Tali
234 4096 331 4158 modo
359 4097 523 4158 orandum
547 4097 655 4159 estet
680 4097 870 4174 petendum,
898 4101 934 4160 ut
989 4095 1123 4158 nomine
1133 4094 1331 4173 deprecetur
1338 4097 1398 4174 pro
1409 4095 1515 4157 nobis.
1526 4098 1564 4159 m
1574 4098 1603 4158 si
1614 4113 1681 4158 non
1690 4113 1790 4159 exau·

132 4194 300 4272 pertineat
314 4194 354 4256 ad
370 4194 531 4257 honorem
552 4196 624 4269 Dei,
650 4196 683 4258 ct
697 4197 818 4258 animae
843 4196 935 4257 salu·
989 4191 1087 4255 dierit
1117 4209 1207 4266 eam,
1236 4192 1337 4256 facile
1363 4195 1512 4255 meretur
1535 4195 1682 4266 veniam,
1711 4195 1791 4272 quia

133 4294 200 4354 tem
218 4294 369 4369 spectare
382 4293 624 4370 comprobetur.
989 4290 1119 4352 mulier.
1145 4293 1220 4367 Ipse
1244 4291 1333 4352 enim
1360 4306 1462 4352 sexus
1482 4292 1619 4353 excusat
1641 4307 1726 4351 eam.
1755 4292 1790 4353 Si

174 4388 354 4451 zebedaeus
375 4391 615 4468 interpretatur
635 4391 795 4453 memoria
810 4392 881 4465 Dei,
902 4395 935 4455 et
990 4389 1101 4449 autem
1115 4403 1180 4450 non
1197 4387 1512 4465 fueritimportuna,
1534 4385 1667 4448 facilius
1681 4389 1790 4466 impe-

134 4486 304 4564 significat
323 4487 503 4565 quemlibet
524 4488 742 4550 christianum
757 4489 814 4567 qui
839 4489 935 4552 debet
989 4484 1101 4547 trabit.

132 4584 259 4646 habere
283 4587 477 4647 memoriam
500 4587 560 4648 Dei
581 4587 616 4648 in
636 4586 780 4666 quatuor
803 4587 934 4650 benefi-
1031 4584 1139 4646 Mater
1156 4599 1216 4661 pro
1232 4583 1311 4646 tiliis
1325 4586 1421 4660 rogat
1444 4583 1481 4646 ut
1503 4582 1565 4645 tilii
1587 4584 1694 4662 prima
1717 4583 1791 4645 loca

134 4683 208 4754 ciis,
232 4683 362 4744 scilicet
385 4684 576 4756 creationis,
603 4673 852 4764 redemptionis,
882 4686 936 4746 ul·
989 4681 1077 4744 inter
1096 4681 1181 4743 alios
1204 4682 1340 4743 teneant
1362 4681 1398 4743 iu
1417 4697 1532 4759 reguo.
1561 4681 1655 4758 Apud
1686 4683 1791 4743 Deum

134 4780 207 4842 timi
222 4779 342 4858 judicii
357 4784 391 4842 et
404 4780 659 4857 glorificationis
675 4783 710 4844 in
732 4783 933 4845 coelestibus.
990 4793 1058 4841 non
1077 4781 1128 4842 est
1148 4779 1297 4857 acceptio
1318 4796 1552 4857 personarum,
1580 4781 1613 4842 et
1632 4779 1668 4841 in
1687 4795 1790 4856 regno

135 4879 182 4939 De
211 4877 390 4950 creatione,
421 4879 566 4956 qualiter
591 4878 746 4943 formavit
769 4881 935 4944 homiuem
990 4877 1051 4940 Dei
1069 4894 1136 4940 non
1160 4878 1212 4941 est
1231 4878 1380 4939 sinistra.
1405 4877 1522 4939 Omnia
1538 4893 1611 4954 quaa
1632 4875 1680 4938 ibi
1701 4877 1787 4949 sunt,

136 4975 177 5036 de
201 4975 349 5052 pulvere,
380 4977 512 5039 effecit
537 4979 676 5040 eumad
702 4978 882 5056 imaginem
904 4982 937 5043 et
990 4976 1157 5053 pertinent
1182 4975 1223 5036 ad
1250 4974 1432 5046 dexteram,
1463 4975 1496 5037 et
1516 4975 1682 5036 ideonon
1706 4972 1791 5035 bene

137 5072 388 5135 similitudinem
413 5090 520 5146 suam,
550 5074 584 5137 et
606 5077 733 5138 creavit
758 5077 877 5139 coelum
904 5080 937 5140 et
991 5073 1133 5151 petebat.
1151 5072 1245 5134 Unde
1263 5072 1300 5134 in
1316 5074 1443 5150 psalmo
1461 5094 1468 5133 ι
1486 5075 1578 5135 Oculi
1598 5075 1668 5134 cnei
1686 5087 1793 5146 super

137 5171 261 5230 terram
279 5172 311 5232 et
325 5171 436 5232 omnia
452 5187 526 5248 quae
550 5174 763 5236 continentur
783 5174 819 5236 in
841 5189 937 5237 crea·
991 5173 1106 5244 fideles
1138 5171 1264 5242 terrra,
1300 5171 1339 5231 act
1372 5171 1516 5233 sedeant
1549 5173 1584 5232 bt
1618 5184 1790 5230 mecum...

137 5268 238 5330 tione.
275 5270 322 5329 De
348 5269 591 5348 redemptione,
623 5271 767 5348 qualiter
793 5287 853 5350 pro
881 5289 936 5338 re·
992 5268 1063 5350 (Ps.
1096 5269 1169 5340 100,
1203 5267 1248 5345 6).
1279 5267 1462 5344 Respondit
1488 5269 1587 5329 Jesus
1616 5266 1706 5338 tiliis,
1725 5283 1792 5329 non

137 5365 326 5443 demptione
342 5367 456 5428 nostra
470 5365 606 5429 tradidit
620 5383 655 5428 se
671 5367 778 5444 ipsum
793 5370 829 5431 in
844 5372 936 5448 pati·
991 5367 1091 5430 matri
1112 5389 1119 5426 ε
1140 5367 1290 5429 Nescttts
1313 5367 1394 5440 plaid
1416 5365 1545 5438 petatis
1572 5361 1704 5442 (Matth.
1731 5379 1789 5438 xri,

137 5461 251 5523 bulum
280 5463 401 5524 crucis.
417 5465 492 5525 Non
517 5479 646 5538 aurum,
671 5481 737 5526 non
763 5470 936 5544 argentum
991 5465 1057 5545 22).
1088 5467 1197 5536 Quare
1224 5462 1396 5542 respondit
1426 5461 1505 5523 filiis
1533 5462 1566 5524 et
1591 5463 1792 5526 nonmatrit

138 5560 230 5622 dedit
246 5576 305 5639 pro
325 5561 439 5623 nostra
458 5561 696 5640 redemptione,
724 5563 780 5624 sed
803 5567 936 5644 proprio
992 5565 1075 5638 Quia
1091 5564 1198 5625 mater
1207 5561 1249 5624 ad
1262 5561 1510 5637 instigationem
1525 5559 1670 5622 tiliorum
1683 5561 1789 5638 petiit.

138 5657 207 5721 tilio
233 5675 294 5722 suo
319 5675 386 5724 uon
410 5661 559 5738 pepercit
583 5661 681 5736 heus,
709 5661 848 5735 scilicet,
877 5681 937 5743 pro
992 5665 1031 5725 at
1046 5661 1123 5741 quia
1136 5659 1256 5724 mulier
1268 5659 1397 5738 fragilis
1412 5659 1495 5730 erat,
1511 5659 1618 5724 noluit
1633 5657 1664 5722 ei
1680 5658 1791 5722 tacere
