4162 6424
307 339 368 422 osp
545 372 552 384 -
929 310 1105 400 uonoau
1126 340 1172 399 111
1193 333 1344 400 orsas.
1908 339 1970 398 osa

307 501 411 561 Deum
435 499 469 560 et
481 500 519 560 B.
532 497 709 574 Augustini
724 496 886 574 regulam,
901 497 1107 576 providerint
1201 499 1269 575 ligo
1281 493 1494 570 Octavianus,
1509 497 1566 558 ss.
1576 485 1687 574 sergii
1697 497 1731 562 et
1740 496 1867 560 Bacchi
1877 495 1970 558 diac.

307 595 507 674 eligendum.
527 595 711 657 libertates
725 610 867 676 quoque,
892 601 926 658 et
949 595 1107 656 immuni·
1160 596 1250 658 card.

305 695 393 756 tates
421 694 597 770 antiquas,
623 692 656 755 et
678 692 896 755 rationabiles
923 695 1105 756 consuetu·
1200 695 1268 769 ligo
1279 693 1470 770 Gregorius,
1493 695 1527 754 S.
1547 691 1714 755 Theodori
1727 691 1813 754 diac.
1828 693 1928 754 card.

306 792 401 853 dines
419 789 622 854 monasterio
641 791 751 852 vestro
767 803 958 860 concessas,
978 790 1011 852 et
1026 790 1108 852 hao-
1202 793 1269 868 ligo
1297 790 1496 862 Rainerius,
1525 792 1558 850 S.
1584 791 1701 852 Marias
1721 790 1757 851 in
1786 789 1972 852 cosmedin

306 893 403 952 tenus
427 887 641 955 observatas,
662 889 753 950 ratas
778 887 958 962 habemus,
987 889 1020 949 et
1048 903 1105 950 eas
1160 888 1245 949 diac.
1262 886 1353 949 card.

307 985 475 1065 perpetuis
500 985 704 1063 temporibus
736 985 883 1048 illibatas
910 999 1106 1062 permanere
1200 987 1268 1062 Ego
1283 987 1463 1056 Romanus,
1482 988 1514 1047 S.
1532 983 1649 1061 angeli
1666 984 1752 1046 dieo.
1766 984 1861 1047 card.

306 1085 488 1153 sancimus,
504 1081 605 1144 salvis
625 1083 757 1145 statutis
772 1082 911 1144 concilii
926 1082 1104 1160 generalis.
1201 1083 1269 1158 ligo
1285 1082 1484 1163 Stephanus,
1500 1084 1534 1143 S.
1549 1082 1698 1144 Adriani.
1715 1083 1801 1144 diac.
1814 1083 1914 1143 card.

306 1181 625 1258 beoernimusergo,
640 1180 919 1242 utnulliomnino
934 1179 1105 1240 hominum
1202 1183 1270 1256 ligo
1298 1179 1576 1253 Allebrandinus,
1608 1181 1640 1241 S.
1673 1178 1845 1242 Eustachii
1874 1179 1970 1240 diac.

306 1277 590 1357 liceatpraetatum
598 1278 968 1340 monasteriumtemere
980 1278 1108 1356 pertur-
1160 1277 1250 1340 card.

306 1377 397 1448 bare,
423 1377 482 1438 aut
513 1377 585 1453 ejus
610 1375 837 1453 possessiones
875 1373 1028 1444 auterre,
1052 1375 1105 1437 vel
1203 1379 1271 1452 Ego
1281 1373 1447 1452 AEgidius,
1460 1377 1518 1438 SS.
1530 1375 1657 1436 Cosmae
1667 1375 1700 1436 et
1710 1375 1865 1436 Damiani
1874 1373 1970 1435 diac.

282 1473 436 1536 ablatas
457 1473 614 1546 retinere,
630 1473 791 1546 minuere,
817 1488 877 1533 seu
904 1471 1107 1550 quibuslibet
1160 1473 1251 1536 card.

305 1571 539 1634 vexationibus
565 1569 718 1646 fatigare,
751 1570 808 1632 sed
837 1571 948 1632 omnia
976 1570 1106 1646 integra
1201 1571 1274 1633 Dat.
1284 1570 1440 1632 Laterani
1451 1585 1512 1647 per
1523 1584 1658 1632 manum
1666 1569 1817 1632 Rainerii
1827 1571 1863 1630 S.
1876 1571 1922 1632 R.
1931 1571 1970 1629 a.

306 1672 557 1740 conserventur,
575 1683 700 1739 eorum,
716 1684 777 1744 pro
791 1683 930 1744 quorum
945 1666 1107 1744 guberna·
1161 1667 1428 1733 vicecancellarii
1439 1669 1485 1730 111
1495 1667 1563 1730 lsai.
1577 1667 1705 1744 aprilis,
1713 1667 1900 1728 indictione
1908 1669 1969 1736 Vl.

305 1767 397 1829 tione
408 1768 443 1828 et
457 1765 698 1827 sustentatione
713 1780 872 1826 concessa
887 1767 974 1836 saint,
991 1763 1106 1824 usibus
1161 1765 1593 1828 incarnationtsDominicae
1603 1765 1870 1837 anMCGXVIII,
1883 1781 1971 1841 pon-

307 1864 506 1927 omnimodis
528 1862 711 1941 profutura,
733 1863 826 1924 salva
851 1862 946 1924 Sedis
960 1863 1106 1938 apeeto-
1161 1864 1305 1927 titieatus
1329 1879 1409 1925 vero
1429 1863 1555 1924 domini
1569 1863 1709 1925 Honorii
1724 1865 1789 1924 PP.
1805 1863 1854 1923 111
1873 1877 1970 1923 anuo

308 1963 382 2024 licae
407 1963 614 2030 auctoritate,
633 1962 667 2022 et
680 1960 859 2022 dioeoesani
879 1960 1026 2038 episcopi
1050 1975 1108 2021 ca·
1162 1959 1320 2022 secundo.
1333 1961 1431 2021 ›Bene
1446 1959 1537 2022 valet
1559 2003 1567 2020 .

307 2060 428 2121 nonica
448 2059 593 2136 iustitia.
624 2057 659 2118 Sl
683 2073 748 2134 qua
771 2057 876 2132 igitur
896 2057 932 2118 in
960 2056 1106 2118 futurum

308 2156 535 2218 ecclesiastica
549 2154 763 2216 saecularisve
780 2169 933 2231 persona,
950 2154 1037 2216 banc
1052 2171 1108 2216 no-
1459 2172 1668 2263 CLXXXII

309 2254 387 2316 strae
409 2252 656 2316 constitutionis
676 2253 833 2330 paginam
856 2251 976 2324 sciens,
992 2254 1107 2314 contra

307 2367 381 2414 eam
396 2352 521 2412 temere
542 2350 657 2413 venire
674 2349 862 2421 tentaverit,
879 2349 1024 2410 secundo
1038 2351 1109 2410 ter-
1175 2338 1227 2398 Ad
1242 2337 1380 2399 abbam
1398 2335 1512 2398 sancti
1531 2335 1689 2398 Manlii&
1713 2336 1950 2406 militm-55³.

306 2447 616 2519 tiovecommonita,
630 2447 697 2508 nisi
708 2446 837 2509 reatum
851 2461 948 2508 suum
960 2461 1108 2523 congrua
1190 2434 1309 2496 Saltim
1318 2435 1406 2508 Alit*
1418 2435 1582 2496 Mem
1595 2433 1630 2496 0!
1640 2435 1682 2494 αθ
1700 2433 1849 2505 Villam,
1861 2431 1929 2494 02⁶·

310 2545 538 2608 satisfactione
566 2545 767 2616 correxerit,
797 2545 969 2622 potestatis
997 2545 1107 2607 hono·
1436 2581 1568 2642 mmm
1585 2579 1665 2640 ΜΒ.

309 2645 422 2722 risque
450 2642 503 2705 sui
534 2645 647 2706 careat
676 2641 859 2718 dignitate,
889 2657 1046 2726 reamque
1071 2657 1108 2704 se

308 2742 421 2804 divino
432 2740 559 2819 judicio
573 2739 718 2803 existere
728 2739 770 2803 de
782 2741 971 2818 perpetrata
983 2739 1117 2818 iniqui-x

308 2840 376 2902 tate
391 2839 580 2915 cognoscat,
607 2841 641 2901 et
663 2853 683 2899 a
702 2837 928 2900 sacratissimo
956 2851 1106 2916 corpore,
1163 2837 1204 2893 lle
1224 2833 1397 2901 visitatione,
1420 2831 1623 2889 relormatione
1645 2838 1673 2889 et
1693 2831 1871 2888 oemeotione
1896 2845 1964 2890 mo·

309 2953 349 2999 ae
375 2937 539 3012 sanguine
566 2933 626 2997 nei
658 2934 692 2997 et
721 2934 852 2995 nemini
878 2933 1108 3011 redemptoris
1197 2922 1387 2981 severiorum
1401 2920 1558 2995 pevenese
1568 2919 1756 2988 viennense,
1767 2935 1831 2992 que
1840 2920 1869 2976 ie
1882 2929 1959 2978 sem-

309 3033 414 3096 nostri
439 3035 520 3097 lesu
540 3032 664 3093 Christi
680 3031 790 3092 aliena
804 3031 873 3104 ilat,
886 3031 984 3108 atque
999 3032 1109 3093 inex·
1198 3009 1343 3084 l⁰f⁰¹ib¹¹⁵
1357 3009 1594 3084 Wiflffl'flbffi
1609 3008 1761 3082 ”nmmum
1790 3017 1871 3066 Μ
1898 3011 1962 3067 ⁰⁰¹·

310 3132 416 3194 tremo
430 3129 584 3193 examine
605 3128 755 3191 districte
780 3127 952 3206 subjaceat
975 3128 1108 3196 ultioni,
1197 3101 1290 3173 liiii·

1253 2705 1405 2773 [Eumque.
1416 2705 1509 2761 eund.
1522 2705 1709 2764 Gistsrdensee,
1720 2705 1764 2765 tv,
1774 2720 1800 2770 p.
1811 2704 1866 2770 θλ]

310 3225 444 3290 Cunctis
460 3229 570 3289 autem
585 3225 692 3288 eidem
711 3226 784 3288 loco
798 3243 858 3288 sua
869 3229 947 3304 jura
963 3242 1104 3292 servan·
1202 3225 1272 3288 Etsi
1304 3241 1419 3287 curam
1443 3224 1622 3302 pastoralis
1653 3223 1756 3287 osticii
1784 3225 1967 3286 teneamur

309 3325 409 3401 tibus,
436 3323 481 3387 sit
507 3337 576 3402 pax
592 3323 724 3386 Domini
750 3323 852 3385 nostri
877 3327 958 3387 iesu
973 3324 1106 3397 christi,
1162 3339 1279 3402 gerere
1292 3339 1392 3402 super
1408 3325 1529 3396 omnia,
1546 3323 1625 3400 quia
1647 3325 1761 3385 tamen
1778 3323 1820 3388 ad
1838 3323 1962 3399 explo-

311 3423 474 3500 quatenus
488 3424 523 3484 et
536 3421 591 3486 hio
605 3421 747 3483 fructum
766 3421 862 3483 bonae
874 3421 1020 3486 actionis
1032 3437 1111 3500 per-
1163 3421 1268 3485 nanda
1281 3434 1501 3500 personarum
1522 3420 1655 3493 delicta,
1677 3423 1712 3484 et
1727 3421 1957 3484 unaomnium

308 3521 445 3602 cipiunt,
462 3521 495 3582 et
508 3517 596 3602 apud
614 3519 799 3584 districtum
810 3519 956 3596 judicem
971 3521 1108 3599 praemia
1163 3517 1377 3596 corrigendos
1392 3534 1563 3590 excessus,
1588 3517 1788 3581 conditionis
1803 3518 1960 3580 humanae

309 3621 443 3684 aeterne
458 3617 551 3696 pacis
563 3617 748 3684 inveniant.
761 3619 1009 3679 Amemhmen.
1164 3615 1411 3678 contradicente
1424 3616 1556 3688 natura,
1570 3617 1719 3677 nostrum
1734 3615 1870 3676 minime
1881 3615 1959 3676 sni-

350 3715 478 3781 Pertioe
490 3730 626 3792 gressus
641 3728 733 3774 meos
747 3714 783 3774 in
795 3713 923 3776 semitis
936 3713 1015 3776 tuis.
1165 3711 1234 3775 licit
1246 3711 1493 3794 imperfectum
1508 3729 1617 3793 nuper
1624 3712 1686 3774 tuit
1699 3712 1735 3777 in
1748 3712 1896 3776 concilio
1906 3727 1962 3788 ge-

350 3817 419 3890 Ego
443 3811 621 3883 Honorius,
644 3810 823 3875 catholica
838 3811 996 3876 Ecclesiae
1015 3811 1108 3892 epis·
1164 3811 1272 3872 norati
1285 3810 1417 3888 provisa
1433 3811 1672 3872 deliberatione
1688 3812 1859 3882 statutum,
1875 3811 1913 3872 ut
1923 3811 1957 3870 iu

310 3926 423 3992 copus.
1165 3908 1307 3984 singulis
1338 3909 1462 3986 regnis,
1490 3909 1542 3971 vei
1567 3907 1764 3986 provinciis,
1792 3907 1958 3970 celebrato

350 4011 419 4084 Ego
431 4005 600 4080 Nicotaus,
619 4006 796 4070 Tusculan.
810 4005 999 4083 episeopus.
1165 4005 1310 4082 capitulo
1329 4003 1496 4076 abbatum,
1521 4008 1621 4082 atque
1639 4005 1800 4083 priorum,
1822 4005 1880 4083 qui
1892 4021 1956 4067 non

352 4105 420 4182 Ego
439 4102 557 4175 auide,
581 4103 777 4168 Praenestin.
802 4103 989 4181 episcopus.
1165 4104 1410 4165 consueverunt
1423 4103 1491 4164 tale
1505 4102 1687 4180 capitulum
1702 4101 1884 4174 celebrare,
1902 4117 1958 4180 per

352 4203 420 4278 ligo
457 4201 661 4279 Hugolinus,
694 4201 819 4266 Ostien.
851 4199 885 4262 et
913 4200 1109 4264 Weuetren.
1166 4201 1307 4280 quatuor
1335 4199 1481 4271 abbates,
1503 4200 1560 4277 qui
1584 4199 1704 4262 debent
1724 4199 1871 4282 capitulo
1894 4201 1955 4276 ipsi

311 4299 498 4378 episcopus.
1142 4361 1143 4364 ,
1166 4312 1310 4378 praeesse
1326 4318 1334 4358 ε
1350 4297 1527 4373 religiosae,
1542 4298 1575 4360 et
1591 4297 1958 4374 circumspectans»

352 4399 420 4474 Ego
434 4397 601 4473 Pelagius,
617 4396 734 4459 Alban.
751 4397 938 4473 episcopus.
1166 4395 1240 4457 dem
1256 4393 1401 4472 capitulo
1416 4394 1612 4456 ordinentur
1624 4409 1789 4471 personae,
1812 4409 1887 4472 que
1906 4409 1963 4472 per

350 4497 419 4571 Ego
433 4495 562 4566 Petrus,
586 4493 741 4554 sabinen.
759 4493 945 4571 episcopus.
1167 4491 1317 4568 singulas
1330 4491 1482 4554 abbatias
1506 4492 1654 4570 ejusdem
1675 4491 1783 4568 regni,
1806 4507 1868 4553 seu
1883 4507 1960 4570 pro-

246 4667 252 4674 ·
350 4592 418 4666 Ego
442 4593 520 4662 Leo,
544 4588 595 4653 tit.
626 4591 661 4652 S.
685 4588 801 4651 &uois
829 4589 865 4650 in
902 4588 1111 4651 Hierusalem
1166 4589 1286 4654 vinciae
1297 4589 1365 4654 tam
1379 4588 1630 4661 monachorum,
1647 4605 1746 4666 quam
1755 4588 1962 4659 monialium,

310 4687 484 4767 presbyter
503 4686 593 4750 card.
1167 4686 1240 4748 vice
1250 4685 1527 4752 nostraeolticium
1539 4685 1742 4750 visitationis
1756 4685 1963 4763 impendant.

352 4787 421 4863 ligo
446 4785 575 4856 Petrus,
603 4785 636 4848 S.
653 4782 871 4848 pudentianae
887 4782 938 4849 tit.
964 4782 1113 4846 Pastoris
1168 4785 1248 4845 cum
1258 4783 1588 4861 igitursioutnostris
1597 4783 1734 4846 auribus
1744 4784 1797 4846 est
1805 4783 1963 4854 delatum,

312 4882 484 4964 presbyter
498 4881 588 4946 card.
1167 4897 1227 4944 vos
1242 4880 1298 4958 qui
1314 4880 1394 4943 estis
1409 4881 1445 4944 in
1459 4870 1631 4958 provincia
1654 4879 1859 4950 Trevirensi,
1880 4881 1964 4943 utin

353 4984 421 5058 Fgo
437 4980 612 5054 Robertus,
633 4978 686 5043 tit.
713 4980 748 5042 S.
770 4978 930 5058 Stephani
957 4977 992 5040 in
1011 4978 1115 5061 (ioelio
1168 4978 1359 5056 hujusmodi
1373 4978 1770 5058 capituloproesideretis,
1794 4977 1894 5040 electi
1909 4994 1967 5040 su-

226 5121 230 5128 ·
310 5081 422 5142 monte
434 5078 606 5158 presbyter
616 5077 706 5140 card.
1169 5089 1228 5156 per
1241 5074 1317 5151 hoc,
1333 5075 1481 5154 ejusdem
1508 5077 1630 5141 statuta
1656 5075 1797 5138 concilii
1819 5075 1967 5138 transire

354 5179 422 5254 Ego
438 5176 637 5254 Stephanus,
651 5173 800 5239 basilicae
813 5173 993 5251 ‚duodecim
1007 5175 1115 5252 apos-
1169 5172 1350 5240 vrdeamini
1366 5172 1583 5251 negligenter,
1598 5173 1728 5237 eumad
1751 5171 1967 5239 relormatio-

313 5275 456 5338 tolorum
472 5273 644 5352 presbyter
662 5270 752 5334 card.
1169 5285 1245 5334 nem
1271 5271 1549 5333 monasteriorum
1581 5271 1730 5350 ejusdem
1762 5272 1966 5348 provincia,

293 5445 297 5453 ,
354 5375 423 5449 Ego
447 5371 641 5448 Gregorius,
669 5370 702 5432 S.
732 5368 919 5432 Anastasia
942 5365 1116 5447 presbyter
1170 5383 1243 5445 quae
1259 5367 1294 5434 in
1303 5368 1553 5446 temporalibus,
1568 5371 1601 5431 et
1615 5367 1847 5446 spiritualibus
1861 5368 1970 5446 pluri-

314 5469 406 5533 card.
922 5497 926 5506 ·
1170 5480 1259 5528 mum
1292 5466 1370 5529 sunt
1391 5466 1552 5544 collapsa,
1585 5465 1712 5529 nullam
1744 5465 1969 5528 adhibueritis

357 5569 424 5643 ligo
452 5567 618 5637 Thomas,
645 5565 697 5646 tit,
726 5567 759 5627 s.
788 5563 920 5626 sabinae
943 5561 1116 5642 presbyter
1170 5561 1278 5624 adhuc
1302 5577 1428 5636 curam,
1454 5565 1490 5625 ut
1514 5563 1689 5640 religionis
1714 5561 1864 5634 lucerna,
1893 5579 1969 5640 qum

316 5664 407 5727 card.
1170 5661 1261 5723 velut
1279 5661 1431 5724 exuneta
1444 5664 1516 5738 jam
1542 5659 1682 5736 fumigat
1700 5659 1733 5721 in
1750 5659 1874 5734 eisdem
1891 5677 1968 5722 mo-
