4234 6408
155 289 209 352 211

157 451 200 512 sis
215 459 405 524 expressas,
419 441 502 504 illud
518 441 581 502 sibi
597 440 766 503 distuleris
778 439 948 510 exhihere,

157 549 195 610 ad
211 543 429 607 auferendum
442 557 572 602 omnem
585 539 801 602 dubitationis
816 555 951 616 scrupu-

157 647 223 706 lum
249 641 447 704 auctoritate
474 639 689 718 praesentium
722 638 947 708 declaramus,

158 741 241 820 quod
266 740 294 800 si
310 737 468 816 praeiatus
488 736 743 798 archidiaconus
768 751 868 812 super
886 749 950 794 ex-

157 839 302 902 cessibus
317 835 469 907 notoriis,
486 851 546 912 pro
559 833 677 911 quibus
693 835 743 895 est
759 847 952 894 excommu-

157 934 332 998 nicationis
367 933 502 994 vinculo
540 931 742 1000 innodatus,
778 930 950 991 emendam

157 1035 314 1112 praestare
326 1030 470 1092 voluerit
485 1029 735 1106 competentem,
757 1043 797 1088 ac
811 1029 951 1105 postmo-

157 1133 232 1193 dum
247 1130 369 1208 probis
384 1129 417 1190 et
430 1128 505 1190 aliis
521 1126 834 1188 sufficientissimam
847 1141 952 1202 praes-

157 1230 259 1291 titerit
281 1228 481 1298 cautionem,
498 1241 550 1286 ne.
573 1225 658 1302 quod
678 1225 779 1296 absit,
808 1225 903 1286 nobis
918 1225 951 1286 et

158 1327 311 1388 Ecclesiae
334 1325 456 1401 saepius
480 1323 650 1394 illudatur,
674 1323 760 1401 quod
785 1323 950 1386 mandatis

158 1425 278 1486 nostris
305 1421 457 1484 omnibus
487 1422 560 1482 sino
589 1421 782 1483 difficultate
809 1421 948 1498 parebit,

158 1539 230 1584 cum
248 1521 437 1600 juramento
453 1519 558 1596 ipsius
573 1519 659 1596 quod
684 1520 718 1580 in
734 1519 885 1598 pluribus
900 1521 951 1580 est

159 1623 386 1694 transgressus
402 1617 537 1678 credere
557 1634 622 1678 non
643 1617 818 1694 possimus,
842 1617 949 1678 eidem

160 1715 374 1780 absolutionis
389 1715 587 1777 beneficium
603 1716 753 1792 poteritis
765 1715 927 1792 impertiri
940 1737 947 1790 ;

160 1815 348 1894 processuri
363 1813 570 1890 postmodum
588 1814 622 1874 in
637 1815 802 1876 mandatis
818 1813 949 1874 iacien-

160 1914 208 1974 dis
219 1913 325 1974 eidem
338 1914 436 1990 prout
448 1913 561 1989 postea
573 1912 725 1988 rescripti
737 1912 842 1973 nostri
855 1913 951 1973 tenor

159 2028 215 2072 vos
231 2011 351 2087 poterit
365 2011 514 2071 edocere.
533 2011 567 2070 Si
581 2024 661 2070 vero
675 2010 722 2070 sic
737 2009 837 2070 tuerit
852 2009 952 2069 indu-

160 2110 250 2170 ratus
265 2109 351 2186 quod
369 2109 452 2169 nolit
467 2123 567 2184 super
581 2107 772 2168 excessibus
788 2107 857 2168 suis
877 2122 950 2166 nos·

160 2207 216 2268 tris
233 2205 435 2282 tussionibus
451 2205 596 2275 obedire,
613 2221 672 2266 vos
688 2222 748 2284 per
762 2205 949 2283 provincias

156 2307 284 2366 vestras
300 2303 440 2380 singulis
456 2303 631 2365 dominicis
647 2303 762 2364 diebus
775 2305 808 2365 et
822 2303 950 2365 festivis

156 2402 276 2479 ipsum,
291 2401 431 2478 pulsatis
442 2402 612 2478 campanis
624 2404 657 2463 et
671 2401 819 2463 candelis
830 2417 951 2462 accen-

155 2501 211 2572 sis,
230 2500 550 2562 excommunicatum
572 2499 703 2561 faciatis
720 2499 850 2576 publice
873 2515 952 2559 nun·

153 2597 949 2674 tiari,utsaltimcorampopulocontundaturqui

153 2699 258 2760 Deum
283 2715 349 2758 non
374 2699 469 2759 timet
487 2699 520 2759 et
534 2697 717 2776 periculum
741 2699 862 2758 animae
884 2713 950 2758 non

153 2797 298 2856 veretur.
315 2797 493 2872 Speremus
508 2796 617 2856 autem
633 2797 666 2855 in
682 2795 782 2856 biset
801 2795 876 2855 aliis
890 2812 950 2856 vos

150 2894 266 2954 taliter
287 2893 467 2954 secundum
487 2893 632 2954 debitum
653 2893 829 2970 pastoralis
849 2894 949 2955 officii

153 2993 291 3052 auctore
306 2992 444 3052 Domino
459 3007 686 3068 processuros,
703 2992 789 3069 quod
805 2993 950 3054 studium

153 3089 393 3151 sollicitudinis
406 3092 526 3151 vestrae
549 3090 712 3152 clarescet
726 3091 761 3152 in
775 3090 947 3168 operibus,

150 3191 181 3250 et
197 3187 393 3264 operabitur
414 3188 503 3248 circa
519 3188 667 3249 subditos
688 3188 948 3250 incrementum:

149 3303 212 3348 nos
233 3301 363 3363 quoque
382 3285 589 3362 diligentiam
608 3289 752 3348 rostram
768 3289 949 3364 poterimus

148 3385 182 3444 in
194 3384 338 3446 Domino
353 3385 473 3445 merito
488 3385 731 3444 commendare.

185 3483 309 3544 Datum
322 3483 494 3550 Laterani,
509 3481 662 3542 kalendis
678 3481 850 3551 februarii,
872 3497 951 3560 pon·

145 3580 297 3641 tificatus
307 3580 413 3642 nostri
428 3595 516 3640 anno
530 3579 648 3657 primo.

483 3791 614 3878 CXCV

270 3963 323 4020 Ad
337 3962 530 4034 episcopum
550 3961 826 4022 Noviomcnscm.

449 4107 465 4166 3
485 4105 555 4164 febr.
571 4109 649 4167 titi.

171 4245 301 4308 [Regest.,
313 4241 358 4292 lib.
370 4242 389 4300 i,
404 4241 479 4305 epist.
491 4240 547 4292 225.
562 4243 621 4292 biss.
635 4243 671 4294 La
683 4243 760 4294 Portu
773 4245 807 4294 du
821 4245 916 4310 Theti]

139 4393 335 4455 lioviomeosi
356 4392 491 4466 episcopo
524 4393 675 4450 confirmat
699 4393 892 4466 indulgentias
918 4397 946 4452 in

180 4482 313 4543 Concilio
348 4483 477 4555 generali
514 4484 699 4540 lateranensi
739 4485 947 4558 crucesignatis

180 4587 349 4631 concessas.

184 4734 366 4806 Honorius
382 4734 456 4805 etc,
471 4733 654 4795 venerabili
670 4733 768 4797 tratri
791 4737 946 4816 episcopo

143 4832 344 4893 Noviomen.

185 4931 270 4989 Cum
284 4929 319 4988 in
334 4928 484 5004 generali
500 4927 648 4990 Concilio
665 4931 816 4992 omnibus
832 4931 888 5014 qui
902 4933 947 4994 la-

141 5025 259 5086 borem
271 5026 550 5102 peregrinationis
561 5027 602 5088 ad
611 5029 721 5088 Terrae
734 5031 863 5090 Sanctae
873 5030 947 5091 sub-

142 5123 268 5184 sidium
296 5123 331 5184 in
359 5123 502 5200 propriis
536 5125 687 5200 personis
724 5126 886 5188 subierint
914 5131 945 5191 et

142 5222 316 5298 expensis,
345 5222 444 5298 plena
475 5237 611 5282 suorum
638 5225 878 5298 peccaminum,
905 5225 945 5287 de

143 5318 266 5395 quibus
290 5320 456 5380 veraciter
479 5318 603 5382 luerint
626 5320 725 5381 corde
751 5322 884 5383 contriti
913 5326 945 5385 et

142 5432 204 5476 ore
216 5416 370 5489 confessi,
386 5417 485 5478 venia
506 5417 549 5478 sit
568 5433 736 5490 concessa,
754 5421 786 5480 et
799 5419 833 5480 in
846 5421 946 5482 retri-

141 5511 281 5574 butione
293 5517 462 5590 justorum
487 5515 604 5578 salutis
625 5517 757 5577 aeternae
775 5518 944 5594 provisum

141 5613 373 5686 augmentnm3
388 5614 421 5674 et
442 5613 491 5674 eis
504 5614 560 5692 qui
576 5631 641 5678 non
662 5615 696 5676 in
711 5615 855 5693 propriis
868 5631 946 5694 per-

794 278 1023 342 EPISTOLAE.
1048 277 1125 340 LIB.
1149 278 1174 340 1.

1745 285 1806 345 242

1005 441 1096 502 sonis
1110 440 1190 502 illuc
1203 441 1416 514 accesserint,
1432 441 1488 503 sed
1504 441 1539 502 in
1556 441 1627 502 suis
1642 440 1804 504 duntaxat

1005 537 1160 613 expensis
1184 539 1281 615 juxta
1320 539 1511 600 facultatem
1547 539 1579 601 et
1610 538 1803 616 qualitatem

1005 649 1099 694 suam
1114 635 1204 696 viros
1227 635 1364 697 idoneos
1379 635 1591 712 destinarint3
1616 651 1655 696 ac
1675 637 1742 696 illis
1756 637 1805 698 si-

1005 731 1128 794 militer
1143 733 1199 809 qui
1213 733 1290 795 licet
1312 733 1347 794 in
1369 733 1489 794 alienis
1504 735 1660 810 expensis
1675 733 1709 794 in
1725 749 1804 810 pro-

1005 830 1087 906 priis
1099 831 1210 892 tamen
1224 832 1375 908 personis
1388 833 1601 903 accesserint,
1618 832 1715 908 plena
1729 847 1804 892 suo·

1005 943 1077 988 rum
1093 929 1190 989 venia
1206 930 1427 1006 peccatorum,
1441 929 1582 1006 ethujvrs
1596 928 1802 990 remissionis

1004 1039 1197 1086 concessum
1211 1027 1264 1098 sit,
1279 1041 1352 1086 esse
1365 1025 1544 1102 participes
1554 1025 1652 1102 juxta
1665 1023 1802 1102 quanti-

1004 1123 1105 1182 tatem
1121 1122 1261 1182 subsidii
1275 1125 1308 1184 et
1322 1123 1507 1184 devotionis
1520 1121 1677 1183 allectum
1688 1137 1802 1182 omnes

1005 1219 1061 1295 qui
1076 1219 1117 1279 ad
1133 1217 1384 1280 subventionem
1399 1221 1504 1296 ipsius
1521 1221 1621 1282 terrae
1641 1219 1681 1279 de
1705 1217 1802 1278 honis

1006 1315 1074 1376 suis
1090 1332 1235 1392 congrue
1250 1317 1524 1390 ministraverint,
1539 1317 1596 1378 aut
1611 1316 1699 1377 circa
1715 1331 1804 1392 prae-

1005 1413 1092 1475 dicta
1117 1413 1292 1475 consilium
1316 1415 1371 1474 vel
1394 1414 1555 1474 auxilium
1583 1411 1804 1488 impenderint

1005 1510 1237 1586 opportunum,
1254 1525 1314 1571 nos
1332 1510 1372 1571 de
1385 1510 1620 1588 omnipotentis
1633 1511 1689 1570 Dei
1707 1510 1804 1570 mise-

1004 1608 1161 1680 ricordia,
1175 1611 1209 1670 et
1223 1607 1393 1669 beatorum
1410 1610 1500 1670 Petri
1513 1610 1545 1669 et
1560 1607 1655 1668 Pauli
1668 1605 1804 1684 aposto-

1004 1705 1112 1766 lorum
1125 1707 1321 1768 anctoritate
1336 1707 1464 1778 contisi,
1482 1705 1671 1784 hujusmodi
1686 1703 1801 1764 indul-

1004 1803 1149 1878 gentiam
1174 1803 1408 1864 confirmantes
1439 1804 1575 1876 eisdem,
1601 1799 1803 1864 fraternitati

1004 1902 1070 1961 tuae
1103 1916 1162 1976 per
1191 1901 1382 1976 Apostolica
1420 1901 1543 1976 scripta
1577 1897 1801 1976 preacipiendo

1005 1996 1212 2064 mandamus,
1224 2000 1388 2072 quatenus
1403 1997 1475 2057 haec
1487 2012 1546 2073 per
1561 2011 1674 2056 omnes
1690 1992 1801 2055 eccle-

1005 2094 1072 2154 sias
1087 2095 1153 2155 tuae
1175 2092 1328 2155 dioecesis
1341 2094 1535 2156 annuntiari
1550 2091 1739 2169 frequenter
1752 2089 1804 2150 ia·

1005 2192 1086 2263 cias,
1103 2193 1139 2252 ut
1150 2193 1217 2254 tam
1227 2192 1449 2268 crucesignati
1460 2207 1559 2268 quam
1574 2191 1674 2251 etiam
1685 2203 1804 2249 cruce-

1005 2289 1158 2364 signandi
1173 2305 1232 2366 per
1251 2290 1314 2350 boc
1336 2291 1480 2351 animari
1494 2288 1629 2350 valeant
1643 2287 1684 2347 ad
1701 2286 1800 2347 obse-

1005 2386 1118 2462 quium
1132 2389 1213 2448 Jesu
1228 2387 1362 2449 Christi.
1381 2388 1499 2448 Datum
1521 2385 1690 2455 Laterani,
1703 2382 1802 2444 tertio

1005 2499 1110 2544 nonas
1129 2483 1301 2556 februarii,
1334 2484 1553 2560 pontificatus¹
1578 2481 1684 2544 nostri
1713 2494 1802 2540 anno

1005 2595 1121 2657 primo.

1332 2760 1483 2847 CXCVI

1004 2923 1056 2981 Ad
1081 2924 1269 2982 Bcroldum
1298 2925 1456 2998 priorem
1484 2921 1518 2982 ct
1540 2921 1672 2995 matres
1693 2918 1803 2992 armac

1097 3023 1243 3092 Speciem
1253 3024 1287 3081 S.
1304 3020 1481 3082 Benedicti
1495 3017 1709 3080 constitutos.

1299 3151 1316 3209 3
1336 3151 1406 3210 febr.
1429 3151 1507 3208 tarr.

1124 3239 1297 3305 [Spicilegium
1310 3240 1480 3290 tiberianum.
1495 3238 1590 3304 pili,
1604 3253 1630 3289 n.
1645 3237 1680 3304 l.]

1005 3374 1124 3432 Beraldo
1137 3375 1223 3446 priori
1240 3381 1269 3431 et
1283 3372 1417 3431 iratribus
1429 3373 1508 3446 juxta
1526 3374 1648 3445 Specurn
1664 3375 1692 3430 S.
1709 3375 1800 3430 Bene·

1040 3461 1106 3520 dicti
1139 3463 1299 3520 constitutis
1331 3462 1548 3518 concessionem
1586 3475 1636 3518 sex
1665 3461 1801 3517 librarum

1040 3551 1148 3608 usualis
1173 3557 1393 3620 modumsuae
1418 3548 1455 3604 de
1482 3561 1577 3606 annuo
1601 3563 1690 3606 censu
1715 3549 1802 3606 castri

1041 3639 1165 3696 Portiani
1196 3637 1353 3696 secundum
1382 3645 1511 3694 tenorem
1539 3636 1681 3710 privilegii
1712 3639 1798 3694 lnuo-

1040 3727 1127 3784 centii
1141 3729 1181 3784 lll
1196 3725 1300 3784 debent
1319 3727 1476 3800 percipere,
1493 3733 1583 3784 ratam
1602 3725 1698 3784 babet.

1045 3854 1212 3916 Honorius
1227 3854 1537 3932 episcopusservus
1549 3854 1798 3926 servorumDei‚

1003 3953 1133 4015 dilectis
1148 3954 1336 4016 constitutis
1361 3952 1503 4016 salutem
1527 3954 1560 4015 et
1583 3953 1799 4030 apostolicam

1002 4052 1277 4114 benedictionem.
1570 4058 1577 4066 '

1043 4153 1089 4211 Ea
1105 4167 1177 4227 quae
1193 4149 1257 4226 piis
1273 4149 1356 4210 locis
1369 4148 1503 4224 pietatis
1523 4148 1645 4208 intuitu
1660 4147 1797 4224 provide

1002 4247 1228 4309 conceduntur
1248 4263 1309 4307 nec
1330 4246 1523 4323 posteritate
1539 4244 1658 4306 debent
1681 4245 1797 4316 minui,

1003 4361 1063 4406 nec
1077 4343 1264 4405 temeritate
1280 4342 1445 4417 convelli3
1463 4342 1520 4404 sed
1536 4357 1650 4432 eorum
1670 4341 1799 4418 integre

1002 4443 1079 4502 sunt
1107 4441 1221 4502 usibus
1244 4440 1456 4512 reservanda,
1483 4440 1602 4517 quibus
1625 4441 1704 4501 sunt
1727 4441 1799 4502 cir-

1002 4541 1189 4617 cumspecta
1207 4539 1408 4601 liberalitate
1421 4554 1590 4601 concessa.
1605 4540 1798 4618 Eapropter,

1001 4638 1113 4700 dilecti
1129 4638 1163 4698 in
1186 4638 1326 4698 Domino
1342 4637 1413 4710 tllii,
1438 4636 1655 4714 pet'tionibus
1676 4635 1799 4698 vestris

1000 4737 1172 4812 gratanter
1198 4736 1396 4810 annuimus3
1420 4737 1453 4797 et
1474 4737 1724 4796 concessionem
1740 4749 1800 4795 sex

1001 4835 1159 4895 librarum
1184 4833 1311 4894 usualis
1331 4836 1484 4905 monetae,
1509 4850 1591 4912 quas
1620 4833 1660 4893 de
1687 4846 1798 4892 annuo

1001 4948 1103 4993 censu
1128 4931 1228 4992 castri
1250 4930 1411 5002 Pontiani,
1438 4931 1620 4992 secundum
1648 4929 1798 4990 tenorem

1001 5027 1169 5105 privilegii
1202 5027 1310 5088 lelicis
1342 5028 1583 5089 recordationis
1613 5023 1800 5086 innocentii

1001 5131 1100 5203 Papae
1118 5125 1374 5202 praedecessoris
1399 5125 1514 5196 nostri,
1539 5113 1665 5185 debetis
1685 5122 1800 5200 perci-

1000 5240 1079 5301 pere
1110 5222 1297 5293 annuatim,
1324 5222 1431 5282 ratam
1460 5221 1620 5282 habemus
1656 5221 1688 5282 et
1721 5235 1795 5281 eam

1000 5321 1174 5400 praesentis
1199 5319 1313 5396 scripti
1333 5320 1518 5396 patrocinio
1534 5318 1796 5381 communimus:

999 5423 1147 5482 tenorem
1170 5420 1279 5479 autem
1295 5419 1462 5495 privilegii
1475 5418 1554 5479 dicti
1572 5419 1799 5495 praedecesso-

999 5520 1047 5580 ris
1063 5518 1168 5579 nostri
1189 5517 1345 5594 praesenti
1372 5516 1545 5593 scripturae
1560 5517 1715 5579 duximus
1731 5534 1796 5577 an-

1000 5615 1197 5678 nectendum
1222 5637 1229 5675 :
1248 5615 1299 5678 est
1313 5615 1423 5677 autem
1436 5615 1523 5678 talis.
