4200 6404
127 255 190 314 337
403 257 520 318 XXIX.
536 283 577 302 -·
592 223 642 318 ῙΝ
659 257 789 316 FESTO
807 233 1068 322 'sanctonum
1089 257 1267 380 JOXNNIS
1290 261 1341 322 ET
1363 261 1502 323 PAULI.
1716 266 1777 326 338

169 413 239 474 Hoc
256 413 367 475 antem
393 413 479 492 qirod
507 415 663 489 diximus,
691 413 818 478 duobus
848 415 925 478 aliis
979 417 1074 478 enim
1098 418 1299 492 iniquitates
1325 422 1582 490 obsonavere,
1608 423 1773 496 Domine,

125 509 247 582 modis,
264 511 371 587 potest
385 511 538 587 intelligi.
551 513 925 591 Peceamuspermundi
979 517 1124 576 Domine
1148 518 1225 590 ques
1248 517 1429 580 sustinebit
1444 516 1513 596 (Ps.
1536 519 1604 590 129,
1620 517 1666 598 3).
1694 521 1775 593 Quis

125 606 551 686 elementaipunimurper
565 610 732 672 illa.Nam
747 611 926 674 calorcen·
979 611 1068 672 anim
1093 625 1159 671 non
1186 612 1302 674 timeat
1324 613 1470 690 jndicem
1497 615 1774 692 potentissimum,

124 703 227 765 sumit
240 719 302 764 nos
318 705 354 765 in
368 706 493 777 aestate,
508 721 567 767 aer
580 705 745 769 morbidet
759 722 820 768 sua
839 707 924 768 cali-
979 707 1259 783 sapientissimum
1273 711 1306 771 et
1315 711 1558 786 justissimum?
1571 713 1773 776 Potentissi-

123 801 215 875 gine,
225 803 257 861 st
271 801 320 862 sic
330 801 371 861 de
382 803 523 864 caeteris.
534 804 616 864 item
625 803 923 880 peccanthomines
978 819 1079 876 mum,
1095 821 1191 882 quern
1207 821 1303 868 nemo
1318 808 1425 884 potest
1446 807 1603 884 effugere,
1632 810 1772 886 sapien-

123 913 187 974 per
201 897 351 974 corporis
365 899 512 960 membra
527 901 560 962 et
583 901 619 962 in
635 900 765 963 interno
787 902 925 978 torque-
976 899 1141 962 tissimum
1156 917 1253 980 quem
1265 919 1362 966 nemo
1376 906 1484 980 potest
1497 906 1612 978 latere,
1622 907 1775 982 justissi-

41 1021 43 1024 ·
123 993 250 1057 buntur
263 1010 323 1071 per
345 995 416 1068 ilia,
433 997 564 1073 qnando
588 998 712 1060 vermis
727 1013 842 1060 eorum
856 1013 923 1060 non
977 1014 1066 1081 mum
1088 1015 1185 1076 quem
1201 1015 1298 1062 nemo
1319 1001 1426 1079 potest
1439 1017 1663 1080 corrumpere.
1679 1003 1773 1065 Unde

122 1091 297 1161 morietur,
322 1093 356 1154 et
380 1093 467 1170 ignis
498 1109 564 1156 non
587 1095 809 1172 extinguetur.
833 1097 922 1172 Ignis
976 1093 1038 1156 lob
1057 1111 1064 1156 :
1081 1095 1149 1158 ‹Si
1164 1096 1321 1158 tortitudo
1336 1098 1507 1175 quaritur,
1523 1099 1774 1162 robustissimus

122 1190 287 1264 gehennas
302 1205 363 1250 nse
377 1190 478 1266 lignis
493 1192 649 1265 nutritur,
665 1209 728 1254 nec
743 1193 824 1254 ilatu
846 1209 924 1255 suc·
977 1192 1077 1263 «θεῖ,
1104 1193 1238 1268 sapiens
1266 1193 1366 1256 corde
1392 1195 1425 1256 ei
1453 1195 1547 1258 tortis
1573 1196 1704 1258 robore.
1737 1197 1773 1258 Si

121 1285 287 1358 conditur,
310 1287 368 1348 sed
382 1302 402 1347 a
417 1289 484 1348 Deo
500 1291 632 1350 creatus
646 1289 697 1351 est
716 1289 924 1366 inextingui-
976 1304 995 1346 u
1017 1289 1156 1365 equitas
1164 1289 1283 1366 judicii
1298 1292 1469 1368 quaeritur,
1484 1308 1580 1354 nemo
1597 1294 1697 1355 audet
1711 1309 1771 1370 pro

120 1381 203 1443 bilis
218 1381 259 1444 ab
274 1383 403 1459 origine
415 1385 540 1446 mundi.
558 1385 723 1462 Scriptum
736 1387 830 1448 estin
841 1386 920 1450 lob:
977 1401 995 1443 s
1016 1400 1069 1446 me
1080 1385 1305 1449 testimonium
1318 1386 1468 1450 reddere.
1482 1389 1709 1466 SiJ'ustilicare
1721 1407 1774 1452 me

119 1481 309 1542 Devorabit
332 1495 412 1542 eum
432 1485 523 1558 ignis
539 1487 598 1556 oui
618 1498 686 1546 non
704 1485 923 1547 succenditur
976 1497 995 1540 c
1017 1482 1165 1554 voluero,
1188 1499 1225 1544 es
1245 1499 1356 1544 meum
1371 1485 1603 1547 condemnabit
1616 1502 1679 1558 me,
1694 1502 1774 1563 pra-

122 1574 359 1656 (Joh.xx,26).
375 1578 924 1642 Credituressesubternissecun-
976 1593 1094 1638 «vum
1120 1595 1172 1640 me
1200 1579 1427 1656 comprobabit
1449 1581 1549 1644 eliam
1573 1581 1603 1642 si
1630 1583 1773 1658 simplex

121 1674 203 1733 dum
227 1673 311 1735 illud
340 1675 569 1753 propheticum
605 1677 701 1738 isaias
729 1679 923 1752 :internus
976 1673 1141 1736 «tuero»
1156 1673 1243 1754 (iob,
1259 1691 1307 1750 ιιι,
1334 1675 1397 1755 19).
1429 1679 1513 1750 Quia
1535 1678 1608 1755 ipss
1633 1679 1718 1742 dixit
1741 1680 1774 1742 et

120 1771 243 1832 subter
265 1772 488 1834 conturbatus
516 1775 568 1835 est
595 1777 632 1834 in
652 1789 834 1836 occursum
859 1779 924 1836 ud-
976 1770 1063 1832 tacta
1077 1774 1164 1845 sunt,
1181 1772 1351 1835 mandavit
1365 1776 1522 1838 etcreata
1537 1777 1625 1838 sunt.

120 1867 249 1928 venius
268 1868 319 1928 tui
334 1867 391 1946 (is.
414 1883 483 1941 xlv,
497 1868 542 1949 9).
562 1871 625 1932 Sed
649 1871 803 1934 alumnis
829 1870 922 1932 iocus
1016 1871 1063 1930 ile
1076 1869 1169 1930 sexto
1184 1870 1280 1930 nobis
1293 1871 1417 1948 ioseph
1432 1874 1483 1934 θεῖ
1496 1873 1693 1949 exemplum,
1715 1873 1773 1950 qui

119 1963 274 2040 reprobis
306 1965 356 2028 est
383 1967 536 2042 poenalis,
567 1967 623 2046 qui
652 1984 764 2030 secum
791 1983 922 2044 semper
976 1966 1415 2044 cumquotidieinvitaretur
1428 1968 1470 2029 ad
1486 1971 1646 2046 stuprum,
1664 1969 1769 2032 dixit:

121 2061 276 2123 deserunt
291 2063 485 2136 cruciatum,
501 2065 535 2126 et
544 2065 664 2143 ubique
679 2065 793 2128 contra
805 2081 841 2126 se
852 2067 923 2126 ter-
975 2066 1062 2124 Ecce
1084 2067 1254 2126 Dominus
1275 2079 1375 2126 meus
1395 2069 1571 2128 uniuersis
1588 2069 1673 2128 mibi
1697 2068 1773 2128 tra-

120 2159 268 2220 mentum
293 2159 478 2221 incurrunt.
510 2161 603 2222 Unde
628 2161 806 2224 Ezechiel:
825 2167 920 2224 Pro·
975 2161 1066 2230 ditis,
1087 2161 1227 2236 ignorat
1251 2164 1331 2236 quid
1351 2163 1474 2224 babeat
1496 2166 1533 2224 in
1551 2165 1650 2224 domo
1667 2178 1770 2224 sue...

120 2258 247 2316 ducam
269 2271 352 2333 ergo
369 2259 486 2333 iguem
504 2261 546 2320 de
568 2262 680 2322 medio
700 2259 762 2331 tui,
783 2261 841 2332 gut
861 2274 922 2322 co-
976 2253 1197 2334 (denum,
1209 2256 1254 2337 8).
1267 2259 1322 2320 Sic
1332 2257 1428 2320 debet
1436 2258 1547 2322 dicere
1557 2259 1771 2332 christianus,

121 2354 242 2414 medat
256 2353 290 2413 ie
305 2352 437 2430 (macir.
450 2370 570 2424 xxvia,
587 2353 651 2434 18).
975 2355 1105 2430 quoties
1131 2354 1236 2417 allicit
1259 2371 1335 2418 eum
1363 2356 1632 2434 concupiscentia
1658 2357 1772 2418 mundi

162 2448 254 2525 ignis
275 2450 385 2510 antem
408 2451 571 2526 gehenna
594 2467 725 2529 semper
745 2453 874 2516 ardebit
888 2453 922 2516 et
975 2449 1085 2526 hujus,
1097 2451 1508 2514 reeordaribeneticiorum
1520 2453 1591 2526 Dei,
1605 2453 1771 2516 dimittere

121 2546 445 2623 numquamlucebit,
463 2564 594 2626 semper
607 2549 682 2612 uret
696 2552 920 2628 sinumquam
975 2547 1113 2623 pallium
1140 2548 1265 2610 tenenti
1290 2549 1465 2626 AEgyptiae,
1495 2549 1592 2621 idest,
1611 2550 1769 2626 peccandi

119 2644 305 2716 consumet,
329 2660 459 2722 semper
474 2645 597 2708 alliciet
615 2647 648 2708 st
662 2662 844 2724 numquam
857 2647 920 2708 de-
975 2645 1183 2708 oceaslonem
1199 2645 1371 2706 sarmaria
1383 2645 1670 2721 concupiscentiae.

120 2739 222 2801 liciat.
238 2741 431 2804 Benedicti:
446 2743 686 2818 Producam...;
700 2744 922 2821 scriptumest
1014 2743 1062 2802 ils
1083 2741 1221 2818 septimo
1245 2744 1392 2804 ioannes
1414 2742 1449 2803 in
1470 2742 1612 2818 epistola
1629 2764 1636 2802 ε
1654 2745 1771 2804 Ornuis

117 2837 211 2899 enim
232 2839 267 2898 in
285 2838 483 2902 Salomone:
501 2845 574 2904 Per
587 2856 664 2914 oure
678 2843 796 2915 peccat
808 2846 918 2914 boun,
974 2841 1034 2912 oiri
1044 2839 1142 2900 babet
1157 2853 1254 2912 spem
1271 2841 1307 2900 in
1321 2853 1372 2911 eo,
1388 2839 1516 2900 scilicet
1528 2838 1563 2899 in
1576 2841 1654 2910 ileo,
1670 2854 1773 2900 sone

116 2951 187 3009 per
219 2939 292 2998 brac
319 2935 353 2997 et
378 2937 560 3010 torquetur
585 2935 677 3016 (Sap.
706 2953 754 3010 xl,
778 2937 842 3018 17).
870 2939 920 3001 Oh
974 2935 1081 3007 itticot
1096 2950 1145 3006 se,
1171 2935 1261 2997 sicui
1282 2935 1316 2997 et
1330 2939 1385 2996 ide
1404 2936 1546 2998 sanctus
1561 2937 1614 2998 est
1628 2932 1657 3013 (1
1673 2937 1769 2998 Joan.

121 3033 267 3108 quantus
281 3032 360 3094 tunc
380 3034 444 3095 erit
457 3034 557 3096 timor
570 3035 604 3097 et
617 3037 758 3097 tremori
776 3037 919 3113 quantus
974 3047 1023 3103 ιιι,
1039 3029 1086 3110 3).
1103 3033 1142 3093 in
1164 3031 1315 3094 hocloco
1335 3032 1499 3109 particula
1517 3033 1607 3094 sicut
1621 3048 1688 3094 non
1710 3047 1771 3110 po-

119 3129 188 3189 erit
201 3129 343 3204 gemitus
358 3129 509 3202 cibatus,
526 3131 613 3193 sicut
626 3131 706 3194 dicit
719 3131 781 3193 Job
799 3153 807 3194 ι
826 3136 919 3195 Num
975 3128 1065 3191 nitur
1084 3144 1142 3206 pro
1162 3129 1356 3206 quantitate,
1377 3129 1435 3190 sed
1455 3145 1514 3206 pro
1538 3128 1769 3190 similitudine.

118 3229 153 3287 si
166 3231 334 3289 cmumuce
348 3229 710 3312 coeticontrerniscunt
728 3230 761 3290 et
776 3230 917 3304 pavent,
975 3225 1069 3286 Unde
1083 3226 1134 3287 est
1148 3225 1229 3286 illud
1254 3226 1483 3302 evangelicum
1505 3243 1514 3286 :
1540 3227 1680 3288 «Estote
1694 3240 1778 3303 per-.

118 3323 154 3384 et
175 3325 289 3398 angeli
310 3327 406 3396 pacis
424 3339 545 3386 umere
564 3325 702 3398 flebunt,
722 3328 920 3401 peccatores
973 3339 992 3381 ι
1013 3322 1102 3394 lecti,
1128 3322 1214 3384 sicut
1237 3323 1270 3384 et
1284 3324 1384 3384 Pater
1399 3325 1511 3384 vester
1528 3322 1674 3384 coelestis
1689 3338 1770 3400 per-

117 3420 238 3480 autem
259 3423 340 3493 quid
361 3421 490 3493 socient
504 3420 580 3501 (iob
607 3439 700 3495 xxvi,
723 3422 799 3502 il)t
827 3423 921 3485 Sicut
973 3417 1200 3494 «reclusam
1215 3419 1772 3496 quisolemsuumoririiacltsuper

119 3515 202 3577 dicii
215 3516 321 3576 isaias
337 3533 345 3570 :
360 3517 525 3588 sejustus
548 3521 612 3580 viee
634 3521 835 3592 salvabitur,
852 3523 920 3581 im-
973 3532 992 3575 ι
1013 3514 1117 3577 bonos
1133 3517 1166 3577 et
1179 3515 1286 3577 malos
1296 3517 1328 3577 et
1343 3516 1428 3593 pluit
1439 3517 1656 3592 superjustos
1672 3517 1705 3577 et
1716 3515 1770 3576 in-

115 3616 200 3687 pius
212 3613 246 3674 et
256 3614 419 3685 peccator
428 3617 486 3675 ubi
495 3617 695 3688 parebuntl
719 3619 811 3678 Heni
835 3616 920 3693 proh
973 3629 992 3672 c
1009 3611 1300 3691 justusnlidattb.
1321 3629 1353 3684 v,
1370 3611 1435 3690 45).
1457 3614 1497 3674 Εῖ
1520 3612 1598 3689 quia
1621 3612 1699 3674 talis
1718 3614 1769 3674 esi

119 3709 234 3770 dolori
252 3709 649 3788 quantumeritplanctus
665 3713 851 3775 etuiuiatus
866 3712 919 3773 his
973 3710 1067 3787 pater
1092 3709 1213 3781 vester,
1234 3707 1360 3770 debetis
1381 3712 1592 3772 contemnere
1620 3710 1770 3771 carnalia

120 3806 179 3883 qui
208 3805 300 3867 nulio
331 3807 478 3868 tonitruo
510 3811 588 3870 sunt
614 3808 812 3871 fulminandi
829 3830 836 3868 ε
853 3810 917 3880 ite,
974 3805 1150 3877 desideria,
1172 3821 1245 3883 quse
1267 3805 1422 3874 militant,
1438 3807 1535 3879 idest,
1549 3807 1697 3883 pugnant
1710 3806 1772 3868 ad-

119 3905 302 3976 nantecltcti
317 3907 354 3964 in
366 3907 482 3980 ionem
496 3905 668 3967 oeternum
682 3905 813 3984 (Metili.
836 3921 916 3978 xxv,
973 3917 1089 3964 versus
1107 3902 1252 3964 animam
1270 3924 1277 3962 :
1291 3904 1610 3966 «conversationem
1623 3905 1769 3965 vestram

118 4000 185 4078 ll).
199 4004 304 4061 Amen
318 4000 391 4062 dico
403 4001 497 4062 vohis
512 4001 607 4062 ibunt
620 4002 655 4062 hi
672 4002 706 4062 in
720 4002 918 4079 supplicium
972 4015 991 4059 c
1013 3999 1102 4062 inter
1121 4001 1238 4076 gentes
1264 3998 1384 4062 bonam
1409 4000 1537 4073 babela,
1566 4002 1602 4063 ui
1620 4001 1770 4063 videntes

119 4100 294 4169 aternum,
318 4113 379 4159 nec
401 4098 539 4162 exibunt
552 4099 640 4170 inde,
658 4099 763 4161 donec
788 4099 920 4161 solvant
973 4113 991 4155 ι
1013 4098 1234 4174 operavestra
1249 4096 1335 4158 hona
1348 4097 1536 4173 glorificent
1551 4098 1772 4158 Patremves·

121 4195 317 4256 universum
332 4193 478 4256 debitum
492 4197 591 4257 etiam
603 4212 706 4273 nsque
718 4197 759 4256 ad
773 4197 919 4258 novissi·
972 4210 992 4254 c
1013 4195 1100 4256 trum
1114 4194 1215 4271 quiin
1228 4193 1322 4255 coelis
1335 4196 1422 4255 est».
1434 4193 1467 4271 (l
1477 4195 1547 4255 Pet.
1561 4208 1598 4264 ιι,
1612 4193 1676 4272 12).
1690 4195 1770 4254 Cum

119 4307 212 4352 mum
234 4291 461 4368 quadrantem,
479 4291 535 4353 ubi
548 4293 612 4354 erit
625 4293 722 4355 fietus
738 4293 772 4355 et
796 4294 920 4356 stridor
972 4289 1062 4352 enim
1086 4291 1208 4367 impius
1230 4289 1272 4350 ab
1294 4290 1464 4366 impietate
1478 4291 1693 4362 convertitur,
1710 4305 1770 4366 pro

120 4388 280 4450 dentium.
309 4389 421 4450 Fletus
443 4391 552 4451 autem
575 4406 617 4451 ex
644 4389 733 4465 ignis
755 4391 867 4452 calore
885 4395 919 4452 et
972 4388 1062 4450 certo
1077 4387 1191 4448 dicare
1206 4387 1323 4464 petest,
1338 4401 1405 4448 non
1420 4403 1492 4447 sum
1508 4386 1606 4464 quod,
1628 4386 1770 4460 sueram,

119 4485 212 4547 sumo
226 4485 401 4558 excitatur,
419 4486 541 4548 stridor
555 4502 635 4549 vero
656 4503 699 4548 ex
722 4486 856 4562 frigore.
880 4489 919 4550 iit
973 4483 1062 4560 quia,
1086 4481 1252 4555 videlicet,
1273 4497 1340 4544 non
1356 4483 1407 4546 esi
1422 4481 1574 4560 inculpa,
1589 4483 1667 4546 licet
1681 4484 1770 4548 idem

119 4583 168 4644 ibi
185 4583 236 4644 esi
253 4583 405 4659 gehenna
427 4583 485 4644 illa
504 4582 781 4660 inextinguibilis,
806 4584 861 4645 cui
889 4583 918 4645 si
973 4581 1062 4642 sitin
1076 4580 1208 4652 natura,
1225 4579 1406 4642 seeundum
1420 4579 1503 4642 illud
1516 4581 1768 4658 propheticum:

117 4682 225 4744 tetum
257 4696 349 4742 mare
379 4680 479 4743 stiam
509 4680 678 4753 inlinatur,
709 4681 796 4743 sicut
826 4682 918 4758 gutta
978 4679 1077 4741 Verte
1096 4679 1220 4752 impios
1241 4678 1275 4738 et
1296 4691 1365 4739 uon
1390 4676 1767 4757 ambularemus).

118 4778 262 4855 aquaein
272 4779 403 4839 camino
414 4777 525 4840 statim
535 4780 734 4850 assumetur,
751 4780 784 4839 et
793 4778 917 4855 glacies
971 4779 1056 4838 Hoec
1070 4774 1121 4836 est
1135 4776 1283 4837 mutatio
1303 4775 1460 4836 materne
1473 4777 1612 4836 Eaceist
1634 4772 1703 4852 (Ps.
1716 4778 1768 4848 76,

118 4874 361 4938 indissolubilis
387 4875 480 4947 adeo,
511 4875 597 4953 quod
629 4875 658 4936 si
689 4875 789 4936 etiarn
823 4891 917 4936 mons
973 4870 1036 4949 11).
1065 4873 1124 4933 Est
1159 4886 1240 4946 ergo
1271 4869 1343 4933 haec
1374 4871 1588 4933 commutatio
1624 4871 1770 4932 dexterae

118 4972 240 5048 igneus
263 4972 504 5044 immitteretur,
522 4973 679 5034 continuo
699 4972 917 5047 extinguere·
972 4967 1105 5040 Excelsi
1131 4967 1290 5038 tribuere,
1311 4966 1451 5035 scilicet,
1473 4968 1606 5029 terrena
1621 4984 1682 5045 pro
1697 4983 1768 5028 coe-

117 5071 185 5131 tur.
205 5069 406 5132 Transibunt
426 5068 516 5131 enim
544 5068 586 5130 ab
608 5068 703 5145 aquis
727 5068 854 5131 nivium
876 5068 917 5129 ad
972 5063 1121 5135 lestibus,
1138 5063 1326 5140 corporalia
1340 5079 1401 5141 pro
1416 5063 1658 5140 spiritualibus,
1672 5065 1769 5124 uan-

118 5166 265 5228 calorem
278 5165 427 5237 nimium,
443 5165 576 5241 propter
590 5164 676 5241 quod
688 5165 752 5226 erit
765 5165 811 5226 ihi
820 5163 917 5226 fletus
972 5161 1088 5222 sitoria
1102 5174 1161 5236 pro
1173 5159 1317 5222 aeternis.

118 5265 155 5324 et
174 5261 298 5324 stridor
314 5262 472 5324 dentium.
493 5261 674 5338 Propterea
698 5261 820 5322 clamat
839 5277 918 5338 pro-
1012 5259 1095 5318 Ecce
1116 5257 1315 5328 invenimus,
1329 5255 1461 5328 iratres,
1473 5271 1574 5318 unam
1586 5256 1765 5333 pretiosam

119 5359 220 5438 pheta
241 5358 343 5420 David
360 5380 367 5418 :
385 5360 438 5420 Ne
461 5359 573 5418 intres
594 5361 632 5418 in
646 5359 818 5428 judicium
839 5373 918 5419 curn
972 5353 1196 5429 margaritam.
1225 5353 1341 5414 Venite
1373 5367 1453 5428 ergo
1479 5355 1513 5414 et
1538 5367 1767 5429 comparemus

117 5470 223 5520 servo
237 5456 307 5526 tue,
321 5457 401 5531 quia
417 5453 744 5528 nonjustiticaditur
754 5456 791 5514 in
814 5469 916 5524 conse
971 5449 1076 5512 illam.
1090 5451 1140 5513 Ne
1150 5449 1294 5511 timeatis
1307 5448 1347 5510 de
1361 5449 1478 5526 pretio.
1488 5450 1563 5510 Non
1574 5449 1663 5510 enim
1673 5463 1768 5526 opor·

115 5553 222 5632 pactu
248 5551 305 5613 tuo
325 5553 438 5614 munis
462 5553 583 5613 vinens
611 5547 681 5629 (Rs.
713 5551 781 5620 142,
810 5546 856 5628 2).
879 5551 918 5611 Si
970 5545 1017 5608 tet
1046 5563 1106 5608 nos
1132 5546 1242 5609 omnia
1272 5545 1416 5608 vendere
1442 5547 1483 5608 ad
1509 5547 1767 5624 comparandam
