4234 6442
301 271 362 331 503
920 263 1098 336 HONORII
1120 263 1165 324 111
1186 263 1335 326 OPERA·
1916 264 1965 326 501

302 427 461 499 mentum,
470 421 702 489 etsoandalum
713 422 931 500 plurimorum
943 421 1099 484 videlicet
1192 423 1297 484 Justis
1321 419 1515 499 petentium,
1536 419 1612 494 etc,
1643 434 1767 496 usquc
1796 420 1966 498 complere.

303 519 1097 592 archidiaconatumunuminecclesiaGatarien.,
1153 521 1350 598 llapropter,
1378 519 1453 591 etc,
1484 533 1592 593 acque
1622 533 1793 580 assensu.
1824 517 1967 581 Decimae

303 623 337 684 et
349 621 523 700 quemdam
539 621 638 683 etiam
654 619 837 697 prioratum
861 618 1099 681 monachorum
1152 618 1220 680 tam
1249 615 1429 688 novalium,
1457 631 1556 693 quam
1578 615 1731 678 aliarum
1759 616 1968 678 terraruma

303 719 533 794 nigrorum,ac
544 718 689 796 quinque
699 716 751 778 vel
765 716 879 794 plures
890 714 1100 792 parochiales
1153 715 1355 778 monasterio
1368 715 1479 776 restro
1497 714 1574 776 ante
1592 713 1764 790 generale
1787 713 1965 776 Concilium

304 815 475 887 ecclesias,
491 817 525 877 et
539 815 690 893 quaedam
710 814 788 885 alia,
815 829 889 892 quae
913 827 1099 874 consueve·
1153 811 1363 874 rationaliter
1388 813 1421 873 et
1448 811 1558 888 quiete
1584 811 1775 889 possessis,
1811 812 1900 872 sicul
1919 827 1966 872 eas

303 913 516 975 rantclericls
525 912 741 974 saecularibus
752 911 929 988 assignari.
939 910 1100 983 Quocirca
1149 913 1239 988 juste
1252 925 1291 972 ac
1306 909 1443 988 pacidce
1454 909 1644 986 possidetis,
1661 908 1782 981 vohis,
1802 909 1838 969 et
1851 923 1965 986 perros

305 1006 501 1069 discretioni
529 1008 649 1069 vestrae
673 1005 939 1084 perApostolica
960 1004 1101 1092 ¹scripta
1154 1007 1357 1070 monasterio
1393 1008 1503 1069 vestro
1537 1007 1746 1069 auctoritate
1782 1006 1966 1082 Apostolica

305 1105 512 1177 mandamus,
544 1107 718 1182 quatenus,
743 1105 870 1166 vocatis
894 1103 951 1181 qui
976 1101 1103 1164 luerint
1156 1105 1401 1168 confirmamus.
1414 1103 1602 1166 Districtius
1618 1103 1838 1176 inhibentes,
1852 1104 1965 1180 nequis

304 1202 475 1275 evocandi,
499 1203 533 1264 et
558 1203 720 1280 inquisita
743 1217 843 1280 super
866 1201 909 1262 iis
925 1201 1055 1278 plenius
1070 1201 1103 1262 et
1156 1219 1215 1266 vos
1230 1217 1330 1280 super
1339 1203 1408 1264 illis
1419 1203 1599 1278 praesumat
1610 1201 1768 1264 indebite
1782 1200 1965 1262 molestare.

304 1299 436 1376 cognita
449 1298 600 1373 ueritate,
618 1299 647 1361 si
670 1298 765 1360 robis
786 1298 973 1361 constiterit
993 1297 1102 1374 ipsum
1156 1301 1250 1363 Nulli
1265 1316 1356 1377 ergo,
1376 1300 1453 1370 etc..
1478 1300 1602 1364 nostrae
1624 1297 1919 1369 confirmatioms,
1940 1299 1966 1359 et

225 1439 227 1442 ψ
305 1411 379 1458 esse
399 1397 596 1458 canonicum
620 1397 822 1473 regularem,
837 1410 912 1457 cum
933 1395 970 1456 in
984 1393 1104 1456 salutis

305 1494 452 1572 propriae
476 1494 640 1556 redundet
654 1493 863 1572 dispendium
881 1495 997 1573 contra
1014 1490 1104 1554 beati

303 1591 481 1668 Augustini
520 1593 672 1669 regulam
715 1590 906 1668 hujusmodi
940 1589 1104 1652 beneficia

263 1680 269 1690 '
305 1687 477 1763 obtinere,
515 1690 623 1767 ipsum
658 1689 882 1768 appellatione
920 1688 1104 1766 postposita

307 1787 459 1864 spolietis
493 1789 631 1861 eisdem,
659 1788 752 1850 illum
777 1787 966 1850 contentum
994 1784 1105 1847 oillcio

308 1883 489 1947 decanatus
516 1886 665 1948 residere
687 1887 724 1947 in
754 1884 899 1947 claustro
925 1883 1110 1946 monitione·

306 1981 480 2057 praemissa
492 1998 550 2059 per
560 1997 734 2044 censuram
745 1981 1005 2044 ecclesiasticam
1016 1995 1108 2042 com-

307 2077 483 2154 pellentes.
499 2079 613 2141 Testes
629 2079 751 2152 autem,
778 2080 853 2152 etc,
871 2078 972 2141 nullis
987 2078 1107 2141 litteris

310 2173 517 2237 obstantibus
527 2177 649 2254 praeter
659 2192 831 2240 assensum
844 2176 1004 2253 partium.
1015 2174 1107 2249 Quod

309 2272 339 2333 si
350 2287 416 2334 non
432 2289 558 2345 omnes,
572 2275 648 2348 etc,
658 2273 722 2336 duo
735 2274 892 2345 restrum,
909 2274 973 2336 etc.
989 2273 1107 2335 Datum

307 2368 427 2443 Alatri,
441 2373 478 2431 13
493 2370 561 2434 kal.
576 2371 730 2445 octobris,
746 2386 833 2434 anno
845 2371 1001 2434 secundo.

634 2551 782 2639 XXXII

386 2703 605 2764 Adabdctem
627 2703 660 2764 cl
684 2703 890 2764 conventum
908 2705 1026 2764 Dotem.

593 2833 628 2890 Ἠ
644 2839 716 2906 sept.
733 2834 811 2891 llll.

352 2938 461 3002 [begeat.
477 2938 522 2989 lib.
535 2940 567 2998 ll,
578 2939 653 3003 epist.
664 2939 719 2989 olo.
731 2939 789 2989 llss.
805 2941 842 2990 La
851 2939 929 2989 Porto
939 2938 975 2988 dn
985 2937 1078 3003 Thali]

377 3037 533 3096 Conllrmat
542 3034 770 3110 jurisdictionem
785 3037 814 3095 in
832 3036 923 3112 burgo
938 3037 1039 3096 Dolen.

350 3163 529 3235 Honorius,
544 3164 622 3236 etc,
637 3163 766 3225 dilectis
780 3163 858 3224 liliis
869 3162 981 3225 abbati
994 3163 1027 3225 et
1037 3178 1112 3224 con-

310 3259 425 3322 ventui
440 3261 634 3323 monasterii
649 3260 764 3323 Dolen.

349 3358 453 3421 Justls
479 3359 659 3436 petentium
686 3358 872 3431 desideriis,
900 3359 975 3431 etc,
1004 3372 1112 3432 usquc

311 3456 487 3532 complere.
518 3458 564 3517 Ea
592 3456 738 3535 propter,
770 3455 882 3518 dilecti
908 3455 944 3518 in
973 3457 1111 3518 Domino

310 3553 504 3621 illliveslris
510 3554 622 3631 justis,
633 3555 708 3627 etc,
722 3569 828 3628 usquc
839 3569 989 3615 assensu.
1001 3553 1113 3615 Liber-

310 3651 411 3713 tatem
430 3650 528 3726 burgi
543 3650 657 3713 Dolen.
675 3653 709 3712 et
721 3651 937 3729 temporalem
952 3651 1113 3729 jurisdic-

309 3748 435 3810 tionem
463 3765 563 3826 quam
598 3749 728 3810 habetis
756 3749 792 3809 in
820 3749 904 3824 ipso,
936 3749 1022 3811 sicut
1056 3765 1113 3810 eas

126 3881 129 3889 -
220 3871 227 3883 ν
307 3845 398 3922 juste
420 3860 459 3906 ac
473 3843 611 3921 pacifice
628 3843 795 3915 obtinetis,
811 3843 916 3918 vobis,
936 3847 969 3907 et
981 3863 1041 3923 per
1054 3861 1113 3908 uos

312 3943 515 4004 monasterio
552 3943 664 4003 restro
699 3941 897 4004 auctoritate
922 3943 1113 4020 apostolica

313 4039 558 4112 confirmamus,
576 4039 758 4102 districtius
774 4039 961 4102 inhibentes
981 4042 1113 4118 nequis

312 4153 371 4199 uos
383 4154 482 4215 super
491 4138 559 4199 illis
570 4139 750 4216 praesumat
763 4136 909 4200 indebite
920 4138 1111 4201 molestare.

312 4235 404 4296 Nulli
420 4251 510 4311 ergo,
528 4237 603 4309 etc,
618 4250 725 4311 usque
746 4237 868 4298 nostrae
883 4235 1113 4299 confirmatio-

312 4333 364 4393 nis
386 4333 578 4410 inlringere,
591 4334 643 4396 vel
659 4335 701 4406 ei,
715 4333 791 4406 etc,
803 4349 911 4408 amque
932 4335 1112 4397 contraire.

314 4431 447 4508 Siquis
471 4433 592 4503 autem,
613 4447 721 4505 usque
745 4430 969 4492 incursurum.
994 4433 1114 4494 Datum

312 4527 483 4589 Ferentini
496 4529 527 4588 X
541 4527 609 4588 kal.
624 4527 767 4589 octobris
780 4542 868 4589 anno
884 4529 1042 4591 secundo.

631 4714 799 4801 XXXIII

242 4872 249 4886 ’
353 4869 406 4929 Ac
426 4867 630 4930 abbatemet
651 4867 857 4929 corzoentunc
871 4867 1077 4930 monosterii

652 4968 770 5027 Dolcn.

604 5078 639 5137 aa
658 5085 729 5152 sept.
746 5077 825 5136 rna
902 5057 905 5062 '

361 5187 470 5251 [Regest.
485 5185 530 5236 lib.
538 5185 569 5245 ll,
581 5186 656 5250 epist.
669 5185 725 5234 olo.
741 5186 799 5236 llss.
811 5185 847 5235 La
858 5186 932 5235 Porto
942 5184 977 5236 du
987 5183 1082 5250 thail]

332 5284 486 5344 Confirmat
506 5284 549 5342 eis
564 5283 692 5341 decimas
707 5290 775 5341 ante
790 5283 948 5342 Concilium
962 5284 1100 5357 generale

636 5385 801 5430 concessas.

355 5498 522 5560 Honorius
546 5497 676 5560 dilectis
691 5498 770 5560 tiliis
789 5497 901 5562 abbati
915 5499 949 5562 et
969 5513 1118 5561 conven-

316 5594 365 5660 tui
375 5595 573 5658 monasterii
589 5597 706 5658 Dolcn.

1158 1397 1378 1471 inhibitionis,
1393 1397 1455 1459 etc.
1469 1397 1505 1458 Si
1523 1397 1598 1475 quis
1620 1396 1752 1468 autem,
1773 1395 1841 1457 etc.
1860 1395 1967 1458 Datum

1158 1495 1344 1570 Ferentini„
1362 1497 1394 1556 Χ
1418 1494 1583 1558 kalendas
1608 1493 1777 1566 octobris,
1805 1507 1896 1556 anno
1917 1507 1964 1552 se-

1159 1593 1280 1656 cundo.

1478 1715 1640 1803 XXXIV

1179 1860 1233 1920 Act
1251 1858 1408 1921 meatem
1434 1857 1469 1920 et
1494 1857 1704 1920 conventum
1735 1856 1944 1918 montanismi
2039 1899 2040 1912 .

1498 1957 1616 2016 Dolcn.

1443 2077 1479 2136 m
1501 2083 1573 2150 sept.
1593 2076 1672 2134 1217.

1216 2192 1327 2259 [Nagmt.
1338 2189 1385 2242 lib.
1399 2192 1429 2251 ll,
1441 2205 1482 2257 ep.
1493 2189 1547 2241 tid.
1557 2191 1613 2241 llss.
1627 2192 1664 2242 La
1675 2191 1760 2242 Porta
1772 2189 1810 2240 du
1823 2186 1916 2248 Theti]

1162 2303 1216 2360 Dat
1225 2306 1394 2375 potestatem
1400 2281 1650 2442 censuflaslerendl
1660 2299 1690 2355 in
1700 2298 1799 2356 laicos
1814 2295 1956 2354 Biturlccn.

1510 2399 1632 2444 insessis.

1201 2505 1398 2577 Honorius,
1420 2503 1501 2576 etc,
1522 2501 1659 2566 dilectis
1675 2503 1761 2564 liliis
1795 2498 1906 2564 abbati
1928 2495 1956 2556 et

1163 2602 1340 2665 conventui
1353 2600 1548 2664 monasterii
1561 2601 1676 2663 Dolen.

1203 2702 1333 2776 Quanto
1357 2699 1595 2762 monasterinm
1614 2698 1768 2760 restrum
1787 2692 1953 2775 specialius

1163 2798 1204 2859 ad
1213 2797 1436 2874 apostolicam
1446 2789 1950 2873 Sedempertlneredignoscitur,

1163 2896 1254 2957 tanto
1276 2894 1457 2956 studiosius
1471 2893 1503 2955 ei
1525 2893 1640 2955 contra
1662 2891 1914 2971 oppressionum
1927 2885 1953 2945 el

1163 2992 1364 3070 injuriarum
1398 2991 1567 3054 molestias
1592 2991 1774 3068 providere
1804 2989 1949 3049 tenemur.

1164 3090 1249 3169 Hinc
1260 3091 1311 3151 est
1324 3089 1408 3166 quod
1425 3087 1519 3150 uobis
1538 3087 1739 3150 auctoritate
1752 3081 1950 3164 praesentium

1164 3183 1385 3260 Indulgemus,
1401 3184 1437 3244 ut
1452 3185 1498 3256 tu,
1515 3182 1564 3244 llll
1579 3180 1681 3244 abbas
1696 3197 1740 3243 ac
1755 3185 1949 3242 successores

1164 3282 1224 3355 tui,
1241 3281 1276 3344 in
1288 3279 1586 3344 laicosBituricen.
1603 3279 1772 3351 dioecesis,
1788 3274 1880 3339 uobis
1902 3285 1950 3330 su·

1165 3395 1225 3456 per
1237 3379 1442 3452 hominibus,
1450 3377 1729 3457 possessionibus,
1746 3371 1888 3438 antaliis
1900 3381 1947 3428 ec·

1166 3477 1277 3540 clasiae
1302 3477 1424 3538 vestrae
1439 3476 1536 3538 bonis
1555 3475 1697 3552 injurias
1713 3470 1902 3536 inferentes,
1922 3461 1944 3522 SI

1165 3574 1231 3636 loci
1243 3574 1454 3636 dioecesanus
1466 3589 1523 3636 eos
1543 3571 1584 3634 ad
1598 3572 1746 3634 debitam
1761 3561 1946 3632 satisfactio·

1167 3689 1242 3734 nem
1271 3687 1390 3748 cogere
1408 3671 1629 3744 recusaverit,
1643 3670 1696 3732 rel
1723 3661 1911 3745 neglexerit,
1931 3669 1946 3715 a

1166 3769 1259 3833 vobis
1270 3770 1389 3846 primo,
1407 3768 1552 3830 secundo
1567 3769 1600 3830 et
1611 3767 1710 3830 tertio
1732 3781 1808 3828 cum
1829 3753 1945 3823 humill-

1166 3868 1233 3930 tate
1244 3865 1355 3928 debita
1369 3865 1674 3944 requlsitus,libere
1686 3862 1829 3926 valeatis
1844 3866 1946 3918 rensu-

1167 3981 1239 4027 ram
1264 3963 1543 4037 ecclesiasticam,
1567 3963 1742 4041 praemissa
1764 3953 1943 4022 mortuone,

1165 4063 1330 4125 'canonica
1345 4063 1517 4123 exercere.
1530 4061 1623 4122 Nulli
1645 4075 1737 4136 erge,
1754 4058 1817 4120 etc.
1840 4051 1873 4113 Si
1885 4044 1944 4124 uuis

1168 4161 1290 4233 autem,
1308 4159 1370 4222 etc.
1380 4159 1499 4220 Datum
1512 4158 1682 4220 Ferentini
1696 4160 1727 4221 X
1738 4150 1890 4219 kalendas
1903 4155 1943 4203 oc

1167 4258 1273 4320 tobris
1289 4256 1546 4320 annosecundo.

1496 4413 1639 4502 XXXV

1223 4569 1277 4630 Ad
1289 4568 1468 4629 ecclesiam
1481 4567 1517 4628 S.
1532 4569 1665 4643 Apnclll
1675 4567 1717 4628 dc
1732 4559 1902 4627 Guarcilw·

1454 4687 1490 4746 25
1509 4694 1581 4761 sept.
1603 4687 1682 4747 till.

1241 4803 1380 4869 [civemn
1393 4797 1555 4868 spanagium
1570 4800 1736 4854 susannam
1747 4799 1800 4858 ras,
1809 4806 1834 4846 n·
1843 4788 1889 4853 llll

1170 4910 1306 4969 Ecclesia
1321 4909 1349 4968 S.
1366 4909 1480 4983 agnelli
1495 4909 1531 4966 de
1546 4909 1688 4967 Guarcino
1702 4901 1879 4982 patrocinium
1888 4902 1937 4984 sus·¹

1206 4999 1284 5072 cipit,
1298 5000 1362 5072 ejus
1375 4998 1573 5071 possessiones
1587 5013 1622 5056 ac
1637 4997 1714 5054 bona
1733 4992 1874 5054 confirmat
1886 4987 1910 5037 et
1920 4989 1939 5030 u

1207 5087 1285 5161 plura
1298 5087 1447 5162 privilegia
1463 5087 1611 5160 elargitur.

1211 5205 1380 5267 Honorius
1388 5203 1575 5282 episcopus,
1583 5219 1701 5266 servus
1710 5207 1871 5264 servorum
1881 5180 1936 5286 Del,

1172 5302 1302 5364 dilectis
1313 5301 1392 5364 liliis
1402 5301 1692 5379 Benedictopriori
1703 5277 1937 5362 ecclesiaessncb

1171 5400 1303 5476 agnelli
1318 5400 1359 5462 de
1374 5399 1553 5472 Guarclno,
1569 5402 1708 5477 ejusque
1722 5391 1867 5459 tratribus
1884 5382 1936 5440 bn

1173 5498 1403 5576 praesentibus,
1420 5513 1519 5575 quam
1535 5497 1654 5560 suturis
1669 5495 1845 5576 regularem
1854 5477 1934 5544 nun

1174 5595 1333 5674 professis
1348 5596 1382 5662 in
1396 5596 1603 5674 perpetuum.

1887 6353 1922 6367 ,Δ

1766 6367 1883 6396 ,μ
