4234 6442
123 233 180 296 tal

159 394 279 457 Datum
300 392 460 471 Anagniae
482 391 577 455 sarto
600 391 669 454 lial.
686 393 760 470 jun.
781 389 920 470 pontiti·

120 494 215 556 catus
230 491 335 556 nostri
350 507 438 554 anno
453 490 572 568 primo.

402 667 642 759 cccxxxii

175 825 228 884 Ad
241 824 410 896 Leprosos
424 821 543 883 Sancti
555 821 683 884 Lazari
697 822 739 882 dc
753 821 871 884 Colore

408 918 442 975 27
462 917 530 974 maii
549 917 642 975 ttli.-
675 967 681 978 .

154 1033 275 1096 [liegest.,
287 1031 333 1084 lib.
345 1032 365 1090 1,
378 1031 453 1098 epist.
466 1030 522 1082 ddi.
535 1033 591 1082 lise.
607 1032 644 1084 La
656 1031 732 1082 Ponte
745 1030 780 1082 du
795 1029 889 1094 Thebi]

123 1151 267 1224 Leprosos
288 1157 318 1207 et
336 1163 437 1207 eorum
455 1148 655 1221 possessiones
674 1147 727 1206 sub
746 1149 922 1222 protectione

376 1239 456 1298 Beati
470 1239 544 1298 Petri
558 1238 667 1312 recipit

164 1363 922 1442 Honorius,etc.‚dilectisflliichprosissanoti

125 1464 243 1526 Lazari
269 1463 309 1525 de
337 1465 452 1536 Coton,
480 1463 620 1524 salutem
644 1461 677 1524 et
698 1461 922 1540 Apostolioam

125 1559 399 1624 benedictionem.

166 1661 272 1732 Quum
283 1675 303 1719 a
316 1657 411 1720 nobis
422 1657 554 1735 petitur,
564 1657 640 1731 etc,
652 1671 759 1732 imptis
769 1671 919 1719 assensu.

126 1759 292 1818 Personas
312 1757 442 1818 vestras
465 1772 539 1818 cum
562 1755 716 1818 omnibns
729 1755 825 1817 bonis
849 1769 923 1833 quaa

124 1855 160 1915 in
190 1853 443 1931 praesentiarum
461 1852 707 1916 rationabiliter
733 1853 921 1929 possidetis,

124 1952 184 2014 aut
199 1951 235 2012 in
250 1949 396 2012 futurum
408 1949 509 2027 iustis
527 1950 633 2012 modis
657 1949 837 2028 praestante
858 1953 924 2011 Do-

16 2031 23 2044 “
126 2050 216 2110 mino
240 2047 390 2125 poteritis
410 2047 562 2124 adipisci,
589 2047 649 2107 sui
673 2045 762 2108 isati
783 2045 873 2108 Petri
891 2046 924 2108 ei

127 2147 241 2208 nostra
264 2144 469 2224 protectIone
497 2143 708 2222 suscipimus,
733 2142 924 2222 specialiter

88 2317 91 2321 .
123 2245 237 2304 autem
249 2239 922 2318 molendinumdecoton,puodOnolrius,

126 2339 388 2402 archimandrita
417 2339 584 2418 quondam
610 2338 716 2401 sancti
740 2337 924 2401 salvatoris

125 2439 167 2500 de
187 2438 337 2510 Mandra,
363 2455 439 2500 cum
456 2438 588 2500 centum
605 2437 779 2498 duodecim
797 2437 924 2498 tarenis

124 2536 221 2598 vobis
232 2535 410 2597 reddendis
425 2534 537 2596 domui
551 2535 670 2597 restrae
687 2533 741 2611 pia
757 2533 924 2595 delibere-

122 2633 216 2694 tione
242 2632 417 2703 concessit,
439 2631 525 2693 sicut
552 2647 592 2692 ea
611 2631 702 2708 juste
721 2647 761 2692 ac
787 2629 925 2709 pacifice

125 2729 314 2808 possidetis,
329 2727 527 2792 auctoritate
538 2727 632 2790 robis
644 2728 834 2806 apostolica
849 2743 925 2789 con·

124 2829 308 2900 firmamus,
338 2827 371 2888 et
396 2827 572 2904 praesentis
599 2826 715 2904 scripti
739 2825 924 2904 patrocinio

124 2917 381 2987 communimus.
398 2923 492 2985 Nulli
505 2938 595 3000 ergo,
613 2925 689 2996 ete,
711 2926 833 2985 nostrae
846 2937 926 3000 pro-

124 3021 280 3084 tectionis
295 3021 329 3083 et
343 3021 615 3094 confirmationis,
640 3021 701 3083 etc.
720 3019 755 3081 Si
770 3019 844 3098 quis
862 3036 926 3080 au-

123 3121 204 3191 tem,
220 3120 281 3182 etc.

167 3217 285 3278 Datum
295 3215 455 3294 Anagniae
468 3216 562 3279 sexto
577 3215 738 3278 kalendas
747 3217 837 3294 Junii
847 3231 926 3294 pon·

126 3314 273 3377 titlcatus
286 3314 389 3377 nostri
403 3329 491 3376 anno
502 3314 620 3392 primo,

396 3513 656 3602 dccxxxlll

124 3669 179 3728 Ad
199 3666 452 3728 monasterium
473 3669 509 3727 8.
529 3667 657 3728 Martia
679 3667 721 3726 dc
745 3665 925 3726 aromaca

327 3766 460 3826 motois
475 3763 724 3824 cisterciensis.

757 230 985 296 EPISTOLAE.
1010 231 1087 290 LIB.
1112 231 1136 290 1.

1712 231 1772 292 422

972 389 1059 452 rium
1073 389 1196 451 sanctae
1206 389 1265 451 Del
1276 387 1448 466 genitricis
1462 391 1495 450 et
1504 388 1644 465 virginis
1655 391 1770 454 Mariae

973 485 1014 548 do
1029 485 1210 557 ldansiade,
1228 487 1262 546 in
1278 501 1343 562 ipio
1364 484 1477 546 divino
1494 485 1674 563 mancipati
1689 488 1771 550 estis

974 583 1142 660 obsequio,
1169 583 1228 644 sub
1243 582 1332 646 beati
1355 582 1446 644 Petri
1461 583 1494 645 et
1510 585 1623 646 nostra
1640 587 1773 662 protec-

974 681 1063 743 tione
1079 681 1277 758 suscipimus
1292 681 1325 742 et
1339 681 1513 760 praesentis
1536 681 1650 759 scripti
1666 683 1773 760 privi-

975 779 1062 855 legio
1077 777 1329 840 communimus.
1344 781 1381 839 ln
1394 779 1510 856 primis
1526 779 1687 856 siquidem
1703 781 1774 841 sta-

974 876 1105 938 tuentes
1126 875 1162 938 ut
1176 875 1256 938 ordo
1276 875 1488 948 monasticus,
1513 876 1568 954 qui
1591 877 1772 939 secundum

976 975 1078 1036 Deum
1089 975 1122 1036 et
1130 973 1219 1036 beati
1230 973 1397 1036 Benedicti
1408 974 1559 1051 regulam
1569 975 1667 1052 atqua
1680 976 1774 1036 insti·

974 1071 1148 1139 tutionem,
1164 1069 1435 1133 Cisterciensium
1449 1071 1589 1134 nauum
1605 1073 1640 1133 in
1658 1073 1773 1135 eodem

976 1167 1180 1232 monasterio
1194 1169 1366 1231 institutus
1377 1185 1452 1230 esse
1467 1169 1683 1246 dignoscitur,
1694 1186 1774 1248 per-

976 1268 1083 1346 petuis
1103 1266 1149 1327 ibi
1170 1266 1373 1344 temporibus
1394 1266 1634 1330 inviolabiliter
1657 1267 1775 1329 obser-

975 1366 1082 1426 vetur.
1104 1365 1270 1427 Praeterea
1291 1381 1514 1442 quascumque
1533 1365 1773 1443 possessiones,

976 1478 1192 1540 quaecumque
1217 1461 1304 1524 bona
1329 1462 1417 1523 idem
1441 1463 1679 1524 monasterium
1705 1463 1773 1524 im-

976 1560 1229 1636 praesentiarum
1250 1561 1341 1637 juste
1369 1559 1402 1622 et
1429 1560 1589 1621 canonice
1617 1559 1773 1638 possidet,

977 1657 1082 1720 autin
1097 1657 1245 1719 futurum
1255 1657 1471 1719 concessione
1482 1657 1692 1729 Pontificum,
1710 1659 1775 1718 lar·

976 1755 1102 1830 gittone
1136 1769 1253 1832 regum
1286 1755 1340 1817 vel
1367 1755 1570 1833 principum,
1607 1755 1776 1818 oblatione

978 1852 1135 1926 fidelium,
1163 1869 1223 1914 seu
1246 1853 1322 1915 aliis
1332 1853 1433 1931 justis
1455 1853 1572 1926 modis,
1598 1855 1776 1932 praestante

978 1951 1127 2022 Domino,
1151 1951 1272 2026 poterit
1295 1949 1445 2027 adipisci,
1470 1949 1566 2012 firma
1580 1950 1675 2012 robis
1698 1967 1777 2012 ves-

977 2047 1104 2124 trisque
1139 2045 1387 2108 successoribus
1414 2047 1448 2108 et
1481 2047 1610 2108 illibata
1638 2063 1775 2125 perma-

977 2145 1089 2206 neant.
1106 2143 1275 2222 inquibus
1294 2144 1367 2206 haec
1381 2144 1525 2221 propriis
1541 2144 1697 2206 duximus
1711 2161 1776 2207 ex-

978 2236 1151 2319 primenda
1170 2241 1367 2303 vocabulis:
1391 2242 1499 2303 locum
1523 2243 1632 2319 ipsum
1655 2243 1777 2321 inquo

978 2339 1152 2418 praeiatum
1175 2340 1416 2401 monasterium
1432 2339 1531 2402 situm
1546 2339 1597 2402 est
1611 2357 1686 2401 cum
1705 2357 1778 2402 om-

978 2437 1075 2498 nibus
1102 2437 1312 2515 pertinentiis
1337 2437 1422 2512 suis3
1451 2437 1492 2499 de
1520 2437 1708 2506 Satbornal,
1737 2439 1777 2500 de

977 2535 1172 2607 Ysallasset,
1187 2535 1228 2596 de
1242 2535 1361 2596 Tribus
1375 2535 1468 2595 Pinls
1481 2535 1514 2595 et
1527 2535 1568 2596 de
1583 2537 1791 2613 Mesayraco‘
1873 2556 1876 2562 ¹

977 2632 1145 2707 grangias,
1174 2645 1249 2693 cuin
1274 2631 1427 2693 omnibus
1449 2631 1660 2708 pertinentiis
1687 2633 1774 2706 suis3

978 2728 1018 2789 da
1033 2727 1214 2799 chalmeto,
1236 2727 1512 2801 deThorenchia,
1540 2728 1581 2790 de
1595 2731 1724 2801 Manso,
1746 2731 1779 2791 et

978 2825 1018 2887 de
1032 2825 1188 2903 Veyrinis
1209 2826 1378 2904 grangias,
1402 2841 1476 2886 cum
1493 2825 1645 2887 omnibus
1669 2827 1777 2904 perti-

978 2923 1101 2985 nentiis
1129 2924 1215 2998 suis3
1250 2923 1290 2984 de
1319 2925 1411 2984 Bono
1444 2925 1564 2996 Fonte,
1601 2924 1641 2985 de
1667 2926 1779 2986 Monte

978 3021 1095 3092 Braco,
1121 3019 1165 3082 de
1178 3019 1361 3098 Blajenato,
1387 3019 1427 3081 ds
1450 3021 1552 3082 croso
1565 3021 1600 3082 et
1621 3020 1661 3082 de
1680 3019 1778 3083 Alta·

977 3117 1049 3180 reto
1070 3118 1247 3196 grangias,
1277 3133 1351 3179 curn
1382 3117 1536 3179 omnibus
1568 3119 1778 3196 pertinentiis

978 3215 1187 3292 earumdem3
1212 3215 1253 3276 de
1276 3217 1395 3287 Becco,
1424 3213 1464 3277 de
1492 3217 1708 3289 Eschasclan,
1738 3218 1779 3279 de

979 3312 1135 3374 valentin
1156 3313 1189 3373 et
1203 3311 1244 3373 de
1259 3313 1358 3373 Serra
1377 3313 1546 3388 grangias,
1574 3329 1649 3374 cum
1665 3314 1777 3375 omni-

978 3407 1041 3472 bus
1056 3408 1267 3486 pertinentiis
1284 3410 1372 3482 suis3
1389 3425 1541 3470 mansum
1561 3410 1705 3472 Montilii
1720 3411 1778 3471 in-

980 3505 1129 3580 ierioris;
1150 3521 1302 3566 mansum
1324 3505 1364 3566 de
1380 3504 1548 3583 Pinlaloy;
1569 3521 1721 3567 mansum
1737 3507 1778 3570 de

979 3603 1076 3677 Cios,
1100 3601 1141 3662 de
1162 3601 1293 3663 Pratlaz
1315 3604 1349 3662 et
1372 3600 1412 3663 de
1428 3601 1566 3663 Sollelat
1580 3604 1613 3663 et
1631 3601 1672 3662 de
1692 3603 1780 3664 Con-

978 3699 1048 3762 iorz
1063 3714 1208 3772 mansos,
1222 3714 1296 3759 cuin
1306 3697 1458 3760 omnibus
1466 3698 1677 3776 pertinentiis
1691 3700 1777 3776 suis3

979 3795 1170 3858 molendina
1185 3795 1226 3858 de
1239 3795 1412 3872 Figueria3
1426 3795 1540 3858 domos
1551 3811 1633 3874 quas
1648 3796 1778 3860 habetis

422 3883 456 3940 :tl
472 3883 539 3939 ΜΠ
553 3883 631 3940 ¹²¹⁷·
979 3895 1014 3955 in
1036 3893 1225 3956 civitatibus
1245 3893 1427 3965 aniciensi,
1455 3894 1656 3967 Mimatensi,
1676 3895 1780 3957 Viva-

273 3995 371 4063 posnis
381 3994 528 4055 enascens,
540 3995 606 4054 xvi,
622 3997 695 4046 inser.
708 3995 775 4060 rio}
979 3992 1082 4054 riensi
1097 3992 1129 4054 et
1144 3991 1178 4052 in
1191 3993 1301 4053 castro
1315 3990 1452 4053 Albensi
1464 4013 1472 4067 ;
1488 3993 1597 4053 terras
1610 3992 1651 4054 de
1662 3993 1776 4054 'moute

126 4104 336 4166 blonasterium
352 4105 380 4162 S.
400 4103 497 4162 llario
515 4103 551 4161 de
570 4103 717 4162 liansiade
731 4105 925 4164 cisterciensis
977 4090 1147 4162 Alasiflssai
1167 4089 1207 4150 de
1219 4089 1334 4161 Ρθᾶὶθ,
1351 4089 1391 4151 de
1407 4089 1510 4161 Roda,
1528 4089 1568 4150 db
1582 4091 1776 4162 Boschalaz,

164 4192 273 4251 ordinis
301 4191 508 4266 protegendum
535 4194 654 4266 suscipit
676 4207 835 4266 omnesque
863 4193 925 4266 ejus
978 4187 1018 4250 de
1045 4189 1149 4249 Ponte
1173 4186 1206 4248 et
1234 4186 1274 4248 de
1304 4185 1524 4257 dumbanera,
1553 4203 1628 4248 cum
1654 4187 1776 4263 pratis,

163 4281 361 4356 possessiones
377 4295 411 4339 so
424 4280 509 4351 bona,
521 4281 585 4354 jura
604 4295 638 4339 aa
653 4281 802 4356 privilegia
819 4281 922 4339 condr-
980 4285 1220 4362 vineisterris,
1232 4283 1434 4355 nemoribus,
1446 4283 1595 4360 usuagiis
1606 4285 1638 4345 et
1646 4285 1779 4362 pascuis

163 4379 231 4430 mdl-
979 4383 1124 4444 inbosco
1140 4382 1173 4444 et
1186 4381 1222 4441 in
1234 4381 1344 4458 plano,
1359 4381 1393 4442 in
1407 4379 1504 4458 aquis
1519 4381 1552 4443 et
1566 4381 1777 4455 molendinis,

167 4481 334 4542 Honorius
369 4480 558 4558 episcopus,
598 4495 715 4542 servus
753 4495 925 4542 servorum
979 4480 1013 4541 in
1024 4479 1130 4542 viiset
1140 4477 1472 4541 semitisctomnibus
1483 4478 1559 4540 aliis
1571 4477 1779 4542 libertatibus

127 4578 199 4645 Dei,
223 4577 352 4640 dilectis
376 4577 454 4639 tiliis
478 4567 589 4639 abbati
612 4565 807 4640 monasterii
826 4579 925 4640 Man·
979 4578 1012 4640 et
1025 4574 1289 4639 immunitatibus
1312 4577 1392 4637 suis.
1411 4578 1499 4638 Sane
1521 4576 1673 4638 laborum
1697 4593 1779 4639 res-

127 4673 231 4732 siadae
257 4676 393 4750 eiusque
416 4674 585 4748 iratribus,
613 4675 681 4737 tam
705 4676 925 4753 praesentibus
978 4677 1116 4748 trorum,
1134 4691 1216 4754 quos
1235 4674 1380 4754 propriis
1396 4673 1550 4735 manibus
1563 4675 1621 4737 aut
1639 4677 1780 4754 sumpti-

129 4783 228 4847 quam
243 4769 372 4840 tuturis,
389 4772 577 4846 regularem
592 4773 694 4836 vitam
707 4773 877 4851 protessis,
890 4775 924 4835 in
978 4772 1041 4835 bus
1064 4773 1184 4846 colitis,
1209 4771 1249 4834 da
1269 4771 1533 4850 possessionibus
1559 4771 1682 4835 habitis
1703 4773 1781 4836 anta

129 4865 335 4944 perpetuum.
979 4871 1162 4932 Concilium
1180 4871 1346 4947 generale,
1373 4871 1443 4931 sive
1470 4869 1511 4930 de
1530 4870 1636 4933 hortis
1658 4871 1690 4932 et
1704 4871 1779 4958 vip-

169 4961 373 5038 Religiosam
403 4962 505 5026 sitam
534 4965 733 5041 eligentibus
758 4969 927 5047 Apostoli·
979 4969 1080 5045 gultis
1095 4969 1127 5031 et
1141 4967 1380 5045 piscationibus
1396 4967 1527 5038 vestris,
1543 4967 1597 5028 rel
1611 4967 1652 5028 de
1669 4969 1781 5030 nutri-

128 5077 203 5124 cum
231 5059 386 5122 convenit
408 5059 524 5122 edesse
546 5064 748 5139 praesidium,
774 5081 816 5127 ne
842 5065 925 5128 forte
980 5065 1100 5127 mentis
1110 5064 1304 5125 animalium
1317 5066 1515 5142 vestrorum,
1540 5064 1597 5126 aut
1620 5065 1719 5126 etiam
1740 5065 1779 5126 de

127 5157 306 5237 cujuslibet
331 5157 528 5220 temeritatis
556 5159 711 5223 incursus
740 5165 797 5224 aut
822 5179 880 5225 eos
906 5180 925 5225 a
979 5161 1155 5226 novalibus
1182 5163 1294 5223 nullus
1318 5179 1337 5223 a
1361 5160 1456 5223 vobis
1478 5162 1625 5224 decimas
1644 5162 1779 5240 exigere

127 5255 297 5334 proposito
322 5255 467 5328 revocet,
493 5256 551 5319 aut
576 5257 688 5328 robur,
717 5259 803 5336 quod
827 5260 924 5334 absit,
979 5263 1032 5324 vel
1056 5262 1254 5338 extorquere
1286 5260 1474 5339 praesumat.
1511 5260 1625 5324 Liceat
1648 5279 1779 5341 quoque

129 5367 234 5414 sacrae
252 5351 425 5428 religionis
440 5351 611 5430 infringat
638 5355 684 5416 Ea
705 5356 848 5432 propter,
869 5357 925 5418 di·
979 5359 1073 5422 vobis
1085 5359 1224 5421 clericos
1233 5359 1285 5420 vel
1296 5357 1410 5429 laicos,
1421 5358 1543 5420 liberos
1553 5361 1586 5421 et
1597 5357 1776 5434 absolutos,

130 5450 206 5512 lecti
220 5450 255 5510 in
270 5450 409 5512 Domino
425 5451 497 5524 dlii,
523 5451 642 5514 vestris
653 5452 754 5529 justis
778 5455 928 5530 postula·
980 5458 1118 5520 eseculo
1132 5457 1306 5534 fugientes,
1319 5456 1360 5517 ad
1367 5457 1618 5518 conversionem
1629 5459 1778 5536 recipere

129 5545 274 5609 tionibus
289 5546 469 5611 clementer
487 5549 677 5623 annuimus,
703 5553 736 5612 et
759 5553 928 5614 monaste
980 5554 1211 5634 eteosabsque
1226 5554 1487 5618 contradictione
1499 5555 1776 5634 aliquaretinere.
