4162 6424
92 325 156 428 sn

465 531 532 622 XL

87 686 150 750 Aa
168 687 321 750 abactam
343 689 384 748 de
409 688 601 758 Gratidiam,
618 683 893 758 archipresbyte-

138 801 220 847 rum
247 788 289 845 dc
302 784 475 846 Mastnctto
489 785 523 846 et
537 783 746 859 magistram
764 785 895 843 sobolo-

138 895 219 940 rum
233 880 399 942 Xaatclon.

390 983 426 1042 30
435 989 508 1056 sept.
521 980 600 1044 lali.

130 1097 242 1162 [aegest.
258 1097 302 1148 lib.
315 1097 346 1156 ll,
359 1096 433 1162 epist.
445 1099 503 1148 aba.
514 1099 572 1148 llss.
583 1099 620 1148 La
632 1098 709 1148 Porta
724 1095 758 1146 du
768 1095 863 1160 Thala]

89 1204 215 1263 Mandat
229 1213 259 1262 ut
273 1204 400 1263 decanus
412 1205 648 1278 burdigalensem
665 1203 695 1260 in
716 1201 894 1260 sacerdotem

336 1292 462 1351 ordinari
477 1293 659 1366 compellant.
714 1333 717 1338 ,

137 1411 316 1482 Honorius,
346 1410 422 1483 etc,
450 1410 579 1474 dilectis
607 1409 686 1470 liliis
717 1407 829 1470 abbati
855 1406 895 1469 de

88 1508 267 1568 Grandim.
297 1508 503 1570 xanctonen.
529 1507 680 1579 dioecesi,
706 1506 896 1582 archipres-

87 1601 213 1680 bytero
237 1605 278 1666 de
295 1604 508 1679 Mastadio...,
530 1607 564 1668 et
584 1604 743 1681 magistro
758 1601 894 1664 schola-

88 1718 173 1762 rum
188 1703 352 1764 xancton.

133 1799 285 1860 Dilectus
314 1800 403 1861 tilius
422 1805 460 1862 A.
477 1800 689 1876 Burdigalen.
716 1798 896 1860 canonicus

84 1897 222 1957 nostris
236 1897 373 1958 auribus
384 1898 560 1970 intimavit,
574 1897 659 1975 quod
675 1897 753 1958 licet
763 1899 798 1957 L.
811 1899 898 1957 Bur-

81 1993 244 2069 digalen.
261 1993 406 2054 decanus
421 1997 492 2072 jam
508 2011 527 2056 a
544 1994 718 2056 duodecim
740 1993 836 2054 annis
864 1993 897 2054 et

83 2093 187 2152 ultra
214 2091 400 2168 possederit
432 2091 647 2164 decanatum,
671 2106 760 2167 saepe
785 2091 896 2151 tamen

85 2178 244 2250 monitus
273 2189 381 2252 noluit
409 2190 446 2250 in
467 2189 696 2267 presbyterum
734 2187 894 2249 ordinari.

85 2288 175 2366 Cum
187 2286 292 2362 igitur
306 2287 341 2347 in
357 2287 575 2348 Lateranensi
597 2286 739 2348 concilio
759 2285 897 2362 provida

84 2384 198 2446 luerit
210 2383 449 2446 deliberatione
461 2384 631 2456 statutum,
644 2383 682 2445 ut
691 2382 807 2444 decani
821 2383 905 2442 tun-.

83 2483 220 2560 gantur
244 2481 354 2543 cilicio
381 2479 574 2553 sacerdotis,
600 2481 793 2543 discretioni
815 2495 897 2542 res-

82 2585 151 2644 trae
166 2596 231 2658 par
241 2579 430 2656 apostolica
446 2579 568 2656 scripta
582 2577 787 2650 mandamus,
812 2593 897 2654 qna-

81 2687 192 2742 tenus
209 2677 383 2756 praetatum
406 2677 569 2738 decanum
584 2677 620 2739 ut
641 2676 715 2737 sine
738 2675 898 2738 dilatione

87 2774 260 2855 qualibet,
278 2773 408 2836 statutis
427 2773 643 2850 temporibus,
656 2789 691 2835 se
707 2773 742 2834 in
760 2772 899 2850 presby-

81 2879 206 2938 terum
226 2872 328 2934 iaciat
342 2872 503 2944 ordinari,
520 2872 701 2934 monitione
712 2872 896 2948 praemissa,

81 2989 146 3051 per
162 2969 431 3032 subtractionem
452 2969 606 3031 beneficii
627 2969 820 3039 decanatus,
840 2985 899 3030 su-

82 3071 180 3132 blato
209 3067 445 3144 appellationis
467 3067 653 3140 obstaculo,
678 3066 895 3144 compellatis.

85 3170 210 3229 Testes
226 3165 348 3237 autem,
374 3167 450 3238 etc,
473 3166 575 3227 nullis
594 3165 715 3229 litteris
735 3165 899 3227 obstanti-

87 3267 154 3328 bus
195 3263 321 3341 praeter
356 3279 528 3325 assensum
562 3265 717 3342 partium.
748 3264 839 3335 Quod
869 3262 897 3323 si

88 3379 159 3426 non
176 3376 307 3433 omnes,
324 3361 399 3432 etc,
412 3361 477 3422 duo
493 3362 651 3423 vestrum.
679 3363 798 3422 Datum
814 3360 897 3421 ala-

87 3463 145 3534 tri,
166 3463 206 3521 13
223 3457 384 3520 kalendas
395 3457 539 3520 octobris
554 3473 644 3519 anno
659 3456 816 3519 secundo.

456 3626 543 3714 XLI

112 3781 167 3840 Ad
184 3776 342 3838 abactam
356 3779 390 3837 S.
407 3776 652 3838 aartnotomoet
669 3777 828 3837 Noctem.
845 3775 879 3835 ct

175 3877 213 3938 S.
231 3876 334 3952 Ettptt
351 3874 474 3934 Pontis
488 3875 644 3934 dtoeccsta
657 3873 817 3936 Noctem.

339 4082 342 4089 Ι
390 3995 609 4068 sucepsisti.

125 4112 249 4176 [begeat.
262 4109 307 4160 lib.
318 4109 351 4172 ll,
365 4108 441 4174 epist.
451 4109 504 4160 cot.
519 4109 576 4162 llas.
590 4109 627 4160 La
637 4110 714 4160 Porta
726 4109 761 4160 du
773 4108 866 4173 mea]

92 4221 152 4276 Eos
167 4214 317 4273 constitnit
328 4213 439 4287 judiees
456 4215 542 4288 super
561 4213 713 4287 praebenda
727 4215 758 4272 iu
776 4214 898 4273 eeclesia

304 4305 400 4364 Sancti
412 4303 546 4362 Germani
558 4303 693 4362 ambian.

134 4422 307 4484 Honorius
339 4421 470 4483 dilectis
502 4421 580 4482 liliis
610 4421 723 4482 Sancti
752 4421 898 4482 Bartho-

92 4521 208 4580 lomaei
227 4520 380 4582 Noviom.
400 4521 432 4583 ct
453 4519 567 4581 Sancti
585 4519 685 4596 Eligit
705 4517 819 4580 Pontis
839 4517 900 4579 ab·

93 4617 241 4688 batibus,
268 4619 301 4679 et
314 4617 419 4694 priori
440 4617 552 4680 Sancti
575 4617 674 4694 sligii
690 4616 804 4679 Pontis
828 4617 899 4678 No-

94 4713 242 4772 viomen.
260 4714 424 4776 dioecesis.

136 4808 259 4870 Dilecti
279 4809 376 4869 lilii...
400 4809 514 4878 abbas,
531 4812 564 4872 et
583 4812 765 4873 conventus
785 4809 898 4872 Sancti

94 4905 264 4968 Jolmnnis
287 4904 481 4966 ambianen.
499 4909 829 4971 Praemonstratensis
848 4923 899 4970 or·

96 5003 198 5074 dinis,
225 5003 421 5062 transmissa
437 5001 533 5064 nobis
549 5005 706 5080 petitione
728 5005 897 5066 monstra-

97 5101 193 5173 runt,
222 5093 427 5177 quodquam
448 5101 545 5177 juxta
573 5102 784 5180 privilegium
813 5103 898 5179 quod

97 5198 305 5260 monasterio
329 5198 640 5260 praemonstratensi
663 5215 776 5260 eorum
798 5200 898 5277 capiti

100 5312 119 5356 a
137 5295 221 5357 Sede
235 5295 427 5372 apostolica
439 5296 473 5358 et
485 5296 565 5373 ipsis
581 5311 600 5358 a
619 5295 715 5358 bonae
729 5298 899 5359 memoriae

100 5395 136 5454 P.
153 5393 242 5454 tituli
259 5393 374 5456 Sancti
388 5393 550 5466 Marcelli,
574 5393 767 5472 presbytero
788 5395 901 5456 cardi·

102 5490 182 5562 nali,
198 5493 278 5553 tunc
293 5493 493 5570 apostolicas
510 5492 604 5554 Sedis
625 5492 744 5568 legato,
770 5493 901 5570 spacia-

101 5587 178 5649 liter
193 5590 244 5650 est
259 5589 433 5661 indultum,
449 5593 487 5654 ut
503 5591 669 5656 incorum
694 5590 844 5654 ecclesiis
859 5590 900 5651 de

103 5685 173 5744 suis
200 5688 371 5750 canonista
405 5689 580 5751 instituant
607 5688 812 5766 capellanos,
843 5687 900 5764 qui

725 361 952 424 EPISTOLAE.
977 360 1054 420 lna.
1079 358 1118 418 11.

1690 359 1748 417 sla

949 518 1137 581 dioecesano
1150 516 1213 578 loci
1230 516 1270 578 de
1285 516 1524 594 spiritualibus,
1541 516 1652 578 abbati
1668 533 1747 580 vero

949 617 989 677 de
1002 614 1241 692 temporalibus
1259 613 1401 678 debeant
1423 614 1641 690 respondera;
1659 615 1746 678 idern

949 713 1051 776 abbas
1070 713 1244 790 quemdam
1257 713 1519 774 concanonicum
1533 729 1629 774 suum
1651 729 1748 775 vene·

949 811 1047 874 rabili
1071 809 1168 872 fratri
1188 811 1339 872 nostro...
1366 809 1562 873 ambianen.
1590 811 1746 888 episcopo

949 908 990 970 ad
1014 909 1190 972 ecclesiam
1216 908 1327 968 Sancti
1355 907 1511 968 Germani
1536 907 1745 979 Ambianos,

949 1021 1047 1083 qnam
1065 1005 1355 1084 bonaemnemoriae
1369 1005 1429 1065 tn.
1446 1004 1640 1066 ambianen.
1659 1007 1750 1082 epis·

949 1117 1051 1179 copus
1072 1104 1113 1166 de
1127 1118 1293 1164 consensu
1310 1101 1448 1178 capituli
1463 1101 1527 1162 sibi
1547 1103 1602 1178 pia
1620 1102 1747 1164 libera-

948 1200 1041 1263 litate
1056 1200 1208 1272 donarat,
1234 1215 1295 1278 per
1308 1199 1456 1276 etusdem
1478 1201 1672 1261 monasterii
1697 1216 1749 1261 ca·

949 1298 1087 1362 uonicos
1111 1297 1366 1376 procurandam,
1397 1297 1430 1359 et
1457 1296 1552 1360 bonae
1579 1299 1748 1362 memorias

948 1397 1002 1456 W.
1040 1399 1176 1460 Reman.
1212 1393 1483 1472 archiepiscopus
1521 1393 1747 1467 confirmavit,

950 1493 1035 1556 sicut
1059 1508 1102 1554 ex
1129 1506 1245 1554 eorum
1273 1491 1394 1554 littaris
1422 1507 1585 1569 apparere
1613 1492 1747 1566 dicitur,

950 1590 1111 1654 canonice
1133 1591 1378 1666 praesentasset,
1405 1589 1483 1666 quia
1510 1589 1598 1650 idem
1620 1590 1750 1666 episco-

950 1704 1012 1764 pus
1035 1689 1144 1764 ipsum
1158 1688 1199 1750 ad
1213 1703 1286 1750 eam
1302 1687 1475 1749 admittere
1490 1688 1562 1748 sine
1577 1703 1679 1748 eausa
1693 1704 1751 1749 ra·

949 1784 1102 1848 tionabili
1113 1783 1308 1860 denegabat,
1321 1784 1478 1861 prelatus
1488 1783 1591 1846 abbas
1601 1785 1748 1846 sentiens

950 1897 986 1944 se
1002 1897 1041 1944 ac
1055 1898 1153 1948 suum
1171 1882 1409 1944 monasterium
1431 1881 1552 1942 exinde
1574 1881 1748 1944 manifeste

950 1979 1100 2055 gravari,
1136 1981 1288 2040 nostram
1317 1979 1523 2040 audientiam
1558 1979 1748 2056 appellavit.

951 2076 1088 2138 Interim
1102 2091 1183 2138 vero
1197 2075 1420 2152 appellatione
1435 2076 1583 2152 legitime
1605 2076 1653 2138 sic
1669 2091 1751 2152 pan-

951 2171 1061 2245 dente,
1090 2175 1127 2236 B.
1155 2173 1297 2234 clericus
1322 2173 1362 2234 ds
1388 2173 1570 2250 praemissis
1599 2174 1751 2235 omnibus

951 2286 1017 2331 non
1050 2270 1178 2332 iaciens
1211 2271 1427 2342 mentionem,
1462 2271 1496 2333 et
1524 2271 1754 2332 fraudulenter

952 2383 1134 2444 suggerens
1150 2368 1236 2446 quod
1252 2369 1403 2444 praedicti
1423 2369 1526 2429 abbas
1547 2370 1580 2430 et
1602 2385 1752 2431 convan-

951 2467 1004 2527 tus
1028 2468 1244 2527 memoratam
1269 2465 1445 2526 ecclesiam
1460 2481 1519 2541 per
1538 2482 1615 2526 suos
1639 2467 1753 2528 clans-

951 2562 1055 2623 trales
1070 2561 1217 2623 lacerant
1231 2577 1291 2638 per
1305 2563 1493 2640 quindecim
1508 2578 1613 2624 annos
1632 2565 1665 2625 at
1680 2579 1753 2623 am-

953 2659 1041 2736 plius
1065 2659 1217 2730 detineri,
1243 2675 1309 2720 non
1330 2661 1483 2721 curantes
1506 2675 1579 2720 eam
1601 2660 1752 2722 conterre

952 2772 1104 2833 personae
1130 2756 1270 2829 idoneae,
1298 2773 1372 2834 quae
1397 2757 1433 2816 in
1454 2757 1539 2834 ipsa,
1556 2760 1654 2834 prout
1672 2775 1753 2820 cura

953 2853 1067 2928 exigit,
1085 2852 1280 2924 deserviret,
1303 2870 1405 2930 quum
1429 2853 1465 2914 in
1493 2855 1632 2916 veritate
1661 2855 1753 2916 illam

953 2949 1076 3012 diutius
1092 2950 1229 3027 pacifice
1246 2949 1482 3026 possedissent,
1496 2951 1574 3012 ad...
1589 2953 1754 3014 archidia-

953 3065 1071 3110 conum
1092 3047 1283 3110 atrebaten.
1307 3049 1340 3110 et
1364 3049 1435 3125 ejus
1457 3049 1602 3126 collegas
1623 3051 1753 3112 nostras

951 3145 1081 3208 litteras
1091 3146 1290 3223 impetravit,
1306 3147 1352 3219 ut,
1367 3147 1396 3206 si
1406 3147 1495 3208 esset
1506 3147 1564 3220 ita,
1577 3149 1752 3210 ecclesiam

952 3244 1060 3320 ipsam
1084 3243 1148 3304 sibi
1174 3242 1374 3315 conterrent,
1403 3245 1642 3308 nonobstante
1668 3263 1754 3323 qua-

953 3341 1028 3401 dam
1057 3341 1274 3417 indulgentia,
1298 3356 1363 3418 qna
1387 3341 1479 3417 ipsos
1501 3341 1623 3403 abusos
1646 3342 1751 3404 inisse

952 3436 1101 3508 dicabat,
1130 3439 1264 3520 proviso
1287 3437 1399 3498 tamen
1425 3453 1467 3497 ne
1495 3439 1583 3499 idem
1610 3439 1752 3501 clericus

952 3536 1037 3597 alios
1063 3533 1202 3595 haberet
1225 3533 1383 3605 redditus,
1413 3533 1532 3610 quibus
1558 3552 1638 3596 cura
1667 3537 1753 3599 toret

953 3633 1139 3694 animarum
1163 3647 1305 3692 annexa.
1332 3631 1468 3693 Praaiati
1482 3648 1562 3695 vero
1584 3633 1754 3696 archidia-

953 3745 1067 3801 conus,
1093 3728 1126 3790 et
1147 3731 1219 3807 ejus
1234 3727 1381 3804 collegae,
1403 3731 1501 3806 prout
1522 3733 1619 3793 erant
1633 3732 1664 3793 ei
1677 3733 1752 3810 plns

952 3827 1062 3890 debito
1088 3825 1303 3898 favorabiles,
1336 3841 1397 3887 nec
1426 3827 1632 3891 mandatoris
1659 3847 1754 3892 men-

952 3926 1037 3997 tem,
1069 3939 1130 3986 nec
1163 3925 1387 3987 conditionem
1417 3925 1535 3988 litteris
1568 3930 1753 4008 appositam

953 4023 1177 4089 attendentes.
1215 4023 1380 4100 praetextu
1414 4023 1602 4086 litterarum
1631 4026 1752 4104 hujus-

953 4121 1041 4182 modi
1068 4120 1280 4198 saepedictam
1303 4121 1479 4182 ecclesiam
1502 4123 1609 4184 eidem
1632 4125 1754 4187 clerico

952 4234 1126 4296 perperam
1142 4217 1370 4294 contulerunt3
1397 4233 1417 4278 a
1440 4219 1557 4295 quibus
1573 4221 1673 4281 iidem
1688 4223 1752 4283 ab·

952 4315 1012 4378 bas
1027 4318 1059 4378 et
1073 4318 1255 4377 conventus
1267 4316 1448 4377 sentientes
1465 4315 1610 4380 indebite
1623 4335 1660 4379 se
1674 4335 1756 4395 gra-

952 4413 1037 4488 vari,
1053 4415 1201 4476 nostram
1222 4405 1426 4475 audientiam
1441 4414 1667 4493 appellarunt;
1693 4418 1751 4479 sed

952 4513 1002 4574 illi
1033 4511 1256 4590 appellatione
1284 4511 1484 4590 contempta,
1509 4529 1585 4575 eum
1604 4515 1751 4577 induxe-

952 4609 1075 4672 runtin
1086 4610 1331 4687 possessionem
1345 4609 1451 4686 ipsius
1467 4611 1617 4674 ecclesiae
1629 4629 1752 4691 corpo-

952 4709 1068 4780 ralem,
1084 4706 1171 4768 alios
1184 4705 1273 4784 ipsos
1286 4709 1319 4769 et
1333 4707 1504 4782 ecclesiae,
1521 4726 1560 4772 ac
1575 4713 1754 4790 parocbia-

952 4823 1013 4869 nos
1048 4804 1240 4868 eammdem
1266 4805 1494 4883 multiplieiter
1524 4811 1751 4886 aggravando.

953 4907 1063 4976 Quare
1088 4902 1238 4980 saepefati
1262 4902 1364 4964 abbas
1390 4905 1423 4966 et
1447 4909 1628 4966 conventus
1656 4907 1751 4969 nobis

953 5000 1124 5063 humiliter
1145 5000 1387 5077 supplicarunt,
1403 5001 1632 5080 multiplicatis
1648 5005 1753 5066 inter-

953 5097 1162 5162 cessionibus
1181 5096 1411 5174 plurimorum‚
1430 5099 1486 5176 qui
1502 5115 1602 5178 super
1616 5101 1680 5164 hoc
1694 5117 1752 5164 eos

954 5198 1024 5259 suis
1043 5195 1242 5259 testimoniis
1267 5193 1480 5273 adjuvabant,
1505 5198 1541 5259 ut
1564 5215 1665 5275 quum
1691 5216 1753 5262 ne-

953 5295 1037 5356 mini
1066 5293 1272 5372 patrocinari
1305 5292 1423 5356 debeat
1461 5309 1541 5356 suus
1570 5297 1683 5370 dolus,
1721 5279 1754 5361 et

953 5391 1099 5470 deceptis
1132 5390 1261 5453 soleant
1284 5393 1362 5469 jnra
1397 5391 1529 5469 publica
1562 5394 1750 5471 subvenire,

954 5489 1164 5552 indemnitati
1178 5489 1325 5566 ejusdem
1352 5491 1547 5553 monasterii
1567 5509 1667 5571 super
1690 5496 1753 5558 boc

954 5587 1170 5664 dignaremur
1179 5586 1440 5650 misericorditer
1450 5589 1634 5666 providere.
1650 5595 1755 5670 Igitur

955 5685 1018 5749 etsi
1032 5685 1185 5763 occupati
1199 5699 1280 5762 erga
1307 5687 1451 5763 plurima
1475 5687 1508 5750 et
1528 5688 1663 5763 turbati,
1690 5709 1753 5753 ne-
