4234 6408
196 281 256 342 loo

193 439 385 516 pellationls
399 441 582 518 obstaculo,
602 448 852 526 compescendo.
875 450 994 513 Datum

197 535 365 608 Laterani,
394 539 471 600 ΧΙΧ
489 539 650 605 kalendas
672 543 843 618 fabruarii,
855 546 993 624 pontill-

193 633 289 696 catus
301 633 407 696 nostri
423 651 511 701 anno
523 639 642 716 primo.

489 887 704 977 CXXXVII

192 1089 244 1150 Ad
255 1089 429 1162 damnare,
447 1093 658 1169 aaapaarum
668 1096 864 1157 Simeonem
876 1097 993 1158 orchi-

232 1189 432 1260 diaconum,
460 1190 495 1251 ct
523 1193 714 1254 desideriam
739 1195 780 1254 dc
801 1195 990 1268 campania

231 1287 627 1349 carronicauaAuraticn.

489 1399 522 1457 lt
538 1399 600 1472 jan.
618 1401 698 1460 lali.

225 1519 347 1584 illapsu„
357 1520 402 1572 lib.
417 1521 437 1582 l,
447 1521 522 1586 epist.
536 1522 590 1582 151,
605 1523 661 1575 blss.
674 1526 712 1576 La
726 1525 801 1576 Porta
815 1525 850 1578 du
864 1527 958 1592 thail]

190 1679 315 1751 blandai,
336 1687 367 1738 ut
390 1688 527 1739 moneant
555 1683 834 1759 archipresbyterum
860 1693 889 1744 et
908 1686 985 1760 eapi-

226 1767 606 1828 tulumecclesiaessituricen.
621 1778 653 1830 ut
664 1775 836 1848 magistrum
843 1773 987 1832 andream

223 1857 393 1930 scriptorem
405 1860 490 1931 Papae
503 1858 663 1918 admittant.

229 2009 408 2083 Honorius,
425 2010 505 2084 eto,
522 2012 652 2074 dilectis
666 2011 744 2074 tiliis
760 2013 898 2088 decano,
914 2031 988 2077 ma-

189 2107 294 2182 gistro
320 2107 466 2170 Simeoni
490 2109 737 2184 archidiacone,
760 2113 793 2173 et
815 2113 920 2174 Guido
947 2113 986 2176 de

190 2206 371 2282 Campania
386 2207 547 2280 canonico
561 2208 774 2270 aurelianen.

231 2303 306 2364 Non
333 2302 439 2364 solum
466 2319 486 2366 a
510 2305 588 2368 nota
603 2305 847 2380 inobedientia,
869 2323 985 2370 rerum

188 2399 291 2462 etiam
310 2399 352 2462 ah
372 2401 621 2478 ingratitudinis
635 2403 717 2466 vitio
732 2404 901 2483 nequeunt
919 2421 984 2467 ex-

189 2497 313 2571 cusari,
331 2497 387 2577 qui
404 2499 594 2562 mandatum
611 2500 829 2577 apostolicum
844 2517 903 2578 pro
917 2502 985 2564 illis

189 2593 257 2656 sibi
268 2597 458 2673 porrectum
477 2596 534 2674 qui
544 2596 735 2660 eorumdem
747 2597 898 2661 ecclesiae
911 2615 986 2661 nos·

188 2692 312 2755 cuntur
321 2692 448 2756 utiliter
461 2693 658 2768 deservisse,
673 2709 713 2758 ac
727 2695 762 2757 in
771 2709 889 2758 eorum
904 2713 983 2774 per-

186 2790 281 2852 sonis
293 2805 359 2852 non
372 2791 481 2853 minus
494 2793 602 2870 potest
612 2791 773 2867 eeclesiae,
791 2809 888 2871 quam
903 2795 984 2872 ipsis

186 2886 230 2948 ab
245 2887 400 2950 ecelesia
428 2889 615 2967 provideri,
645 2890 878 2967 pertranseunt
902 2907 984 2954 aura

187 2984 290 3046 surda
313 2985 354 3046 ad
377 2986 463 3064 quod
485 2986 638 3050 celeriter
654 2989 901 3067 exsequendum
917 3006 984 3052 non

185 3081 255 3143 tarn
271 3080 466 3146 obedientiae
482 3084 568 3162 quod
581 3084 774 3150 holocausto
790 3086 981 3164 praesertum

186 3179 244 3241 sed
260 3179 379 3258 etipse
393 3181 549 3244 deberent
563 3183 672 3247 debito
686 3185 914 3248 retributionis
931 3187 985 3247 in-

186 3275 275 3350 duci,
292 3293 334 3340 ne
357 3278 444 3356 apud
456 3280 532 3342 illos
543 3281 658 3342 contm
671 3281 819 3343 divinum
834 3299 984 3360 praecep-

186 3371 257 3435 tum
268 3391 394 3439 merces
403 3379 599 3440 mercenarii
611 3381 808 3441 remaneret.
825 3382 912 3442 Sane
922 3396 982 3458 pro

186 3471 306 3535 dilecto
322 3473 389 3536 lilio
405 3475 564 3551 magtstro
576 3475 709 3538 Andrea
722 3477 883 3552 scriptore
898 3493 981 3538 nos-

185 3567 461 3657 tro,quid1utius
477 3573 511 3632 in
526 3574 662 3636 servitio
677 3573 857 3634 Bituricae.
875 3573 984 3635 eccle-

184 3666 245 3728 sias
258 3666 401 3731 fideliter
409 3669 588 3742 insudavit,
601 3669 792 3747 frequenter
808 3685 867 3746 pro
879 3670 982 3746 ipsius

186 3765 328 3840 negotiis
343 3767 385 3828 ad
401 3766 519 3830 sedern
538 3766 761 3844 Apostolicam
782 3765 842 3827 sub
861 3782 982 3842 magno

184 3859 378 3926 discrimine
415 3863 618 3938 laberand03
661 3863 845 3925 venarabili
885 3864 982 3928 tratri

185 3961 300 4022 nostro
325 3960 587 4037 archiepiscopo,
616 3962 649 4022 et
676 3961 805 4023 dilectis
825 3961 903 4024 liliis
918 3962 980 4026 de-

183 4076 270 4125 cano
294 4059 327 4121 et
345 4057 489 4134 capitulo
504 4057 651 4136 eJusdem
673 4058 822 4123 ecclesiae
846 4077 980 4138 precum

183 4161 374 4222 nostrarum
395 4155 560 4234 primitias
590 4157 812 4234 porrigentes,
849 4157 980 4223 dedisse

183 4256 363 4319 recolimus
376 4254 412 4314 in
422 4253 600 4328 mandatis,
616 4256 651 4317 ut
663 4255 694 4317 ei
706 4255 746 4316 eb
759 4257 980 4318 reverentiam

183 4352 382 4431 Apostolicae
396 4351 490 4413 Sedis
503 4351 536 4413 et
546 4351 703 4423 nestram,
720 4353 754 4412 et
770 4352 894 4414 intuita
907 4369 980 4414 ser-

182 4451 268 4525 vitii,
280 4467 319 4512 ac
328 4449 624 4528 probitatisipsius,
636 4448 847 4526 praebendam
860 4452 979 4526 quaein

182 4564 299 4611 eorum
311 4547 554 4609 racatecclesia
563 4545 746 4608 liberaliter
759 4546 977 4622 assignantes,

180 4646 334 4724 ipsumin
345 4643 481 4707 fratrem
490 4646 523 4706 et
536 4644 731 4705 canonicam
739 4643 926 4721 reciperent
938 4645 979 4706 ad

182 4743 345 4814 eamdem,
363 4742 492 4804 dilectis
506 4741 583 4802 liliis
596 4741 707 4818 priore
717 4742 824 4802 saneti
842 4743 981 4805 hustre-

180 4837 976 4917 gisili,Graten.etdaBusentiacoetdeExoldun.

181 4935 481 5015 archipresbyteris
508 4935 572 4996 sihi
598 4935 816 4999 monitoribus
836 4936 978 5014 deputa-

179 5035 235 5098 us.
253 5035 316 5096 Sed
332 5033 418 5096 sicut
432 5049 475 5094 eu
488 5032 678 5095 eorumdem
693 5033 814 5110 prioris
829 5034 861 5096 et
873 5035 980 5095 archi·

179 5131 366 5210 presbpteri
394 5131 601 5193 Exoldunen.
631 5131 815 5209 recepimus
844 5130 976 5206 litteris,

179 5231 247 5309 ipsi
274 5229 391 5292 moniti
420 5230 461 5291 ab
480 5228 616 5302 eisdem,
634 5246 709 5291 curn
732 5230 851 5291 tertius
875 5229 916 5290 ad
944 5231 977 5290 id

179 5328 370 5407 nequiverit
383 5328 554 5399 interesse,
572 5327 651 5388 licet
668 5327 774 5389 dietus
794 5327 980 5404 archIepis-

178 5443 285 5504 copus
297 5423 330 5488 ei
343 5426 554 5504 quamplures
567 5425 607 5486 da
619 5425 764 5502 capilulo
775 5440 888 5502 preces
899 5441 979 5487 nos-

178 5527 260 5597 trae,
277 5524 347 5586 tum
370 5525 447 5601 qnia
462 5524 560 5585 erunt
571 5522 698 5601 primae,
720 5524 789 5586 tum
802 5523 879 5600 quia
899 5539 978 5600 por-

179 5622 280 5686 rectae
306 5621 437 5684 suerant
451 5639 511 5702 pro
526 5623 598 5684 viro
613 5621 752 5702 provido
773 5621 806 5683 et
824 5619 974 5694 honesto,

834 291 1063 352 EPISTOLAE.
1085 292 1164 352 LIB.
1188 291 1213 352 1.

1788 297 1847 359 170

1049 451 1103 512 cui
1122 466 1242 527 magna
1259 465 1337 527 pars
1357 449 1495 527 capituli
1509 449 1678 516 laudabile
1692 454 1845 520 testimo-

1048 548 1140 608 nium
1164 546 1347 624 perhibeat,
1370 549 1586 612 asseruerunt
1609 551 1842 624 admittendas,

1048 645 1126 722 quia
1152 645 1262 707 tamen
1279 644 1413 722 quidam
1437 661 1551 708 eorum
1572 664 1668 708 suum
1683 651 1843 727 praestare

1048 743 1227 804 noluerunt
1240 759 1426 816 assensum,
1442 746 1630 807 asserentes
1643 745 1749 824 ipsum
1761 747 1842 812 alibi

1047 840 1842 916 ecclesiasticumheneiiciumobtinere,nostrum

1047 937 1225 1016 neglexere
1259 937 1450 1001 mandatnm
1477 939 1609 1002 effectui
1637 942 1839 1020 mancipare.

1047 1037 1127 1097 Cum
1146 1051 1226 1114 ergo
1252 1036 1339 1114 quod
1361 1035 1401 1098 de
1420 1037 1492 1114 ipso
1519 1037 1678 1115 magIstro
1700 1039 1842 1118 incoepi·

1046 1148 1130 1206 mus,
1156 1134 1310 1196 nolumus
1340 1135 1529 1214 relinquere
1554 1137 1780 1215 inexpletum,
1808 1140 1841 1200 at

1045 1230 1254 1308 praebendam
1270 1247 1368 1310 quam
1388 1233 1590 1294 venerabilis
1609 1235 1713 1298 trater
1726 1237 1841 1299 noster

1044 1329 1195 1391 Anicien.
1218 1329 1393 1408 episeopus
1412 1331 1446 1392 in
1464 1331 1538 1409 ipsa
1553 1332 1695 1394 ecclesia
1709 1333 1836 1406 habuit,

1046 1441 1120 1503 quaa
1143 1429 1218 1504 post
1238 1427 1367 1504 tempus
1396 1429 1656 1490 consecrationis
1679 1429 1796 1508 ipsius,
1818 1448 1838 1494 a

1044 1539 1109 1601 qua
1122 1539 1230 1585 annus
1245 1525 1278 1586 et
1292 1524 1434 1603 amplius
1444 1527 1513 1602 jam
1528 1525 1668 1598 effluxit,
1689 1528 1839 1591 noscitur

1043 1621 1229 1693 vacavisse,
1246 1621 1281 1682 in
1296 1622 1412 1684 eadem
1427 1623 1512 1685 simut
1527 1624 1714 1701 accepimus
1729 1625 1837 1687 adhue

1043 1718 1158 1788 vacet,
1196 1719 1389 1782 discretioni
1416 1720 1535 1783 vestrae
1562 1736 1622 1798 per
1648 1723 1838 1799 apostolica

1042 1814 1166 1892 scripta
1194 1817 1416 1894 praecipiendo
1442 1817 1650 1892 mandamus,
1675 1820 1837 1898 quatenus

1042 1911 1147 1974 dictos
1174 1913 1497 1991 archipresbyterum
1527 1915 1560 1977 et
1591 1917 1772 1993 capitulam
1800 1919 1838 1978 ut

1041 2009 1130 2071 inira
1143 2011 1331 2088 quindecim
1341 2011 1412 2073 dies
1427 2011 1468 2074 ad
1480 2012 1671 2090 praedictam
1684 2013 1837 2090 praeben-

1041 2106 1117 2168 dam
1136 2111 1310 2171 vacantem
1325 2109 1360 2169 in
1374 2108 1512 2171 fratrem
1527 2109 1559 2172 et
1572 2110 1769 2171 canonicum
1788 2110 1835 2171 li-

1039 2204 1200 2268 beraliter
1227 2205 1402 2269 admittant
1427 2207 1589 2280 eumdem,
1617 2206 1769 2269 iaciendo
1795 2207 1836 2270 de

1040 2303 1238 2366 necessitato
1266 2304 1443 2377 vlrtutem,
1473 2304 1631 2367 attentius
1659 2304 1833 2366 moneatis.

1040 2400 1196 2478 Alioquin
1229 2416 1272 2462 er
1310 2401 1390 2463 tunc
1416 2403 1523 2478 ipsam
1548 2403 1612 2463 sibi
1635 2402 1835 2465 auctoritato

1041 2498 1165 2571 nostra,
1179 2497 1309 2560 sublato
1329 2499 1505 2575 cujuslibet
1519 2499 1790 2561 contradictionis
1802 2499 1835 2561 et

1040 2595 1272 2672 appellationis
1285 2594 1469 2666 obstaculo,
1483 2593 1674 2658 conseratis.
1688 2597 1832 2658 Facien-

1038 2692 1089 2752 tes
1101 2691 1208 2754 eidam
1218 2691 1351 2770 uelejus
1365 2692 1574 2772 procuratori
1580 2693 1687 2771 ipsius
1700 2693 1833 2755 nomine

1039 2789 1172 2864 stallum
1193 2790 1229 2851 in
1243 2789 1345 2852 choro
1360 2790 1516 2852 stlocum
1530 2791 1566 2852 in
1581 2789 1727 2868 capitulo
1743 2771 1834 2852 assi'-

1039 2887 1146 2966 gnari.
1174 2887 1451 2960 contradictores,
1482 2888 1511 2948 si
1546 2889 1603 2965 qui
1624 2888 1757 2961 tuerint,
1779 2889 1832 2952 uel

1038 2985 1180 3048 rebelles
1201 3001 1261 3063 per
1282 3000 1457 3047 censuram
1470 2985 1741 3059 eeclesiasticam,
1772 3001 1833 3064 ap-

1038 3083 1216 3161 pellatione
1238 3083 1430 3161 postposita,
1456 3084 1713 3162 compescentes.
1742 3084 1834 3156 Quod

1038 3181 1067 3243 si
1079 3197 1146 3242 nen
1161 3197 1286 3254 omnes,
1301 3182 1376 3254 etc,
1392 3183 1622 3254 dnovestrum‚
1635 3181 1697 3244 etc.
1714 3182 1832 3243 Datum

1037 3280 1206 3350 Laterani,
1225 3281 1332 3340 XVlll
1351 3281 1512 3342 kalendas
1527 3279 1699 3351 februarii,
1722 3279 1833 3357 ponti·

1038 3377 1155 3438 ilcatus
1170 3376 1276 3438 nostri
1288 3391 1378 3438 anno
1389 3378 1509 3454 primo.

1216 3695 1219 3700 -
1317 3629 1549 3718 CXXXVIII

1036 3837 1088 3896 Ad
1097 3835 1292 3911 apocopum
1303 3835 1338 3898 at
1346 3835 1534 3910 capitutum
1542 3839 1828 3913 Eaapoitsmcuscs.

1332 3949 1366 4008 16
1377 3949 1438 4021 jan.
1454 3949 1532 4008 1217.

1076 4071 1186 4139 [Regast.
1195 4063 1242 4124 lib.
1255 4071 1274 4132 1,
1287 4071 1363 4138 episi.
1376 4073 1430 4124 loa.
1446 4073 1503 4124 blas.
1516 4075 1552 4125 La
1564 4075 1639 4124 Porta
1648 4073 1683 4125 du
1695 4073 1791 4140 Thau]

1083 4215 1127 4274 Ad
1138 4214 1284 4286 exemplar
1298 4214 1456 4272 innocentii
1470 4230 1518 4288 pp.
1532 4217 1573 4274 lli
1588 4214 1795 4273 institutionem

1150 4301 1306 4361 decanatus
1324 4317 1384 4383 suaa
1399 4301 1529 4360 ecelesiae
1545 4302 1705 4370 conilrmat.

1075 4445 1252 4518 Honorius,
1264 4444 1339 4518 etc,
1353 4445 1538 4507 venorabili
1550 4444 1647 4508 fratri
1659 4447 1825 4526 episcopo,

1034 4545 1067 4608 et
1081 4544 1210 4606 dilectis
1225 4543 1303 4605 liliis
1316 4543 1461 4621 capitulo
1474 4545 1698 4621 Engolismen.

1074 4645 1180 4704 Decus
1195 4643 1228 4704 at
1241 4643 1393 4705 decerem
1406 4642 1521 4704 domus
1532 4644 1663 4705 Domini
1678 4643 1776 4721 prout
1787 4643 1829 4706 ad

1034 4757 1095 4802 nes
1117 4741 1347 4819 priucipalitar
1365 4741 1508 4818 pertinet
1533 4741 1720 4818 diligentes,
1746 4757 1830 4818 gau-

1034 4839 1148 4901 demus
1177 4855 1250 4902 eam
1280 4839 1385 4901 variis
1417 4839 1613 4915 dignitatum
1647 4839 1828 4902 honoribus

1034 4935 1196 5008 decorari,
1217 4936 1254 4996 ut
1280 4936 1315 4996 in
1338 4936 1461 4998 vestitu
1491 4935 1650 4998 deaurato
1666 4937 1828 4998 varietata

1034 5033 1247 5104 circumdata,
1257 5032 1396 5110 pulchra
1413 5031 1466 5105 sit,
1484 5032 1516 5095 et
1530 5033 1650 5094 deeora
1663 5032 1826 5103 fidelihus,

1033 5132 1066 5192 et
1079 5129 1215 5206 perfidis
1227 5129 1386 5192 terribilis
1401 5129 1437 5192 ut
1456 5131 1641 5191 castrorum
1658 5129 1748 5192 acies
1768 5147 1827 5194 er-

1033 5228 1157 5290 dinata.
1182 5229 1262 5288 Cum
1283 5227 1396 5304 igitur,
1419 5227 1514 5304 quasi
1529 5228 1655 5299 dethro,
1679 5228 1732 5288 usi
1746 5243 1828 5290 con·
1899 5225 1903 5232 '

1033 5327 1120 5398 silio,
1149 5326 1184 5388 ut
1205 5315 1289 5386 onus
1312 5325 1462 5386 ecelesiae
1483 5326 1603 5387 vestrae
1623 5325 1765 5387 divisum
1791 5326 1827 5388 in

1032 5425 1144 5501 plures
1168 5423 1371 5488 commodius
1396 5423 1618 5500 supportetur,
1644 5425 1677 5486 at
1700 5424 1759 5486 alii
1785 5425 1835 5488 ab'

1032 5522 1108 5583 aliis
1121 5521 1313 5595 fulciantur,
1325 5520 1517 5598 dignitatem
1527 5521 1562 5583 in
1572 5521 1687 5584 eadem
1696 5523 1826 5587 noviter

1032 5619 1242 5683 institueritis
1255 5619 1446 5692 decanatus,
1472 5619 1587 5698 inqua
1605 5620 1637 5682 is
1660 5621 1716 5701 qui
1731 5623 1824 5684 oneri
