<?xml version="1.0" encoding="UTF-8"?>
<!DOCTYPE html PUBLIC "-//W3C//DTD XHTML 1.0 Transitional//EN"
    "http://www.w3.org/TR/xhtml1/DTD/xhtml1-transitional.dtd">
<html xmlns="http://www.w3.org/1999/xhtml" xml:lang="en" lang="en">
 <head>
  <title>
</title>
<meta http-equiv="Content-Type" content="text/html;charset=utf-8" />
  <meta name='ocr-system' content='tesseract 3.04.00' />
  <meta name='ocr-capabilities' content='ocr_page ocr_carea ocr_par ocr_line ocrx_word'/>
</head>
<body>
  <div class='ocr_page' id='page_1' title='image "./mediiaevibiblio02unkngoog_0656.png"; bbox 0 0 4104 6392; ppageno 0'>
   <div class='ocr_carea' id='block_1_1' title="bbox 81 246 1727 316">
    <p class='ocr_par' dir='ltr' id='par_1_1' title="bbox 81 246 1727 316">
     <span class='ocr_line' id='line_1_1' title="bbox 81 246 1727 316; baseline -0.002 -7"><span class='ocrx_word' id='word_1_1' title='bbox 81 251 143 310; x_wconf 75' lang='lat'><strong>829</strong></span> <span class='ocrx_word' id='word_1_2' title='bbox 708 246 935 308; x_wconf 82' lang='lat' dir='ltr'><strong>EPISTOLAE.</strong></span> <span class='ocrx_word' id='word_1_3' title='bbox 960 246 1037 308; x_wconf 84' lang='lat' dir='ltr'><strong>LIB.</strong></span> <span class='ocrx_word' id='word_1_4' title='bbox 1062 248 1102 307; x_wconf 91' lang='lat'><strong>11.</strong></span> <span class='ocrx_word' id='word_1_5' title='bbox 1666 255 1727 316; x_wconf 85' lang='lat'><strong>830</strong></span> 
     </span>
    </p>
   </div>
   <div class='ocr_carea' id='block_1_2' title="bbox 79 404 1727 991">
    <p class='ocr_par' dir='ltr' id='par_1_2' title="bbox 79 404 1727 991">
     <span class='ocr_line' id='line_1_2' title="bbox 79 404 1727 485; baseline 0.004 -17"><span class='ocrx_word' id='word_1_6' title='bbox 79 409 114 471; x_wconf 91' lang='lat' dir='ltr'><strong>et</strong></span> <span class='ocrx_word' id='word_1_7' title='bbox 137 409 259 472; x_wconf 84' lang='lat' dir='ltr'><strong>sudor&#39;e</strong></span> <span class='ocrx_word' id='word_1_8' title='bbox 282 407 431 472; x_wconf 78' lang='lat' dir='ltr'><strong>vultuum</strong></span> <span class='ocrx_word' id='word_1_9' title='bbox 453 423 539 484; x_wconf 86' lang='lat' dir='ltr'><strong>pane</strong></span> <span class='ocrx_word' id='word_1_10' title='bbox 562 421 622 471; x_wconf 90' lang='lat' dir='ltr'><strong>suo</strong></span> <span class='ocrx_word' id='word_1_11' title='bbox 636 407 826 479; x_wconf 82' lang='lat' dir='ltr'><strong>vescuntur,</strong></span> <span class='ocrx_word' id='word_1_12' title='bbox 842 409 876 470; x_wconf 91' lang='lat' dir='ltr'><strong>et</strong></span> <span class='ocrx_word' id='word_1_13' title='bbox 929 404 1051 470; x_wconf 87' lang='lat' dir='ltr'><strong>cabilia</strong></span> <span class='ocrx_word' id='word_1_14' title='bbox 1066 426 1073 465; x_wconf 74' lang='grc' dir='ltr'><strong>ι</strong></span> <span class='ocrx_word' id='word_1_15' title='bbox 1088 407 1286 482; x_wconf 73' lang='lat' dir='ltr'><strong>presentem</strong></span> <span class='ocrx_word' id='word_1_16' title='bbox 1302 409 1458 485; x_wconf 82' lang='lat' dir='ltr'><strong>paginam</strong></span> <span class='ocrx_word' id='word_1_17' title='bbox 1472 410 1661 474; x_wconf 80' lang='lat' dir='ltr'><strong>secretioris</strong></span> <span class='ocrx_word' id='word_1_18' title='bbox 1671 413 1727 474; x_wconf 84' lang='lat' dir='ltr'><strong>si·-</strong></span> 
     </span>
     <span class='ocr_line' id='line_1_3' title="bbox 80 502 1725 582; baseline 0.004 -16"><span class='ocrx_word' id='word_1_19' title='bbox 80 522 142 582; x_wconf 92' lang='lat' dir='ltr'><strong>pro</strong></span> <span class='ocrx_word' id='word_1_20' title='bbox 160 507 283 567; x_wconf 86' lang='lat' dir='ltr'><strong>Gbristi</strong></span> <span class='ocrx_word' id='word_1_21' title='bbox 303 505 436 566; x_wconf 91' lang='lat' dir='ltr'><strong>nomine</strong></span> <span class='ocrx_word' id='word_1_22' title='bbox 458 521 520 565; x_wconf 90' lang='lat' dir='ltr'><strong>neo</strong></span> <span class='ocrx_word' id='word_1_23' title='bbox 541 505 626 564; x_wconf 91' lang='lat' dir='ltr'><strong>mori</strong></span> <span class='ocrx_word' id='word_1_24' title='bbox 644 505 796 567; x_wconf 88' lang='lat' dir='ltr'><strong>metuunt</strong></span> <span class='ocrx_word' id='word_1_25' title='bbox 814 522 875 568; x_wconf 90' lang='lat' dir='ltr'><strong>neo</strong></span> <span class='ocrx_word' id='word_1_26' title='bbox 929 502 1000 579; x_wconf 87' lang='lat' dir='ltr'><strong>gilli</strong></span> <span class='ocrx_word' id='word_1_27' title='bbox 1013 503 1132 576; x_wconf 83' lang='lat' dir='ltr'><strong>nostri,</strong></span> <span class='ocrx_word' id='word_1_28' title='bbox 1144 519 1255 567; x_wconf 87' lang='lat' dir='ltr'><strong>aureae</strong></span> <span class='ocrx_word' id='word_1_29' title='bbox 1267 505 1423 570; x_wconf 86' lang='lat' dir='ltr'><strong>videlicet</strong></span> <span class='ocrx_word' id='word_1_30' title='bbox 1442 506 1542 568; x_wconf 89' lang='lat' dir='ltr'><strong>bullae</strong></span> <span class='ocrx_word' id='word_1_31' title='bbox 1555 509 1725 572; x_wconf 70' lang='lat' dir='ltr'><strong>caractere</strong></span> 
     </span>
     <span class='ocr_line' id='line_1_4' title="bbox 80 599 1722 684; baseline 0.003 -22"><span class='ocrx_word' id='word_1_32' title='bbox 80 602 262 664; x_wconf 83' lang='lat' dir='ltr'><strong>formidant</strong></span> <span class='ocrx_word' id='word_1_33' title='bbox 276 603 439 666; x_wconf 87' lang='lat' dir='ltr'><strong>laborare.</strong></span> <span class='ocrx_word' id='word_1_34' title='bbox 453 604 522 664; x_wconf 87' lang='lat' dir='ltr'><strong>Nos</strong></span> <span class='ocrx_word' id='word_1_35' title='bbox 537 601 640 678; x_wconf 86' lang='lat' dir='ltr'><strong>igitur</strong></span> <span class='ocrx_word' id='word_1_36' title='bbox 661 601 724 662; x_wconf 83' lang='lat' dir='ltr'><strong>ilde</strong></span> <span class='ocrx_word' id='word_1_37' title='bbox 743 602 875 664; x_wconf 88' lang='lat' dir='ltr'><strong>oculata</strong></span> <span class='ocrx_word' id='word_1_38' title='bbox 929 599 1067 662; x_wconf 78' lang='lat' dir='ltr'><strong>fecimus</strong></span> <span class='ocrx_word' id='word_1_39' title='bbox 1091 600 1257 678; x_wconf 84' lang='lat' dir='ltr'><strong>insigniri.</strong></span> <span class='ocrx_word' id='word_1_40' title='bbox 1282 603 1412 675; x_wconf 87' lang='lat' dir='ltr'><strong>Datum,</strong></span> <span class='ocrx_word' id='word_1_41' title='bbox 1429 604 1491 666; x_wconf 87' lang='lat' dir='ltr'><strong>eto.</strong></span> <span class='ocrx_word' id='word_1_42' title='bbox 1504 603 1565 682; x_wconf 82' lang='lat' dir='ltr'><strong>‚(ut</strong></span> <span class='ocrx_word' id='word_1_43' title='bbox 1586 603 1722 684; x_wconf 78' lang='lat' dir='ltr'><strong>satpra).</strong></span> 
     </span>
     <span class='ocr_line' id='line_1_5' title="bbox 79 697 1723 777; baseline 0.002 -16"><span class='ocrx_word' id='word_1_44' title='bbox 79 715 163 761; x_wconf 82' lang='lat' dir='ltr'><strong>uera</strong></span> <span class='ocrx_word' id='word_1_45' title='bbox 187 716 260 762; x_wconf 90' lang='lat' dir='ltr'><strong>esse</strong></span> <span class='ocrx_word' id='word_1_46' title='bbox 283 699 531 777; x_wconf 66' lang='lat' dir='ltr'><strong>perspicientes,</strong></span> <span class='ocrx_word' id='word_1_47' title='bbox 555 715 628 776; x_wconf 87' lang='lat' dir='ltr'><strong>quae</strong></span> <span class='ocrx_word' id='word_1_48' title='bbox 652 699 692 760; x_wconf 91' lang='lat' dir='ltr'><strong>de</strong></span> <span class='ocrx_word' id='word_1_49' title='bbox 715 700 874 775; x_wconf 84' lang='lat' dir='ltr'><strong>magistro</strong></span> <span class='ocrx_word' id='word_1_50' title='bbox 968 697 1061 758; x_wconf 86' lang='lat' dir='ltr'><strong>Nulli</strong></span> <span class='ocrx_word' id='word_1_51' title='bbox 1082 713 1173 774; x_wconf 83' lang='lat' dir='ltr'><strong>ergo,</strong></span> <span class='ocrx_word' id='word_1_52' title='bbox 1200 699 1280 771; x_wconf 83' lang='lat' dir='ltr'><strong>etc,</strong></span> <span class='ocrx_word' id='word_1_53' title='bbox 1310 702 1433 763; x_wconf 86' lang='lat' dir='ltr'><strong>nostrae</strong></span> <span class='ocrx_word' id='word_1_54' title='bbox 1463 700 1723 766; x_wconf 84' lang='lat' dir='ltr'><strong>confirmationis</strong></span> 
     </span>
     <span class='ocr_line' id='line_1_6' title="bbox 81 794 1725 874; baseline 0.003 -17"><span class='ocrx_word' id='word_1_55' title='bbox 81 798 205 858; x_wconf 85' lang='lat' dir='ltr'><strong>sanctae</strong></span> <span class='ocrx_word' id='word_1_56' title='bbox 216 797 519 874; x_wconf 89' lang='lat' dir='ltr'><strong>domusbospitalis</strong></span> <span class='ocrx_word' id='word_1_57' title='bbox 535 798 568 859; x_wconf 89' lang='lat' dir='ltr'><strong>et</strong></span> <span class='ocrx_word' id='word_1_58' title='bbox 580 797 737 858; x_wconf 86' lang='lat' dir='ltr'><strong>iratribus</strong></span> <span class='ocrx_word' id='word_1_59' title='bbox 751 798 874 859; x_wconf 89' lang='lat' dir='ltr'><strong>nostris</strong></span> <span class='ocrx_word' id='word_1_60' title='bbox 929 794 1122 870; x_wconf 86' lang='lat' dir='ltr'><strong>intringere,</strong></span> <span class='ocrx_word' id='word_1_61' title='bbox 1153 797 1215 858; x_wconf 90' lang='lat' dir='ltr'><strong>etc.</strong></span> <span class='ocrx_word' id='word_1_62' title='bbox 1243 797 1279 858; x_wconf 80' lang='lat' dir='ltr'><strong>si</strong></span> <span class='ocrx_word' id='word_1_63' title='bbox 1294 798 1367 873; x_wconf 83' lang='lat' dir='ltr'><strong>quis</strong></span> <span class='ocrx_word' id='word_1_64' title='bbox 1388 799 1509 871; x_wconf 89' lang='lat' dir='ltr'><strong>autem,</strong></span> <span class='ocrx_word' id='word_1_65' title='bbox 1527 799 1589 860; x_wconf 83' lang='lat' dir='ltr'><strong>eto.</strong></span> <span class='ocrx_word' id='word_1_66' title='bbox 1606 801 1725 862; x_wconf 89' lang='lat' dir='ltr'><strong>Datum</strong></span> 
     </span>
     <span class='ocr_line' id='line_1_7' title="bbox 79 891 1724 991; baseline 0.003 -38"><span class='ocrx_word' id='word_1_67' title='bbox 79 894 245 970; x_wconf 90' lang='lat' dir='ltr'><strong>quondam</strong></span> <span class='ocrx_word' id='word_1_68' title='bbox 258 894 392 955; x_wconf 82' lang='lat' dir='ltr'><strong>fuerant</strong></span> <span class='ocrx_word' id='word_1_69' title='bbox 404 893 542 956; x_wconf 91' lang='lat' dir='ltr'><strong>auribus</strong></span> <span class='ocrx_word' id='word_1_70' title='bbox 554 895 717 965; x_wconf 89' lang='lat' dir='ltr'><strong>intimata,</strong></span> <span class='ocrx_word' id='word_1_71' title='bbox 734 897 767 956; x_wconf 91' lang='lat' dir='ltr'><strong>et</strong></span> <span class='ocrx_word' id='word_1_72' title='bbox 779 895 874 956; x_wconf 91' lang='lat' dir='ltr'><strong>nobis</strong></span> <span class='ocrx_word' id='word_1_73' title='bbox 931 891 1105 965; x_wconf 76' lang='lat' dir='ltr'><strong>Laterani,</strong></span> <span class='ocrx_word' id='word_1_74' title='bbox 1134 895 1162 955; x_wconf 85' lang='lat' dir='ltr'>V</span> <span class='ocrx_word' id='word_1_75' title='bbox 1195 892 1356 958; x_wconf 86' lang='lat' dir='ltr'><strong>kalendas</strong></span> <span class='ocrx_word' id='word_1_76' title='bbox 1383 895 1483 972; x_wconf 89' lang='lat' dir='ltr'><strong>julii,</strong></span> <span class='ocrx_word' id='word_1_77' title='bbox 1513 896 1724 991; x_wconf 60' lang='lat' dir='ltr'><strong>pontificatus</strong></span> 
     </span>
    </p>
   </div>
   <div class='ocr_carea' id='block_1_3' title="bbox 8 990 876 4457">
    <p class='ocr_par' dir='ltr' id='par_1_3' title="bbox 8 990 876 4457">
     <span class='ocr_line' id='line_1_8' title="bbox 32 990 874 1066; baseline 0.006 -16"><span class='ocrx_word' id='word_1_78' title='bbox 32 1039 34 1042; x_wconf 48' lang='lat'><strong>.</strong></span> <span class='ocrx_word' id='word_1_79' title='bbox 78 990 186 1052; x_wconf 86' lang='lat' dir='ltr'><strong>iactas</strong></span> <span class='ocrx_word' id='word_1_80' title='bbox 200 990 341 1052; x_wconf 89' lang='lat' dir='ltr'><strong>delicias</strong></span> <span class='ocrx_word' id='word_1_81' title='bbox 355 993 388 1052; x_wconf 89' lang='lat' dir='ltr'><strong>et</strong></span> <span class='ocrx_word' id='word_1_82' title='bbox 402 990 545 1052; x_wconf 90' lang='lat' dir='ltr'><strong>bonores</strong></span> <span class='ocrx_word' id='word_1_83' title='bbox 562 991 812 1066; x_wconf 82' lang='lat' dir='ltr'><strong>ingratitudinis</strong></span> <span class='ocrx_word' id='word_1_84' title='bbox 825 993 874 1055; x_wconf 92' lang='lat' dir='ltr'><strong>si-</strong></span> 
     </span>
     <span class='ocr_line' id='line_1_9' title="bbox 76 1086 874 1164; baseline 0.006 -18"><span class='ocrx_word' id='word_1_85' title='bbox 76 1086 184 1148; x_wconf 91' lang='lat' dir='ltr'><strong>lentio</strong></span> <span class='ocrx_word' id='word_1_86' title='bbox 209 1089 303 1164; x_wconf 87' lang='lat' dir='ltr'><strong>quasi</strong></span> <span class='ocrx_word' id='word_1_87' title='bbox 330 1088 583 1150; x_wconf 87' lang='lat' dir='ltr'><strong>conniventibus</strong></span> <span class='ocrx_word' id='word_1_88' title='bbox 600 1088 705 1149; x_wconf 91' lang='lat' dir='ltr'><strong>oculis</strong></span> <span class='ocrx_word' id='word_1_89' title='bbox 725 1089 874 1151; x_wconf 88' lang='lat' dir='ltr'><strong>nolentes</strong></span> 
     </span>
     <span class='ocr_line' id='line_1_10' title="bbox 76 1184 873 1264; baseline 0.006 -21"><span class='ocrx_word' id='word_1_90' title='bbox 76 1184 261 1259; x_wconf 80' lang='lat' dir='ltr'><strong>praeterire,</strong></span> <span class='ocrx_word' id='word_1_91' title='bbox 287 1186 388 1256; x_wconf 87' lang='lat' dir='ltr'><strong>immo</strong></span> <span class='ocrx_word' id='word_1_92' title='bbox 412 1201 471 1262; x_wconf 89' lang='lat' dir='ltr'><strong>pro</strong></span> <span class='ocrx_word' id='word_1_93' title='bbox 491 1185 730 1264; x_wconf 81' lang='lat' dir='ltr'><strong>temporalibus</strong></span> <span class='ocrx_word' id='word_1_94' title='bbox 749 1186 873 1248; x_wconf 82' lang='lat' dir='ltr'><strong>aeterna</strong></span> 
     </span>
     <span class='ocr_line' id='line_1_11' title="bbox 76 1281 875 1354; baseline 0.008 -14"><span class='ocrx_word' id='word_1_95' title='bbox 76 1281 230 1341; x_wconf 85' lang='lat' dir='ltr'><strong>volentes</strong></span> <span class='ocrx_word' id='word_1_96' title='bbox 255 1283 391 1354; x_wconf 86' lang='lat' dir='ltr'><strong>metere,</strong></span> <span class='ocrx_word' id='word_1_97' title='bbox 411 1284 445 1344; x_wconf 91' lang='lat' dir='ltr'><strong>et</strong></span> <span class='ocrx_word' id='word_1_98' title='bbox 467 1283 661 1344; x_wconf 85' lang='lat' dir='ltr'><strong>transitoria</strong></span> <span class='ocrx_word' id='word_1_99' title='bbox 686 1282 875 1346; x_wconf 73' lang='lat' dir='ltr'><strong>scelestibus</strong></span> 
     </span>
     <span class='ocr_line' id='line_1_12' title="bbox 77 1379 872 1457; baseline 0.006 -20"><span class='ocrx_word' id='word_1_100' title='bbox 77 1383 295 1450; x_wconf 88' lang='lat' dir='ltr'><strong>commutare,</strong></span> <span class='ocrx_word' id='word_1_101' title='bbox 324 1379 438 1440; x_wconf 89' lang='lat' dir='ltr'><strong>babita</strong></span> <span class='ocrx_word' id='word_1_102' title='bbox 455 1380 695 1442; x_wconf 75' lang='lat' dir='ltr'><strong>deliberatione</strong></span> <span class='ocrx_word' id='word_1_103' title='bbox 713 1381 872 1457; x_wconf 86' lang='lat' dir='ltr'><strong>legitima,</strong></span> 
     </span>
     <span class='ocr_line' id='line_1_13' title="bbox 75 1473 874 1554; baseline 0.006 -20"><span class='ocrx_word' id='word_1_104' title='bbox 75 1489 121 1534; x_wconf 85' lang='lat' dir='ltr'><strong>ex</strong></span> <span class='ocrx_word' id='word_1_105' title='bbox 141 1473 304 1535; x_wconf 87' lang='lat' dir='ltr'><strong>baronum</strong></span> <span class='ocrx_word' id='word_1_106' title='bbox 328 1477 518 1538; x_wconf 90' lang='lat' dir='ltr'><strong>nostrorum</strong></span> <span class='ocrx_word' id='word_1_107' title='bbox 542 1476 683 1541; x_wconf 89' lang='lat' dir='ltr'><strong>oonsilio</strong></span> <span class='ocrx_word' id='word_1_108' title='bbox 708 1477 874 1554; x_wconf 69' lang='lat' dir='ltr'><strong>predicte</strong></span> 
     </span>
     <span class='ocr_line' id='line_1_14' title="bbox 78 1570 876 1651; baseline 0.006 -20"><span class='ocrx_word' id='word_1_109' title='bbox 78 1570 192 1632; x_wconf 92' lang='lat' dir='ltr'><strong>domui</strong></span> <span class='ocrx_word' id='word_1_110' title='bbox 207 1572 375 1649; x_wconf 89' lang='lat' dir='ltr'><strong>hospitali,</strong></span> <span class='ocrx_word' id='word_1_111' title='bbox 394 1575 553 1651; x_wconf 84' lang='lat' dir='ltr'><strong>quantum</strong></span> <span class='ocrx_word' id='word_1_112' title='bbox 573 1574 669 1636; x_wconf 90' lang='lat' dir='ltr'><strong>nobis</strong></span> <span class='ocrx_word' id='word_1_113' title='bbox 683 1589 744 1651; x_wconf 92' lang='lat' dir='ltr'><strong>pro</strong></span> <span class='ocrx_word' id='word_1_114' title='bbox 765 1589 876 1636; x_wconf 63' lang='lat' dir='ltr'><strong>rems</strong></span> 
     </span>
     <span class='ocr_line' id='line_1_15' title="bbox 78 1668 875 1748; baseline 0.01 -21"><span class='ocrx_word' id='word_1_115' title='bbox 78 1668 134 1728; x_wconf 93' lang='lat' dir='ltr'><strong>dio</strong></span> <span class='ocrx_word' id='word_1_116' title='bbox 150 1668 271 1731; x_wconf 81' lang='lat' dir='ltr'><strong>animae</strong></span> <span class='ocrx_word' id='word_1_117' title='bbox 281 1671 404 1732; x_wconf 83' lang='lat' dir='ltr'><strong>nostrae</strong></span> <span class='ocrx_word' id='word_1_118' title='bbox 417 1669 542 1732; x_wconf 89' lang='lat' dir='ltr'><strong>donare</strong></span> <span class='ocrx_word' id='word_1_119' title='bbox 550 1671 686 1748; x_wconf 90' lang='lat' dir='ltr'><strong>placuit,</strong></span> <span class='ocrx_word' id='word_1_120' title='bbox 699 1672 875 1736; x_wconf 85' lang='lat' dir='ltr'><strong>statuimus</strong></span> 
     </span>
     <span class='ocr_line' id='line_1_16' title="bbox 77 1765 876 1846; baseline 0.009 -22"><span class='ocrx_word' id='word_1_121' title='bbox 77 1765 113 1825; x_wconf 91' lang='lat' dir='ltr'><strong>in</strong></span> <span class='ocrx_word' id='word_1_122' title='bbox 128 1769 255 1842; x_wconf 80' lang='lat' dir='ltr'><strong>Accon3</strong></span> <span class='ocrx_word' id='word_1_123' title='bbox 273 1767 329 1828; x_wconf 88' lang='lat' dir='ltr'><strong>sed</strong></span> <span class='ocrx_word' id='word_1_124' title='bbox 345 1768 386 1828; x_wconf 91' lang='lat' dir='ltr'><strong>ad</strong></span> <span class='ocrx_word' id='word_1_125' title='bbox 409 1770 520 1845; x_wconf 87' lang='lat' dir='ltr'><strong>partes</strong></span> <span class='ocrx_word' id='word_1_126' title='bbox 541 1769 766 1846; x_wconf 83' lang='lat' dir='ltr'><strong>Tripolitanae</strong></span> <span class='ocrx_word' id='word_1_127' title='bbox 780 1770 876 1831; x_wconf 81' lang='lat' dir='ltr'><strong>tran-</strong></span> 
     </span>
     <span class='ocr_line' id='line_1_17' title="bbox 78 1865 874 1942; baseline 0.01 -21"><span class='ocrx_word' id='word_1_128' title='bbox 78 1865 225 1936; x_wconf 89' lang='lat' dir='ltr'><strong>seuntes,</strong></span> <span class='ocrx_word' id='word_1_129' title='bbox 242 1865 386 1926; x_wconf 84' lang='lat' dir='ltr'><strong>vidimus</strong></span> <span class='ocrx_word' id='word_1_130' title='bbox 398 1866 571 1926; x_wconf 89' lang='lat' dir='ltr'><strong>castellum</strong></span> <span class='ocrx_word' id='word_1_131' title='bbox 583 1866 672 1927; x_wconf 83' lang='lat' dir='ltr'><strong>Grati</strong></span> <span class='ocrx_word' id='word_1_132' title='bbox 687 1881 808 1942; x_wconf 85' lang='lat' dir='ltr'><strong>magno</strong></span> <span class='ocrx_word' id='word_1_133' title='bbox 819 1867 874 1928; x_wconf 87' lang='lat' dir='ltr'><strong>la-</strong></span> 
     </span>
     <span class='ocr_line' id='line_1_18' title="bbox 76 1959 875 2040; baseline 0.01 -22"><span class='ocrx_word' id='word_1_134' title='bbox 76 1959 158 2020; x_wconf 89' lang='lat' dir='ltr'><strong>bore</strong></span> <span class='ocrx_word' id='word_1_135' title='bbox 168 1962 202 2021; x_wconf 90' lang='lat' dir='ltr'><strong>et</strong></span> <span class='ocrx_word' id='word_1_136' title='bbox 213 1961 344 2038; x_wconf 90' lang='lat' dir='ltr'><strong>sumptu</strong></span> <span class='ocrx_word' id='word_1_137' title='bbox 352 1963 509 2040; x_wconf 83' lang='lat' dir='ltr'><strong>tanquam</strong></span> <span class='ocrx_word' id='word_1_138' title='bbox 519 1964 618 2024; x_wconf 88' lang='lat' dir='ltr'><strong>terrae</strong></span> <span class='ocrx_word' id='word_1_139' title='bbox 627 1963 752 2024; x_wconf 86' lang='lat' dir='ltr'><strong>clavem</strong></span> <span class='ocrx_word' id='word_1_140' title='bbox 765 1964 875 2026; x_wconf 89' lang='lat' dir='ltr'><strong>Gbris·</strong></span> 
     </span>
     <span class='ocr_line' id='line_1_19' title="bbox 75 2055 875 2136; baseline 0.006 -19"><span class='ocrx_word' id='word_1_141' title='bbox 75 2055 178 2117; x_wconf 86' lang='lat' dir='ltr'><strong>tianae</strong></span> <span class='ocrx_word' id='word_1_142' title='bbox 193 2057 341 2130; x_wconf 90' lang='lat' dir='ltr'><strong>retineri,</strong></span> <span class='ocrx_word' id='word_1_143' title='bbox 357 2063 389 2120; x_wconf 93' lang='lat' dir='ltr'><strong>et</strong></span> <span class='ocrx_word' id='word_1_144' title='bbox 402 2060 479 2134; x_wconf 85' lang='lat' dir='ltr'><strong>quia</strong></span> <span class='ocrx_word' id='word_1_145' title='bbox 489 2059 532 2119; x_wconf 92' lang='lat' dir='ltr'><strong>ibi</strong></span> <span class='ocrx_word' id='word_1_146' title='bbox 547 2059 690 2134; x_wconf 90' lang='lat' dir='ltr'><strong>benigne</strong></span> <span class='ocrx_word' id='word_1_147' title='bbox 701 2061 733 2120; x_wconf 87' lang='lat' dir='ltr'><strong>et</strong></span> <span class='ocrx_word' id='word_1_148' title='bbox 743 2063 875 2136; x_wconf 88' lang='lat' dir='ltr'><strong>magni-</strong></span> 
     </span>
     <span class='ocr_line' id='line_1_20' title="bbox 77 2155 871 2230; baseline 0.005 -17"><span class='ocrx_word' id='word_1_149' title='bbox 77 2155 150 2225; x_wconf 87' lang='lat' dir='ltr'><strong>ilce,</strong></span> <span class='ocrx_word' id='word_1_150' title='bbox 162 2156 198 2216; x_wconf 91' lang='lat' dir='ltr'><strong>ut</strong></span> <span class='ocrx_word' id='word_1_151' title='bbox 211 2157 360 2216; x_wconf 88' lang='lat' dir='ltr'><strong>nostram</strong></span> <span class='ocrx_word' id='word_1_152' title='bbox 373 2155 484 2218; x_wconf 89' lang='lat' dir='ltr'><strong>decuit</strong></span> <span class='ocrx_word' id='word_1_153' title='bbox 491 2156 618 2230; x_wconf 90' lang='lat' dir='ltr'><strong>regiam</strong></span> <span class='ocrx_word' id='word_1_154' title='bbox 629 2155 871 2229; x_wconf 86' lang='lat' dir='ltr'><strong>celsitudinem,</strong></span> 
     </span>
     <span class='ocr_line' id='line_1_21' title="bbox 77 2250 872 2334; baseline 0.006 -25"><span class='ocrx_word' id='word_1_155' title='bbox 77 2250 119 2310; x_wconf 89' lang='lat' dir='ltr'><strong>ab</strong></span> <span class='ocrx_word' id='word_1_156' title='bbox 142 2250 291 2334; x_wconf 77' lang='lat' dir='ltr'><strong>eJusdem</strong></span> <span class='ocrx_word' id='word_1_157' title='bbox 311 2253 412 2313; x_wconf 88' lang='lat' dir='ltr'><strong>castri</strong></span> <span class='ocrx_word' id='word_1_158' title='bbox 437 2252 629 2319; x_wconf 88' lang='lat' dir='ltr'><strong>castellano,</strong></span> <span class='ocrx_word' id='word_1_159' title='bbox 654 2251 759 2314; x_wconf 74' lang='lat' dir='ltr'><strong>tratre</strong></span> <span class='ocrx_word' id='word_1_160' title='bbox 779 2257 872 2330; x_wconf 84' lang='lat' dir='ltr'><strong>Ray·</strong></span> 
     </span>
     <span class='ocr_line' id='line_1_22' title="bbox 76 2347 872 2422; baseline 0.006 -16"><span class='ocrx_word' id='word_1_161' title='bbox 76 2347 200 2408; x_wconf 91' lang='lat' dir='ltr'><strong>mundo</strong></span> <span class='ocrx_word' id='word_1_162' title='bbox 213 2348 254 2408; x_wconf 90' lang='lat' dir='ltr'><strong>de</strong></span> <span class='ocrx_word' id='word_1_163' title='bbox 266 2349 426 2422; x_wconf 88' lang='lat' dir='ltr'><strong>Pignano,</strong></span> <span class='ocrx_word' id='word_1_164' title='bbox 443 2349 477 2410; x_wconf 90' lang='lat' dir='ltr'><strong>et</strong></span> <span class='ocrx_word' id='word_1_165' title='bbox 487 2349 563 2409; x_wconf 84' lang='lat' dir='ltr'><strong>aliis</strong></span> <span class='ocrx_word' id='word_1_166' title='bbox 579 2349 735 2410; x_wconf 85' lang='lat' dir='ltr'><strong>tratribus</strong></span> <span class='ocrx_word' id='word_1_167' title='bbox 749 2350 872 2411; x_wconf 91' lang='lat' dir='ltr'><strong>ibidem</strong></span> 
     </span>
     <span class='ocr_line' id='line_1_23' title="bbox 77 2444 872 2521; baseline 0.003 -17"><span class='ocrx_word' id='word_1_168' title='bbox 77 2444 358 2506; x_wconf 87' lang='lat' dir='ltr'><strong>commorantibus</strong></span> <span class='ocrx_word' id='word_1_169' title='bbox 383 2445 508 2521; x_wconf 90' lang='lat' dir='ltr'><strong>recepti</strong></span> <span class='ocrx_word' id='word_1_170' title='bbox 531 2445 665 2516; x_wconf 88' lang='lat' dir='ltr'><strong>fuimus,</strong></span> <span class='ocrx_word' id='word_1_171' title='bbox 695 2447 872 2508; x_wconf 89' lang='lat' dir='ltr'><strong>constitui·</strong></span> 
     </span>
     <span class='ocr_line' id='line_1_24' title="bbox 77 2541 875 2618; baseline 0.005 -18"><span class='ocrx_word' id='word_1_172' title='bbox 77 2541 324 2617; x_wconf 69' lang='lat' dir='ltr'><strong>rnus&#39;praedioto</strong></span> <span class='ocrx_word' id='word_1_173' title='bbox 339 2543 448 2603; x_wconf 92' lang='lat' dir='ltr'><strong>castro</strong></span> <span class='ocrx_word' id='word_1_174' title='bbox 463 2543 594 2604; x_wconf 79' lang='lat' dir='ltr'><strong>centum</strong></span> <span class='ocrx_word' id='word_1_175' title='bbox 606 2541 784 2602; x_wconf 87' lang='lat' dir='ltr'><strong>marcasde</strong></span> <span class='ocrx_word' id='word_1_176' title='bbox 796 2559 875 2618; x_wconf 92' lang='lat' dir='ltr'><strong>pro-</strong></span> 
     </span>
     <span class='ocr_line' id='line_1_25' title="bbox 75 2631 871 2711; baseline 0.003 -13"><span class='ocrx_word' id='word_1_177' title='bbox 75 2631 231 2699; x_wconf 78' lang='lat' dir='ltr'><strong>ventibus</strong></span> <span class='ocrx_word' id='word_1_178' title='bbox 257 2631 377 2700; x_wconf 89' lang='lat' dir='ltr'><strong>salium</strong></span> <span class='ocrx_word' id='word_1_179' title='bbox 406 2641 594 2700; x_wconf 87' lang='lat' dir='ltr'><strong>nostrorum</strong></span> <span class='ocrx_word' id='word_1_180' title='bbox 618 2639 653 2700; x_wconf 91' lang='lat' dir='ltr'><strong>in</strong></span> <span class='ocrx_word' id='word_1_181' title='bbox 683 2640 871 2711; x_wconf 86' lang='lat' dir='ltr'><strong>Scolasobe,</strong></span> 
     </span>
     <span class='ocr_line' id='line_1_26' title="bbox 79 2736 873 2812; baseline 0.001 -16"><span class='ocrx_word' id='word_1_182' title='bbox 79 2736 250 2796; x_wconf 87' lang='lat' dir='ltr'><strong>annuatim</strong></span> <span class='ocrx_word' id='word_1_183' title='bbox 270 2736 304 2796; x_wconf 92' lang='lat' dir='ltr'><strong>in</strong></span> <span class='ocrx_word' id='word_1_184' title='bbox 333 2736 458 2812; x_wconf 87' lang='lat' dir='ltr'><strong>pascali</strong></span> <span class='ocrx_word' id='word_1_185' title='bbox 482 2737 646 2812; x_wconf 89' lang='lat' dir='ltr'><strong>tempore,</strong></span> <span class='ocrx_word' id='word_1_186' title='bbox 676 2736 712 2796; x_wconf 93' lang='lat' dir='ltr'><strong>in</strong></span> <span class='ocrx_word' id='word_1_187' title='bbox 736 2739 873 2811; x_wconf 89' lang='lat' dir='ltr'><strong>argento</strong></span> 
     </span>
     <span class='ocr_line' id='line_1_27' title="bbox 77 2831 872 2908; baseline 0.004 -17"><span class='ocrx_word' id='word_1_188' title='bbox 77 2832 321 2908; x_wconf 88' lang='lat' dir='ltr'><strong>inperpetuum</strong></span> <span class='ocrx_word' id='word_1_189' title='bbox 348 2833 421 2893; x_wconf 91' lang='lat' dir='ltr'><strong>sine</strong></span> <span class='ocrx_word' id='word_1_190' title='bbox 443 2831 705 2894; x_wconf 84' lang='lat' dir='ltr'><strong>contradictione</strong></span> <span class='ocrx_word' id='word_1_191' title='bbox 725 2834 758 2895; x_wconf 90' lang='lat' dir='ltr'><strong>et</strong></span> <span class='ocrx_word' id='word_1_192' title='bbox 783 2834 872 2894; x_wconf 87' lang='lat' dir='ltr'><strong>dila-</strong></span> 
     </span>
     <span class='ocr_line' id='line_1_28' title="bbox 77 2929 870 3007; baseline 0 -17"><span class='ocrx_word' id='word_1_193' title='bbox 77 2930 168 2990; x_wconf 87' lang='lat' dir='ltr'><strong>tione</strong></span> <span class='ocrx_word' id='word_1_194' title='bbox 190 2929 336 3006; x_wconf 85' lang='lat' dir='ltr'><strong>qualibet</strong></span> <span class='ocrx_word' id='word_1_195' title='bbox 352 2930 567 3006; x_wconf 86' lang='lat' dir='ltr'><strong>possidendas</strong></span> <span class='ocrx_word' id='word_1_196' title='bbox 587 2931 620 2991; x_wconf 92' lang='lat' dir='ltr'><strong>et</strong></span> <span class='ocrx_word' id='word_1_197' title='bbox 642 2929 870 3007; x_wconf 68' lang='lat' dir='ltr'><strong>recipiendam</strong></span> 
     </span>
     <span class='ocr_line' id='line_1_29' title="bbox 77 3023 872 3103; baseline 0 -17"><span class='ocrx_word' id='word_1_198' title='bbox 77 3026 124 3086; x_wconf 90' lang='lat' dir='ltr'><strong>ita</strong></span> <span class='ocrx_word' id='word_1_199' title='bbox 150 3027 235 3103; x_wconf 84' lang='lat' dir='ltr'><strong>quod</strong></span> <span class='ocrx_word' id='word_1_200' title='bbox 271 3027 400 3088; x_wconf 89' lang='lat' dir='ltr'><strong>ratione</strong></span> <span class='ocrx_word' id='word_1_201' title='bbox 428 3023 660 3103; x_wconf 81' lang='lat' dir='ltr'><strong>praenominati</strong></span> <span class='ocrx_word' id='word_1_202' title='bbox 697 3027 872 3088; x_wconf 88' lang='lat' dir='ltr'><strong>castellani</strong></span> 
     </span>
     <span class='ocr_line' id='line_1_30' title="bbox 77 3123 872 3199; baseline 0.004 -18"><span class='ocrx_word' id='word_1_203' title='bbox 77 3125 249 3197; x_wconf 83' lang='lat' dir='ltr'><strong>sexaginta</strong></span> <span class='ocrx_word' id='word_1_204' title='bbox 273 3123 357 3184; x_wconf 91' lang='lat' dir='ltr'><strong>adeo</strong></span> <span class='ocrx_word' id='word_1_205' title='bbox 380 3125 525 3199; x_wconf 86' lang='lat' dir='ltr'><strong>proprie,</strong></span> <span class='ocrx_word' id='word_1_206' title='bbox 551 3137 589 3183; x_wconf 85' lang='lat' dir='ltr'><strong>ao</strong></span> <span class='ocrx_word' id='word_1_207' title='bbox 613 3124 643 3183; x_wconf 92' lang='lat' dir='ltr'><strong>si</strong></span> <span class='ocrx_word' id='word_1_208' title='bbox 669 3123 811 3198; x_wconf 89' lang='lat' dir='ltr'><strong>ipsemet</strong></span> <span class='ocrx_word' id='word_1_209' title='bbox 832 3124 872 3184; x_wconf 93' lang='lat' dir='ltr'><strong>de</strong></span> 
     </span>
     <span class='ocr_line' id='line_1_31' title="bbox 8 3207 872 3296; baseline 0.001 -17"><span class='ocrx_word' id='word_1_210' title='bbox 8 3207 9 3210; x_wconf 50' lang='lat'>&#39;</span> <span class='ocrx_word' id='word_1_211' title='bbox 77 3219 210 3296; x_wconf 91' lang='lat' dir='ltr'><strong>proprio</strong></span> <span class='ocrx_word' id='word_1_212' title='bbox 246 3220 445 3296; x_wconf 87' lang='lat' dir='ltr'><strong>patrimonio</strong></span> <span class='ocrx_word' id='word_1_213' title='bbox 473 3219 684 3290; x_wconf 85' lang='lat' dir='ltr'><strong>statuissent,</strong></span> <span class='ocrx_word' id='word_1_214' title='bbox 713 3219 872 3281; x_wconf 86' lang='lat' dir='ltr'><strong>iratribus</strong></span> 
     </span>
     <span class='ocr_line' id='line_1_32' title="bbox 75 3315 873 3392; baseline 0 -16"><span class='ocrx_word' id='word_1_215' title='bbox 75 3331 154 3378; x_wconf 79' lang='lat' dir='ltr'><strong>uero</strong></span> <span class='ocrx_word' id='word_1_216' title='bbox 166 3316 397 3392; x_wconf 86' lang='lat' dir='ltr'><strong>quadraginta.</strong></span> <span class='ocrx_word' id='word_1_217' title='bbox 405 3315 540 3376; x_wconf 86' lang='lat' dir='ltr'><strong>Talibus</strong></span> <span class='ocrx_word' id='word_1_218' title='bbox 553 3317 675 3377; x_wconf 89' lang='lat' dir='ltr'><strong>etenim</strong></span> <span class='ocrx_word' id='word_1_219' title='bbox 688 3316 873 3392; x_wconf 86' lang='lat' dir='ltr'><strong>eleemosy-</strong></span> 
     </span>
     <span class='ocr_line' id='line_1_33' title="bbox 77 3411 872 3488; baseline 0 -16"><span class='ocrx_word' id='word_1_220' title='bbox 77 3427 153 3472; x_wconf 90' lang='lat' dir='ltr'><strong>nam</strong></span> <span class='ocrx_word' id='word_1_221' title='bbox 168 3413 315 3474; x_wconf 87' lang='lat' dir='ltr'><strong>nostram</strong></span> <span class='ocrx_word' id='word_1_222' title='bbox 325 3411 410 3472; x_wconf 88' lang='lat' dir='ltr'><strong>bene</strong></span> <span class='ocrx_word' id='word_1_223' title='bbox 425 3411 590 3473; x_wconf 90' lang='lat' dir='ltr'><strong>oredimus</strong></span> <span class='ocrx_word' id='word_1_224' title='bbox 600 3412 805 3483; x_wconf 89' lang='lat' dir='ltr'><strong>collocatam,</strong></span> <span class='ocrx_word' id='word_1_225' title='bbox 815 3412 872 3488; x_wconf 85' lang='lat' dir='ltr'><strong>qui</strong></span> 
     </span>
     <span class='ocr_line' id='line_1_34' title="bbox 79 3509 872 3586; baseline 0.001 -18"><span class='ocrx_word' id='word_1_226' title='bbox 79 3509 224 3586; x_wconf 86' lang='lat' dir='ltr'><strong>quotidie</strong></span> <span class='ocrx_word' id='word_1_227' title='bbox 247 3510 458 3570; x_wconf 89' lang='lat' dir='ltr'><strong>innumeram</strong></span> <span class='ocrx_word' id='word_1_228' title='bbox 478 3523 660 3585; x_wconf 88' lang='lat' dir='ltr'><strong>pauperum</strong></span> <span class='ocrx_word' id='word_1_229' title='bbox 681 3509 872 3570; x_wconf 90' lang='lat' dir='ltr'><strong>multitudi-</strong></span> 
     </span>
     <span class='ocr_line' id='line_1_35' title="bbox 77 3605 871 3689; baseline 0 -24"><span class='ocrx_word' id='word_1_230' title='bbox 77 3621 153 3665; x_wconf 91' lang='lat' dir='ltr'><strong>nem</strong></span> <span class='ocrx_word' id='word_1_231' title='bbox 174 3605 338 3671; x_wconf 88' lang='lat' dir='ltr'><strong>retlciunt,</strong></span> <span class='ocrx_word' id='word_1_232' title='bbox 360 3606 417 3682; x_wconf 85' lang='lat' dir='ltr'><strong>qui</strong></span> <span class='ocrx_word' id='word_1_233' title='bbox 432 3606 766 3689; x_wconf 67' lang='lat' dir='ltr'><strong>languentiumartus</strong></span> <span class='ocrx_word' id='word_1_234' title='bbox 783 3605 871 3668; x_wconf 91' lang='lat' dir='ltr'><strong>mol-</strong></span> 
     </span>
     <span class='ocr_line' id='line_1_36' title="bbox 77 3701 871 3779; baseline 0 -17"><span class='ocrx_word' id='word_1_235' title='bbox 77 3701 164 3762; x_wconf 91' lang='lat' dir='ltr'><strong>libus</strong></span> <span class='ocrx_word' id='word_1_236' title='bbox 179 3703 394 3764; x_wconf 83' lang='lat' dir='ltr'><strong>lectisterniis</strong></span> <span class='ocrx_word' id='word_1_237' title='bbox 407 3702 573 3770; x_wconf 83' lang='lat' dir='ltr'><strong>relevent,</strong></span> <span class='ocrx_word' id='word_1_238' title='bbox 590 3703 647 3779; x_wconf 87' lang='lat' dir='ltr'><strong>qui</strong></span> <span class='ocrx_word' id='word_1_239' title='bbox 666 3703 871 3764; x_wconf 87' lang='lat' dir='ltr'><strong>mortuorum</strong></span> 
     </span>
     <span class='ocr_line' id='line_1_37' title="bbox 80 3799 871 3876; baseline 0.001 -17"><span class='ocrx_word' id='word_1_240' title='bbox 80 3815 228 3876; x_wconf 90' lang='lat' dir='ltr'><strong>corpora,</strong></span> <span class='ocrx_word' id='word_1_241' title='bbox 254 3804 274 3860; x_wconf 83' lang='lat' dir='ltr'><strong>a</strong></span> <span class='ocrx_word' id='word_1_242' title='bbox 297 3799 400 3860; x_wconf 86' lang='lat' dir='ltr'><strong>Tobia</strong></span> <span class='ocrx_word' id='word_1_243' title='bbox 424 3799 522 3870; x_wconf 89' lang='lat' dir='ltr'><strong>docti,</strong></span> <span class='ocrx_word' id='word_1_244' title='bbox 539 3799 640 3875; x_wconf 89' lang='lat' dir='ltr'><strong>digna</strong></span> <span class='ocrx_word' id='word_1_245' title='bbox 656 3801 871 3862; x_wconf 76' lang='lat' dir='ltr'><strong>ueneratione</strong></span> 
     </span>
     <span class='ocr_line' id='line_1_38' title="bbox 78 3896 868 3973; baseline 0.003 -17"><span class='ocrx_word' id='word_1_246' title='bbox 78 3897 252 3972; x_wconf 89' lang='lat' dir='ltr'><strong>sepeliunt,</strong></span> <span class='ocrx_word' id='word_1_247' title='bbox 265 3897 321 3973; x_wconf 84' lang='lat' dir='ltr'><strong>qni</strong></span> <span class='ocrx_word' id='word_1_248' title='bbox 335 3897 499 3972; x_wconf 88' lang='lat' dir='ltr'><strong>religione</strong></span> <span class='ocrx_word' id='word_1_249' title='bbox 513 3898 649 3958; x_wconf 88' lang='lat' dir='ltr'><strong>cunctos</strong></span> <span class='ocrx_word' id='word_1_250' title='bbox 664 3896 868 3973; x_wconf 83' lang='lat' dir='ltr'><strong>praecellunt,</strong></span> 
     </span>
     <span class='ocr_line' id='line_1_39' title="bbox 77 3993 872 4070; baseline 0.004 -18"><span class='ocrx_word' id='word_1_251' title='bbox 77 3995 133 4069; x_wconf 87' lang='lat' dir='ltr'><strong>qui</strong></span> <span class='ocrx_word' id='word_1_252' title='bbox 145 3994 356 4070; x_wconf 85' lang='lat' dir='ltr'><strong>quotidianos</strong></span> <span class='ocrx_word' id='word_1_253' title='bbox 366 3993 646 4054; x_wconf 72' lang='lat' dir='ltr'><strong>amalechitarum</strong></span> <span class='ocrx_word' id='word_1_254' title='bbox 660 3993 803 4056; x_wconf 86' lang='lat' dir='ltr'><strong>insultus</strong></span> <span class='ocrx_word' id='word_1_255' title='bbox 819 3995 872 4055; x_wconf 82' lang='lat' dir='ltr'><strong>ri-</strong></span> 
     </span>
     <span class='ocr_line' id='line_1_40' title="bbox 75 4090 870 4167; baseline 0.003 -17"><span class='ocrx_word' id='word_1_256' title='bbox 75 4090 184 4151; x_wconf 89' lang='lat' dir='ltr'><strong>riliter</strong></span> <span class='ocrx_word' id='word_1_257' title='bbox 198 4091 373 4166; x_wconf 90' lang='lat' dir='ltr'><strong>repellunt,</strong></span> <span class='ocrx_word' id='word_1_258' title='bbox 391 4091 447 4167; x_wconf 88' lang='lat' dir='ltr'><strong>qui</strong></span> <span class='ocrx_word' id='word_1_259' title='bbox 462 4093 588 4166; x_wconf 91' lang='lat' dir='ltr'><strong>partem</strong></span> <span class='ocrx_word' id='word_1_260' title='bbox 607 4091 718 4152; x_wconf 78' lang='lat' dir='ltr'><strong>Terrae</strong></span> <span class='ocrx_word' id='word_1_261' title='bbox 740 4094 870 4152; x_wconf 69' lang='lat' dir='ltr'><strong>sauctae</strong></span> 
     </span>
     <span class='ocr_line' id='line_1_41' title="bbox 76 4185 871 4264; baseline 0.003 -18"><span class='ocrx_word' id='word_1_262' title='bbox 76 4189 190 4247; x_wconf 88' lang='lat' dir='ltr'><strong>contra</strong></span> <span class='ocrx_word' id='word_1_263' title='bbox 210 4187 362 4248; x_wconf 88' lang='lat' dir='ltr'><strong>inimicos</strong></span> <span class='ocrx_word' id='word_1_264' title='bbox 384 4188 495 4249; x_wconf 87' lang='lat' dir='ltr'><strong>crucis</strong></span> <span class='ocrx_word' id='word_1_265' title='bbox 514 4185 636 4248; x_wconf 82' lang='lat' dir='ltr'><strong>christi</strong></span> <span class='ocrx_word' id='word_1_266' title='bbox 660 4188 693 4248; x_wconf 89' lang='lat' dir='ltr'><strong>et</strong></span> <span class='ocrx_word' id='word_1_267' title='bbox 712 4187 871 4264; x_wconf 89' lang='lat' dir='ltr'><strong>blaspbe-</strong></span> 
     </span>
     <span class='ocr_line' id='line_1_42' title="bbox 75 4281 869 4360; baseline 0.001 -18"><span class='ocrx_word' id='word_1_268' title='bbox 75 4284 218 4343; x_wconf 89' lang='lat' dir='ltr'><strong>matores</strong></span> <span class='ocrx_word' id='word_1_269' title='bbox 232 4281 378 4344; x_wconf 88' lang='lat' dir='ltr'><strong>nominis</strong></span> <span class='ocrx_word' id='word_1_270' title='bbox 391 4286 464 4360; x_wconf 89' lang='lat' dir='ltr'><strong>ejus</strong></span> <span class='ocrx_word' id='word_1_271' title='bbox 478 4283 630 4359; x_wconf 88' lang='lat' dir='ltr'><strong>potenter</strong></span> <span class='ocrx_word' id='word_1_272' title='bbox 643 4283 797 4354; x_wconf 90' lang='lat' dir='ltr'><strong>retinent,</strong></span> <span class='ocrx_word' id='word_1_273' title='bbox 813 4283 869 4344; x_wconf 92' lang='lat' dir='ltr'><strong>ubi</strong></span> 
     </span>
     <span class='ocr_line' id='line_1_43' title="bbox 75 4379 871 4457; baseline 0.001 -18"><span class='ocrx_word' id='word_1_274' title='bbox 75 4379 232 4440; x_wconf 88' lang='lat' dir='ltr'><strong>Dominus</strong></span> <span class='ocrx_word' id='word_1_275' title='bbox 253 4380 392 4441; x_wconf 88' lang='lat' dir='ltr'><strong>salutem</strong></span> <span class='ocrx_word' id='word_1_276' title='bbox 414 4380 551 4442; x_wconf 90' lang='lat' dir='ltr'><strong>humani</strong></span> <span class='ocrx_word' id='word_1_277' title='bbox 571 4381 703 4456; x_wconf 85' lang='lat' dir='ltr'><strong>generis</strong></span> <span class='ocrx_word' id='word_1_278' title='bbox 718 4395 778 4457; x_wconf 89' lang='lat' dir='ltr'><strong>per</strong></span> <span class='ocrx_word' id='word_1_279' title='bbox 792 4395 871 4441; x_wconf 87' lang='lat' dir='ltr'><strong>cru-</strong></span> 
     </span>
    </p>
   </div>
   <div class='ocr_carea' id='block_1_4' title="bbox 74 4477 908 4554">
    <p class='ocr_par' dir='ltr' id='par_1_4' title="bbox 74 4477 908 4554">
     <span class='ocr_line' id='line_1_44' title="bbox 74 4477 908 4554; baseline 0.004 -18"><span class='ocrx_word' id='word_1_280' title='bbox 74 4491 145 4537; x_wconf 89' lang='lat' dir='ltr'><strong>cem</strong></span> <span class='ocrx_word' id='word_1_281' title='bbox 167 4491 261 4536; x_wconf 87' lang='lat' dir='ltr'><strong>suam</strong></span> <span class='ocrx_word' id='word_1_282' title='bbox 283 4477 507 4540; x_wconf 83' lang='lat' dir='ltr'><strong>venerandam</strong></span> <span class='ocrx_word' id='word_1_283' title='bbox 530 4479 580 4538; x_wconf 89' lang='lat' dir='ltr'><strong>est</strong></span> <span class='ocrx_word' id='word_1_284' title='bbox 605 4477 761 4553; x_wconf 84' lang='lat' dir='ltr'><strong>dignatus</strong></span> <span class='ocrx_word' id='word_1_285' title='bbox 789 4493 870 4554; x_wconf 83' lang='lat' dir='ltr'><strong>ope-</strong></span> <span class='ocrx_word' id='word_1_286' title='bbox 904 4509 908 4516; x_wconf 90' lang='lat'>-</span> 
     </span>
    </p>
   </div>
   <div class='ocr_carea' id='block_1_5' title="bbox 72 4574 877 5038">
    <p class='ocr_par' dir='ltr' id='par_1_5' title="bbox 72 4574 877 5038">
     <span class='ocr_line' id='line_1_45' title="bbox 74 4574 877 4654; baseline 0.002 -20"><span class='ocrx_word' id='word_1_287' title='bbox 74 4574 159 4648; x_wconf 87' lang='lat' dir='ltr'><strong>rari;</strong></span> <span class='ocrx_word' id='word_1_288' title='bbox 184 4574 240 4650; x_wconf 86' lang='lat' dir='ltr'><strong>qui</strong></span> <span class='ocrx_word' id='word_1_289' title='bbox 273 4574 375 4635; x_wconf 85' lang='lat' dir='ltr'><strong>stolas</strong></span> <span class='ocrx_word' id='word_1_290' title='bbox 404 4589 481 4636; x_wconf 85' lang='lat' dir='ltr'><strong>sues</strong></span> <span class='ocrx_word' id='word_1_291' title='bbox 507 4575 621 4636; x_wconf 85' lang='lat' dir='ltr'><strong>lavant</strong></span> <span class='ocrx_word' id='word_1_292' title='bbox 655 4577 688 4636; x_wconf 91' lang='lat' dir='ltr'><strong>et</strong></span> <span class='ocrx_word' id='word_1_293' title='bbox 716 4574 877 4654; x_wconf 50' lang='lat' dir='ltr'><strong>dealbant,</strong></span> 
     </span>
     <span class='ocr_line' id='line_1_46' title="bbox 73 4671 868 4746; baseline 0 -14"><span class='ocrx_word' id='word_1_294' title='bbox 73 4673 110 4732; x_wconf 93' lang='lat' dir='ltr'><strong>in</strong></span> <span class='ocrx_word' id='word_1_295' title='bbox 125 4671 298 4746; x_wconf 83' lang='lat' dir='ltr'><strong>sanguine.</strong></span> <span class='ocrx_word' id='word_1_296' title='bbox 315 4671 349 4733; x_wconf 90' lang='lat' dir='ltr'><strong>et</strong></span> <span class='ocrx_word' id='word_1_297' title='bbox 363 4671 543 4732; x_wconf 87' lang='lat' dir='ltr'><strong>secuudum</strong></span> <span class='ocrx_word' id='word_1_298' title='bbox 556 4671 689 4732; x_wconf 89' lang='lat' dir='ltr'><strong>modum</strong></span> <span class='ocrx_word' id='word_1_299' title='bbox 706 4673 868 4734; x_wconf 85' lang='lat' dir='ltr'><strong>transitus</strong></span> 
     </span>
     <span class='ocr_line' id='line_1_47' title="bbox 72 4767 869 4843; baseline 0 -13"><span class='ocrx_word' id='word_1_300' title='bbox 72 4771 152 4830; x_wconf 85' lang='lat' dir='ltr'><strong>Josu</strong></span> <span class='ocrx_word' id='word_1_301' title='bbox 166 4767 288 4829; x_wconf 79' lang='lat' dir='ltr'><strong>Christi</strong></span> <span class='ocrx_word' id='word_1_302' title='bbox 308 4783 412 4843; x_wconf 89' lang='lat' dir='ltr'><strong>regna</strong></span> <span class='ocrx_word' id='word_1_303' title='bbox 436 4768 585 4832; x_wconf 89' lang='lat' dir='ltr'><strong>coelestia</strong></span> <span class='ocrx_word' id='word_1_304' title='bbox 607 4771 771 4832; x_wconf 89' lang='lat' dir='ltr'><strong>conantur</strong></span> <span class='ocrx_word' id='word_1_305' title='bbox 790 4769 869 4830; x_wconf 89' lang='lat' dir='ltr'><strong>adi-</strong></span> 
     </span>
     <span class='ocr_line' id='line_1_48' title="bbox 72 4863 869 4943; baseline 0.005 -18"><span class='ocrx_word' id='word_1_306' title='bbox 72 4865 168 4943; x_wconf 88' lang='lat' dir='ltr'><strong>pisci.</strong></span> <span class='ocrx_word' id='word_1_307' title='bbox 185 4866 225 4926; x_wconf 77' lang='lat' dir='ltr'><strong>bit</strong></span> <span class='ocrx_word' id='word_1_308' title='bbox 239 4863 388 4927; x_wconf 86' lang='lat' dir='ltr'><strong>utbseoa</strong></span> <span class='ocrx_word' id='word_1_309' title='bbox 403 4863 499 4926; x_wconf 89' lang='lat' dir='ltr'><strong>nobis</strong></span> <span class='ocrx_word' id='word_1_310' title='bbox 512 4864 649 4942; x_wconf 84' lang='lat' dir='ltr'><strong>praelato</strong></span> <span class='ocrx_word' id='word_1_311' title='bbox 664 4866 760 4928; x_wconf 85' lang='lat' dir='ltr'><strong>tratri</strong></span> <span class='ocrx_word' id='word_1_312' title='bbox 778 4869 869 4943; x_wconf 86' lang='lat' dir='ltr'><strong>Ray-</strong></span> 
     </span>
     <span class='ocr_line' id='line_1_49' title="bbox 72 4961 866 5038; baseline 0.004 -17"><span class='ocrx_word' id='word_1_313' title='bbox 72 4961 866 5038; x_wconf 85' lang='lat' dir='ltr'><strong>mundodoPigneno,tunctemporiscastellano,</strong></span> 
     </span>
    </p>
   </div>
   <div class='ocr_carea' id='block_1_6' title="bbox 929 989 1310 1057">
    <p class='ocr_par' dir='ltr' id='par_1_6' title="bbox 929 989 1310 1057">
     <span class='ocr_line' id='line_1_50' title="bbox 929 989 1310 1057; baseline 0 -7"><span class='ocrx_word' id='word_1_314' title='bbox 929 989 1036 1052; x_wconf 89' lang='lat' dir='ltr'><strong>nostri</strong></span> <span class='ocrx_word' id='word_1_315' title='bbox 1050 1005 1139 1053; x_wconf 86' lang='lat' dir='ltr'><strong>anno</strong></span> <span class='ocrx_word' id='word_1_316' title='bbox 1154 991 1310 1057; x_wconf 85' lang='lat' dir='ltr'><strong>secundo.</strong></span> 
     </span>
    </p>
   </div>
   <div class='ocr_carea' id='block_1_7' title="bbox 1238 1103 1420 1238">
    <p class='ocr_par' dir='ltr' id='par_1_7' title="bbox 1238 1103 1420 1238">
     <span class='ocr_line' id='line_1_51' title="bbox 1238 1103 1420 1238; baseline 0.005 -1"><span class='ocrx_word' id='word_1_317' title='bbox 1238 1103 1420 1238; x_wconf 78' lang='lat' dir='ltr'><strong>cccxiv</strong></span> 
     </span>
    </p>
   </div>
   <div class='ocr_carea' id='block_1_8' title="bbox 1020 1285 1633 1470">
    <p class='ocr_par' dir='ltr' id='par_1_8' title="bbox 1020 1285 1633 1470">
     <span class='ocr_line' id='line_1_52' title="bbox 1020 1285 1633 1358; baseline 0.003 -14"><span class='ocrx_word' id='word_1_318' title='bbox 1020 1285 1072 1344; x_wconf 79' lang='lat' dir='ltr'><strong>Act</strong></span> <span class='ocrx_word' id='word_1_319' title='bbox 1085 1286 1378 1358; x_wconf 80' lang='lat' dir='ltr'><strong>arobiepisoopum</strong></span> <span class='ocrx_word' id='word_1_320' title='bbox 1396 1287 1633 1351; x_wconf 69' lang='lat' dir='ltr'><strong>iterationem.</strong></span> 
     </span>
     <span class='ocr_line' id='line_1_53' title="bbox 1220 1396 1426 1470; baseline 0.01 -16"><span class='ocrx_word' id='word_1_321' title='bbox 1220 1396 1257 1454; x_wconf 72' lang='lat'><strong>28</strong></span> <span class='ocrx_word' id='word_1_322' title='bbox 1268 1397 1330 1470; x_wconf 82' lang='lat' dir='ltr'><strong>jun.</strong></span> <span class='ocrx_word' id='word_1_323' title='bbox 1347 1399 1426 1456; x_wconf 76' lang='lat' dir='ltr'><strong>liis.</strong></span> 
     </span>
    </p>
   </div>
   <div class='ocr_carea' id='block_1_9' title="bbox 1113 1519 1543 1588">
    <p class='ocr_par' dir='ltr' id='par_1_9' title="bbox 1113 1519 1543 1588">
     <span class='ocr_line' id='line_1_54' title="bbox 1113 1519 1543 1588; baseline 0.012 -19"><span class='ocrx_word' id='word_1_324' title='bbox 1113 1519 1231 1585; x_wconf 72' lang='lat' dir='ltr'><strong>[Ugbelli</strong></span> <span class='ocrx_word' id='word_1_325' title='bbox 1243 1521 1319 1572; x_wconf 88' lang='lat' dir='ltr'><strong>ltalia</strong></span> <span class='ocrx_word' id='word_1_326' title='bbox 1330 1536 1409 1582; x_wconf 82' lang='lat' dir='ltr'><strong>sacra,</strong></span> <span class='ocrx_word' id='word_1_327' title='bbox 1422 1523 1464 1582; x_wconf 83' lang='lat'><strong>111,</strong></span> <span class='ocrx_word' id='word_1_328' title='bbox 1474 1521 1543 1588; x_wconf 74' lang='lat' dir='ltr'><strong>isa]</strong></span> 
     </span>
    </p>
   </div>
   <div class='ocr_carea' id='block_1_10' title="bbox 930 1633 1726 1795">
    <p class='ocr_par' dir='ltr' id='par_1_10' title="bbox 930 1633 1726 1795">
     <span class='ocr_line' id='line_1_55' title="bbox 930 1633 1726 1714; baseline 0.008 -24"><span class='ocrx_word' id='word_1_329' title='bbox 930 1634 966 1690; x_wconf 86' lang='lat' dir='ltr'><strong>Ul</strong></span> <span class='ocrx_word' id='word_1_330' title='bbox 991 1633 1120 1692; x_wconf 88' lang='lat' dir='ltr'><strong>intendat</strong></span> <span class='ocrx_word' id='word_1_331' title='bbox 1148 1634 1272 1710; x_wconf 87' lang='lat' dir='ltr'><strong>(Vitali)</strong></span> <span class='ocrx_word' id='word_1_332' title='bbox 1302 1637 1407 1694; x_wconf 88' lang='lat' dir='ltr'><strong>Pisano</strong></span> <span class='ocrx_word' id='word_1_333' title='bbox 1436 1635 1670 1714; x_wconf 86' lang='lat' dir='ltr'><strong>archiepiscopo,</strong></span> <span class='ocrx_word' id='word_1_334' title='bbox 1692 1645 1726 1696; x_wconf 85' lang='lat' dir='ltr'><strong>ut</strong></span> 
     </span>
     <span class='ocr_line' id='line_1_56' title="bbox 954 1720 1699 1795; baseline 0.005 -18"><span class='ocrx_word' id='word_1_335' title='bbox 954 1720 1107 1795; x_wconf 82' lang='lat' dir='ltr'><strong>legationis</strong></span> <span class='ocrx_word' id='word_1_336' title='bbox 1122 1723 1247 1782; x_wconf 87' lang='lat' dir='ltr'><strong>olilcium</strong></span> <span class='ocrx_word' id='word_1_337' title='bbox 1263 1725 1292 1782; x_wconf 90' lang='lat' dir='ltr'><strong>io</strong></span> <span class='ocrx_word' id='word_1_338' title='bbox 1305 1725 1434 1785; x_wconf 89' lang='lat' dir='ltr'><strong>Sardinia</strong></span> <span class='ocrx_word' id='word_1_339' title='bbox 1449 1727 1544 1784; x_wconf 86' lang='lat' dir='ltr'><strong>valeat</strong></span> <span class='ocrx_word' id='word_1_340' title='bbox 1555 1741 1699 1786; x_wconf 86' lang='lat' dir='ltr'><strong>exercere.</strong></span> 
     </span>
    </p>
   </div>
   <div class='ocr_carea' id='block_1_11' title="bbox 925 1847 1764 3862">
    <p class='ocr_par' dir='ltr' id='par_1_11' title="bbox 925 1847 1764 3862">
     <span class='ocr_line' id='line_1_57' title="bbox 970 1847 1725 1916; baseline 0.013 -9"><span class='ocrx_word' id='word_1_341' title='bbox 970 1847 1061 1911; x_wconf 83' lang='lat' dir='ltr'><strong>Licet</strong></span> <span class='ocrx_word' id='word_1_342' title='bbox 1072 1849 1296 1912; x_wconf 83' lang='lat' dir='ltr'><strong>uenerabilem</strong></span> <span class='ocrx_word' id='word_1_343' title='bbox 1311 1850 1447 1916; x_wconf 84' lang='lat' dir='ltr'><strong>tratrem</strong></span> <span class='ocrx_word' id='word_1_344' title='bbox 1460 1854 1609 1915; x_wconf 88' lang='lat' dir='ltr'><strong>nostrum</strong></span> <span class='ocrx_word' id='word_1_345' title='bbox 1627 1854 1725 1916; x_wconf 89' lang='lat' dir='ltr'><strong>Pisa·</strong></span> 
     </span>
     <span class='ocr_line' id='line_1_58' title="bbox 929 1945 1723 2026; baseline 0.01 -22"><span class='ocrx_word' id='word_1_346' title='bbox 929 1959 1008 2004; x_wconf 91' lang='lat' dir='ltr'><strong>num</strong></span> <span class='ocrx_word' id='word_1_347' title='bbox 1023 1945 1320 2026; x_wconf 89' lang='lat' dir='ltr'><strong>archiepiscopum,</strong></span> <span class='ocrx_word' id='word_1_348' title='bbox 1335 1949 1368 2010; x_wconf 87' lang='lat' dir='ltr'><strong>et</strong></span> <span class='ocrx_word' id='word_1_349' title='bbox 1380 1951 1453 2026; x_wconf 89' lang='lat' dir='ltr'><strong>ejus</strong></span> <span class='ocrx_word' id='word_1_350' title='bbox 1466 1949 1640 2010; x_wconf 86' lang='lat' dir='ltr'><strong>ecclesiam</strong></span> <span class='ocrx_word' id='word_1_351' title='bbox 1656 1967 1723 2012; x_wconf 92' lang='lat' dir='ltr'><strong>non</strong></span> 
     </span>
     <span class='ocr_line' id='line_1_59' title="bbox 928 2040 1724 2120; baseline 0.011 -21"><span class='ocrx_word' id='word_1_352' title='bbox 928 2040 1069 2102; x_wconf 87' lang='lat' dir='ltr'><strong>velimus</strong></span> <span class='ocrx_word' id='word_1_353' title='bbox 1083 2058 1182 2120; x_wconf 87' lang='lat' dir='ltr'><strong>super</strong></span> <span class='ocrx_word' id='word_1_354' title='bbox 1192 2043 1311 2104; x_wconf 89' lang='lat' dir='ltr'><strong>collato</strong></span> <span class='ocrx_word' id='word_1_355' title='bbox 1322 2044 1385 2104; x_wconf 92' lang='lat' dir='ltr'><strong>sibi</strong></span> <span class='ocrx_word' id='word_1_356' title='bbox 1396 2061 1414 2106; x_wconf 92' lang='lat' dir='ltr'><strong>a</strong></span> <span class='ocrx_word' id='word_1_357' title='bbox 1425 2044 1724 2120; x_wconf 86' lang='lat' dir='ltr'><strong>praedecessoribus</strong></span> 
     </span>
     <span class='ocr_line' id='line_1_60' title="bbox 929 2137 1721 2218; baseline 0.009 -19"><span class='ocrx_word' id='word_1_358' title='bbox 929 2137 1050 2199; x_wconf 87' lang='lat' dir='ltr'><strong>nostris</strong></span> <span class='ocrx_word' id='word_1_359' title='bbox 1082 2139 1256 2216; x_wconf 85' lang='lat' dir='ltr'><strong>priuilegio</strong></span> <span class='ocrx_word' id='word_1_360' title='bbox 1283 2139 1479 2216; x_wconf 81' lang='lat' dir='ltr'><strong>legationis,</strong></span> <span class='ocrx_word' id='word_1_361' title='bbox 1502 2143 1536 2202; x_wconf 90' lang='lat' dir='ltr'><strong>et</strong></span> <span class='ocrx_word' id='word_1_362' title='bbox 1558 2144 1721 2218; x_wconf 88' lang='lat' dir='ltr'><strong>primatis,</strong></span> 
     </span>
     <span class='ocr_line' id='line_1_61' title="bbox 928 2233 1721 2318; baseline 0.01 -24"><span class='ocrx_word' id='word_1_363' title='bbox 928 2233 1014 2310; x_wconf 83' lang='lat' dir='ltr'><strong>quod</strong></span> <span class='ocrx_word' id='word_1_364' title='bbox 1039 2250 1100 2296; x_wconf 90' lang='lat' dir='ltr'><strong>nos</strong></span> <span class='ocrx_word' id='word_1_365' title='bbox 1123 2235 1332 2318; x_wconf 83' lang='lat' dir='ltr'><strong>postmodum</strong></span> <span class='ocrx_word' id='word_1_366' title='bbox 1350 2237 1630 2312; x_wconf 86' lang='lat' dir='ltr'><strong>confirmavimus,</strong></span> <span class='ocrx_word' id='word_1_367' title='bbox 1645 2256 1721 2302; x_wconf 92' lang='lat' dir='ltr'><strong>mo-</strong></span> 
     </span>
     <span class='ocr_line' id='line_1_62' title="bbox 928 2330 1724 2408; baseline 0.01 -17"><span class='ocrx_word' id='word_1_368' title='bbox 928 2330 1060 2403; x_wconf 90' lang='lat' dir='ltr'><strong>lestare,</strong></span> <span class='ocrx_word' id='word_1_369' title='bbox 1077 2332 1147 2408; x_wconf 90' lang='lat' dir='ltr'><strong>pati</strong></span> <span class='ocrx_word' id='word_1_370' title='bbox 1158 2335 1270 2394; x_wconf 89' lang='lat' dir='ltr'><strong>tamen</strong></span> <span class='ocrx_word' id='word_1_371' title='bbox 1291 2349 1352 2394; x_wconf 90' lang='lat' dir='ltr'><strong>nec</strong></span> <span class='ocrx_word' id='word_1_372' title='bbox 1366 2334 1529 2406; x_wconf 73' lang='lat' dir='ltr'><strong>volumus</strong></span> <span class='ocrx_word' id='word_1_373' title='bbox 1547 2351 1608 2397; x_wconf 92' lang='lat' dir='ltr'><strong>neo</strong></span> <span class='ocrx_word' id='word_1_374' title='bbox 1623 2336 1724 2398; x_wconf 88' lang='lat' dir='ltr'><strong>debe-</strong></span> 
     </span>
     <span class='ocr_line' id='line_1_63' title="bbox 928 2427 1725 2516; baseline 0.01 -28"><span class='ocrx_word' id='word_1_375' title='bbox 928 2443 1013 2508; x_wconf 84' lang='lat' dir='ltr'><strong>mus,</strong></span> <span class='ocrx_word' id='word_1_376' title='bbox 1030 2429 1066 2490; x_wconf 90' lang='lat' dir='ltr'><strong>ut</strong></span> <span class='ocrx_word' id='word_1_377' title='bbox 1089 2427 1248 2490; x_wconf 79' lang='lat' dir='ltr'><strong>beneflcio</strong></span> <span class='ocrx_word' id='word_1_378' title='bbox 1271 2429 1365 2516; x_wconf 83' lang='lat' dir='ltr'><strong>Sedis</strong></span> <span class='ocrx_word' id='word_1_379' title='bbox 1388 2431 1587 2507; x_wconf 85' lang='lat' dir='ltr'><strong>Apostolicee</strong></span> <span class='ocrx_word' id='word_1_380' title='bbox 1606 2432 1725 2496; x_wconf 84' lang='lat' dir='ltr'><strong>abuta-</strong></span> 
     </span>
     <span class='ocr_line' id='line_1_64' title="bbox 928 2524 1723 2602; baseline 0.011 -19"><span class='ocrx_word' id='word_1_381' title='bbox 928 2524 993 2583; x_wconf 87' lang='lat' dir='ltr'><strong>tur.</strong></span> <span class='ocrx_word' id='word_1_382' title='bbox 1002 2525 1081 2587; x_wconf 81' lang='lat' dir='ltr'><strong>Cum</strong></span> <span class='ocrx_word' id='word_1_383' title='bbox 1092 2525 1196 2600; x_wconf 90' lang='lat' dir='ltr'><strong>igitur</strong></span> <span class='ocrx_word' id='word_1_384' title='bbox 1208 2527 1515 2602; x_wconf 90' lang='lat' dir='ltr'><strong>certistemporibus</strong></span> <span class='ocrx_word' id='word_1_385' title='bbox 1526 2529 1723 2592; x_wconf 89' lang='lat' dir='ltr'><strong>auctoritate</strong></span> 
     </span>
     <span class='ocr_line' id='line_1_65' title="bbox 928 2620 1724 2696; baseline 0.01 -16"><span class='ocrx_word' id='word_1_386' title='bbox 928 2622 1045 2682; x_wconf 89' lang='lat' dir='ltr'><strong>nostra</strong></span> <span class='ocrx_word' id='word_1_387' title='bbox 1056 2620 1232 2696; x_wconf 84' lang='lat' dir='ltr'><strong>legationis</strong></span> <span class='ocrx_word' id='word_1_388' title='bbox 1244 2622 1386 2683; x_wconf 86' lang='lat' dir='ltr'><strong>officium</strong></span> <span class='ocrx_word' id='word_1_389' title='bbox 1395 2621 1430 2684; x_wconf 91' lang='lat' dir='ltr'><strong>in</strong></span> <span class='ocrx_word' id='word_1_390' title='bbox 1444 2625 1599 2686; x_wconf 89' lang='lat' dir='ltr'><strong>Sardinia</strong></span> <span class='ocrx_word' id='word_1_391' title='bbox 1611 2626 1724 2688; x_wconf 87' lang='lat' dir='ltr'><strong>valeat</strong></span> 
     </span>
     <span class='ocr_line' id='line_1_66' title="bbox 928 2717 1722 2797; baseline 0.013 -22"><span class='ocrx_word' id='word_1_392' title='bbox 928 2731 1103 2789; x_wconf 85' lang='lat' dir='ltr'><strong>exercere,</strong></span> <span class='ocrx_word' id='word_1_393' title='bbox 1130 2717 1331 2783; x_wconf 78' lang='lat' dir='ltr'><strong>fraternitati</strong></span> <span class='ocrx_word' id='word_1_394' title='bbox 1356 2720 1421 2780; x_wconf 87' lang='lat' dir='ltr'><strong>tuae</strong></span> <span class='ocrx_word' id='word_1_395' title='bbox 1450 2735 1509 2796; x_wconf 92' lang='lat' dir='ltr'><strong>per</strong></span> <span class='ocrx_word' id='word_1_396' title='bbox 1531 2723 1722 2797; x_wconf 77' lang='lat' dir='ltr'><strong>apostolica</strong></span> 
     </span>
     <span class='ocr_line' id='line_1_67' title="bbox 929 2813 1719 2892; baseline 0.011 -20"><span class='ocrx_word' id='word_1_397' title='bbox 929 2813 1053 2890; x_wconf 88' lang='lat' dir='ltr'><strong>scripta</strong></span> <span class='ocrx_word' id='word_1_398' title='bbox 1076 2813 1282 2888; x_wconf 90' lang='lat' dir='ltr'><strong>mandamus,</strong></span> <span class='ocrx_word' id='word_1_399' title='bbox 1310 2818 1472 2892; x_wconf 84' lang='lat' dir='ltr'><strong>quatenus</strong></span> <span class='ocrx_word' id='word_1_400' title='bbox 1496 2833 1570 2878; x_wconf 89' lang='lat' dir='ltr'><strong>oum</strong></span> <span class='ocrx_word' id='word_1_401' title='bbox 1596 2818 1719 2881; x_wconf 90' lang='lat' dir='ltr'><strong>terram</strong></span> 
     </span>
     <span class='ocr_line' id='line_1_68' title="bbox 928 2908 1722 2990; baseline 0.011 -23"><span class='ocrx_word' id='word_1_402' title='bbox 928 2908 1035 2983; x_wconf 89' lang='lat' dir='ltr'><strong>ipsam</strong></span> <span class='ocrx_word' id='word_1_403' title='bbox 1045 2910 1142 2986; x_wconf 87' lang='lat' dir='ltr'><strong>juxta</strong></span> <span class='ocrx_word' id='word_1_404' title='bbox 1154 2912 1300 2971; x_wconf 90' lang='lat' dir='ltr'><strong>tenorem</strong></span> <span class='ocrx_word' id='word_1_405' title='bbox 1316 2911 1483 2990; x_wconf 83' lang='lat' dir='ltr'><strong>privilegii</strong></span> <span class='ocrx_word' id='word_1_406' title='bbox 1499 2912 1648 2976; x_wconf 84' lang='lat' dir='ltr'><strong>ecclesiae</strong></span> <span class='ocrx_word' id='word_1_407' title='bbox 1663 2915 1722 2976; x_wconf 91' lang='lat' dir='ltr'><strong>Pl-</strong></span> 
     </span>
     <span class='ocr_line' id='line_1_69' title="bbox 928 3005 1720 3083; baseline 0.011 -19"><span class='ocrx_word' id='word_1_408' title='bbox 928 3005 1001 3065; x_wconf 89' lang='lat' dir='ltr'><strong>sani</strong></span> <span class='ocrx_word' id='word_1_409' title='bbox 1016 3005 1166 3066; x_wconf 87' lang='lat' dir='ltr'><strong>concessi</strong></span> <span class='ocrx_word' id='word_1_410' title='bbox 1190 3005 1276 3067; x_wconf 88' lang='lat' dir='ltr'><strong>datis</strong></span> <span class='ocrx_word' id='word_1_411' title='bbox 1296 3007 1500 3083; x_wconf 89' lang='lat' dir='ltr'><strong>temporibus</strong></span> <span class='ocrx_word' id='word_1_412' title='bbox 1523 3009 1720 3083; x_wconf 86' lang='lat' dir='ltr'><strong>visitaverit,</strong></span> 
     </span>
     <span class='ocr_line' id='line_1_70' title="bbox 927 3100 1725 3178; baseline 0.013 -19"><span class='ocrx_word' id='word_1_413' title='bbox 927 3100 1084 3176; x_wconf 87' lang='lat' dir='ltr'><strong>quamdiu</strong></span> <span class='ocrx_word' id='word_1_414' title='bbox 1099 3101 1132 3162; x_wconf 91' lang='lat' dir='ltr'><strong>in</strong></span> <span class='ocrx_word' id='word_1_415' title='bbox 1145 3102 1260 3162; x_wconf 91' lang='lat' dir='ltr'><strong>eadem</strong></span> <span class='ocrx_word' id='word_1_416' title='bbox 1277 3103 1448 3178; x_wconf 82' lang='lat' dir='ltr'><strong>provincia</strong></span> <span class='ocrx_word' id='word_1_417' title='bbox 1463 3105 1573 3178; x_wconf 84' lang='lat' dir='ltr'><strong>luerit,</strong></span> <span class='ocrx_word' id='word_1_418' title='bbox 1595 3109 1627 3168; x_wconf 89' lang='lat' dir='ltr'><strong>ei</strong></span> <span class='ocrx_word' id='word_1_419' title='bbox 1649 3111 1725 3170; x_wconf 90' lang='lat' dir='ltr'><strong>tan-</strong></span> 
     </span>
     <span class='ocr_line' id='line_1_71' title="bbox 928 3198 1724 3276; baseline 0.013 -20"><span class='ocrx_word' id='word_1_420' title='bbox 928 3212 1025 3273; x_wconf 84' lang='lat' dir='ltr'><strong>quam</strong></span> <span class='ocrx_word' id='word_1_421' title='bbox 1039 3198 1148 3273; x_wconf 86' lang='lat' dir='ltr'><strong>logato</strong></span> <span class='ocrx_word' id='word_1_422' title='bbox 1163 3199 1257 3259; x_wconf 89' lang='lat' dir='ltr'><strong>Sedis</strong></span> <span class='ocrx_word' id='word_1_423' title='bbox 1272 3201 1470 3276; x_wconf 84' lang='lat' dir='ltr'><strong>Apostolicae</strong></span> <span class='ocrx_word' id='word_1_424' title='bbox 1493 3201 1652 3276; x_wconf 89' lang='lat' dir='ltr'><strong>intendat,</strong></span> <span class='ocrx_word' id='word_1_425' title='bbox 1669 3205 1724 3266; x_wconf 89' lang='lat' dir='ltr'><strong>ab·</strong></span> 
     </span>
     <span class='ocr_line' id='line_1_72' title="bbox 928 3295 1723 3373; baseline 0.013 -19"><span class='ocrx_word' id='word_1_426' title='bbox 928 3295 1013 3356; x_wconf 87' lang='lat' dir='ltr'><strong>senti</strong></span> <span class='ocrx_word' id='word_1_427' title='bbox 1027 3297 1149 3366; x_wconf 88' lang='lat' dir='ltr'><strong>tamen,</strong></span> <span class='ocrx_word' id='word_1_428' title='bbox 1166 3295 1219 3355; x_wconf 92' lang='lat' dir='ltr'><strong>vel</strong></span> <span class='ocrx_word' id='word_1_429' title='bbox 1233 3295 1302 3356; x_wconf 81' lang='lat' dir='ltr'><strong>alio·</strong></span> <span class='ocrx_word' id='word_1_430' title='bbox 1315 3299 1464 3373; x_wconf 90' lang='lat' dir='ltr'><strong>tempore</strong></span> <span class='ocrx_word' id='word_1_431' title='bbox 1483 3301 1640 3372; x_wconf 85' lang='lat' dir='ltr'><strong>venienti,</strong></span> <span class='ocrx_word' id='word_1_432' title='bbox 1657 3317 1723 3364; x_wconf 90' lang='lat' dir='ltr'><strong>non</strong></span> 
     </span>
     <span class='ocr_line' id='line_1_73' title="bbox 927 3390 1721 3473; baseline 0.01 -21"><span class='ocrx_word' id='word_1_433' title='bbox 927 3390 1093 3454; x_wconf 82' lang='lat' dir='ltr'><strong>teneberis</strong></span> <span class='ocrx_word' id='word_1_434' title='bbox 1106 3392 1303 3460; x_wconf 82' lang='lat' dir='ltr'><strong>auctoritate</strong></span> <span class='ocrx_word' id='word_1_435' title='bbox 1315 3395 1493 3468; x_wconf 79' lang='lat' dir='ltr'><strong>legationis</strong></span> <span class='ocrx_word' id='word_1_436' title='bbox 1512 3397 1721 3473; x_wconf 87' lang='lat' dir='ltr'><strong>aliquatenus</strong></span> 
     </span>
     <span class='ocr_line' id='line_1_74' title="bbox 927 3486 1724 3569; baseline 0.015 -23"><span class='ocrx_word' id='word_1_437' title='bbox 927 3486 1128 3562; x_wconf 86' lang='lat' dir='ltr'><strong>respondere</strong></span> <span class='ocrx_word' id='word_1_438' title='bbox 1144 3509 1152 3548; x_wconf 75' lang='grc' dir='ltr'><strong><em>ε</em></strong></span> <span class='ocrx_word' id='word_1_439' title='bbox 1171 3489 1367 3553; x_wconf 86' lang='lat' dir='ltr'><strong>auctoritate</strong></span> <span class='ocrx_word' id='word_1_440' title='bbox 1386 3505 1467 3555; x_wconf 82' lang='lat' dir='ltr'><strong>vero</strong></span> <span class='ocrx_word' id='word_1_441' title='bbox 1488 3494 1639 3569; x_wconf 90' lang='lat' dir='ltr'><strong>primatis</strong></span> <span class='ocrx_word' id='word_1_442' title='bbox 1654 3511 1724 3558; x_wconf 92' lang='lat' dir='ltr'><strong>non</strong></span> 
     </span>
     <span class='ocr_line' id='line_1_75' title="bbox 927 3581 1764 3668; baseline 0.014 -27"><span class='ocrx_word' id='word_1_443' title='bbox 927 3583 1016 3659; x_wconf 75' lang='lat' dir='ltr'><strong>plus¹</strong></span> <span class='ocrx_word' id='word_1_444' title='bbox 1024 3585 1132 3660; x_wconf 88' lang='lat' dir='ltr'><strong>potest</strong></span> <span class='ocrx_word' id='word_1_445' title='bbox 1153 3581 1187 3656; x_wconf 89' lang='lat' dir='ltr'><strong>in</strong></span> <span class='ocrx_word' id='word_1_446' title='bbox 1209 3585 1381 3661; x_wconf 89' lang='lat' dir='ltr'><strong>provincia</strong></span> <span class='ocrx_word' id='word_1_447' title='bbox 1405 3589 1594 3662; x_wconf 86' lang='lat' dir='ltr'><strong>Turritana,</strong></span> <span class='ocrx_word' id='word_1_448' title='bbox 1623 3607 1722 3668; x_wconf 86' lang='lat' dir='ltr'><strong>quarn</strong></span> <span class='ocrx_word' id='word_1_449' title='bbox 1759 3583 1764 3590; x_wconf 82' lang='grc'><em>“</em></span> 
     </span>
     <span class='ocr_line' id='line_1_76' title="bbox 927 3680 1724 3757; baseline 0.015 -17"><span class='ocrx_word' id='word_1_450' title='bbox 927 3680 1124 3757; x_wconf 86' lang='lat' dir='ltr'><strong>primatibus</strong></span> <span class='ocrx_word' id='word_1_451' title='bbox 1141 3681 1309 3754; x_wconf 82' lang='lat' dir='ltr'><strong>universis</strong></span> <span class='ocrx_word' id='word_1_452' title='bbox 1328 3685 1539 3751; x_wconf 85' lang='lat' dir='ltr'><strong>concedimus</strong></span> <span class='ocrx_word' id='word_1_453' title='bbox 1552 3687 1724 3752; x_wconf 74' lang='lat' dir='ltr'><strong>canonica</strong></span> 
     </span>
     <span class='ocr_line' id='line_1_77' title="bbox 925 3778 1721 3862; baseline 0.01 -24"><span class='ocrx_word' id='word_1_454' title='bbox 925 3778 1128 3844; x_wconf 88' lang='lat' dir='ltr'><strong>sanctiones.</strong></span> <span class='ocrx_word' id='word_1_455' title='bbox 1147 3780 1265 3848; x_wconf 84' lang='lat' dir='ltr'><strong>Datum</strong></span> <span class='ocrx_word' id='word_1_456' title='bbox 1280 3781 1448 3854; x_wconf 87' lang='lat' dir='ltr'><strong>Laterani,</strong></span> <span class='ocrx_word' id='word_1_457' title='bbox 1465 3786 1493 3846; x_wconf 87' lang='lat' dir='ltr'><strong>V</strong></span> <span class='ocrx_word' id='word_1_458' title='bbox 1512 3799 1618 3846; x_wconf 88' lang='lat' dir='ltr'><strong>nonas</strong></span> <span class='ocrx_word' id='word_1_459' title='bbox 1633 3785 1721 3862; x_wconf 89' lang='lat' dir='ltr'><strong>julii.</strong></span> 
     </span>
    </p>
   </div>
   <div class='ocr_carea' id='block_1_12' title="bbox 953 3967 1699 4268">
    <p class='ocr_par' dir='ltr' id='par_1_12' title="bbox 953 3967 1699 4268">
     <span class='ocr_line' id='line_1_78' title="bbox 1016 3967 1408 4054; baseline 0.026 -10"><span class='ocrx_word' id='word_1_460' title='bbox 1016 4035 1020 4044; x_wconf 92' lang='lat'><strong>.</strong></span> <span class='ocrx_word' id='word_1_461' title='bbox 1245 3967 1408 4054; x_wconf 75' lang='lat' dir='ltr'><strong>adult</strong></span> 
     </span>
     <span class='ocr_line' id='line_1_79' title="bbox 953 4097 1699 4164; baseline 0.009 -7"><span class='ocrx_word' id='word_1_462' title='bbox 953 4100 1003 4158; x_wconf 79' lang='lat' dir='ltr'><strong>Ad</strong></span> <span class='ocrx_word' id='word_1_463' title='bbox 1021 4097 1176 4159; x_wconf 76' lang='lat' dir='ltr'><strong>obtutam</strong></span> <span class='ocrx_word' id='word_1_464' title='bbox 1194 4100 1374 4160; x_wconf 78' lang='lat' dir='ltr'><strong>Cbontoent</strong></span> <span class='ocrx_word' id='word_1_465' title='bbox 1389 4101 1423 4160; x_wconf 84' lang='lat' dir='ltr'><strong>et</strong></span> <span class='ocrx_word' id='word_1_466' title='bbox 1436 4103 1643 4164; x_wconf 77' lang='lat' dir='ltr'><strong>Nouatum-n.</strong></span> <span class='ocrx_word' id='word_1_467' title='bbox 1664 4103 1699 4164; x_wconf 81' lang='lat' dir='ltr'><strong>et</strong></span> 
     </span>
     <span class='ocr_line' id='line_1_80' title="bbox 1144 4195 1554 4268; baseline 0.01 -14"><span class='ocrx_word' id='word_1_468' title='bbox 1144 4195 1325 4255; x_wconf 73' lang='lat' dir='ltr'><strong>caerulea.</strong></span> <span class='ocrx_word' id='word_1_469' title='bbox 1349 4198 1499 4268; x_wconf 66' lang='lat' dir='ltr'><strong>priores.</strong></span> <span class='ocrx_word' id='word_1_470' title='bbox 1551 4213 1554 4218; x_wconf 49' lang='lat'><em>¹</em></span> 
     </span>
    </p>
   </div>
   <div class='ocr_carea' id='block_1_13' title="bbox 957 4297 1692 4498">
    <p class='ocr_par' dir='ltr' id='par_1_13' title="bbox 957 4297 1692 4498">
     <span class='ocr_line' id='line_1_81' title="bbox 1238 4297 1406 4385; baseline 0.012 -15"><span class='ocrx_word' id='word_1_471' title='bbox 1238 4297 1255 4370; x_wconf 74' lang='lat' dir='ltr'><strong>s&#39;</strong></span> <span class='ocrx_word' id='word_1_472' title='bbox 1264 4312 1315 4385; x_wconf 84' lang='lat' dir='ltr'><strong>jul.</strong></span> <span class='ocrx_word' id='word_1_473' title='bbox 1328 4315 1406 4374; x_wconf 79' lang='lat' dir='ltr'><strong>rare.</strong></span> 
     </span>
     <span class='ocr_line' id='line_1_82' title="bbox 957 4425 1692 4498; baseline 0.004 -19"><span class='ocrx_word' id='word_1_474' title='bbox 957 4427 1074 4492; x_wconf 84' lang='lat' dir='ltr'><strong>[Regast.,</strong></span> <span class='ocrx_word' id='word_1_475' title='bbox 1084 4427 1128 4477; x_wconf 92' lang='lat' dir='ltr'><strong>b&#39;b.</strong></span> <span class='ocrx_word' id='word_1_476' title='bbox 1139 4429 1172 4488; x_wconf 91' lang='lat' dir='ltr'><strong>ll,</strong></span> <span class='ocrx_word' id='word_1_477' title='bbox 1186 4427 1260 4492; x_wconf 88' lang='lat' dir='ltr'><strong>epist.</strong></span> <span class='ocrx_word' id='word_1_478' title='bbox 1277 4425 1345 4478; x_wconf 75' lang='lat' dir='ltr'><strong>lieo.</strong></span> <span class='ocrx_word' id='word_1_479' title='bbox 1355 4429 1412 4478; x_wconf 88' lang='lat' dir='ltr'><strong>blss.</strong></span> <span class='ocrx_word' id='word_1_480' title='bbox 1423 4430 1458 4480; x_wconf 82' lang='lat' dir='ltr'><strong>La</strong></span> <span class='ocrx_word' id='word_1_481' title='bbox 1468 4430 1542 4482; x_wconf 86' lang='lat' dir='ltr'><strong>Porte</strong></span> <span class='ocrx_word' id='word_1_482' title='bbox 1553 4431 1587 4482; x_wconf 90' lang='lat' dir='ltr'><strong>du</strong></span> <span class='ocrx_word' id='word_1_483' title='bbox 1598 4429 1692 4498; x_wconf 78' lang='lat' dir='ltr'><strong>rheti]</strong></span> 
     </span>
    </p>
   </div>
   <div class='ocr_carea' id='block_1_14' title="bbox 996 4545 1722 4626">
    <p class='ocr_par' dir='ltr' id='par_1_14' title="bbox 996 4545 1722 4626">
     <span class='ocr_line' id='line_1_83' title="bbox 996 4545 1722 4626; baseline -0.003 -24"><span class='ocrx_word' id='word_1_484' title='bbox 996 4546 1143 4602; x_wconf 81' lang='lat' dir='ltr'><strong>Utsmtum</strong></span> <span class='ocrx_word' id='word_1_485' title='bbox 1153 4545 1282 4604; x_wconf 81' lang='lat' dir='ltr'><strong>ecclesie</strong></span> <span class='ocrx_word' id='word_1_486' title='bbox 1292 4546 1438 4620; x_wconf 88' lang='lat' dir='ltr'><strong>corrigant</strong></span> <span class='ocrx_word' id='word_1_487' title='bbox 1448 4552 1477 4604; x_wconf 89' lang='lat' dir='ltr'><strong>et</strong></span> <span class='ocrx_word' id='word_1_488' title='bbox 1487 4545 1651 4626; x_wconf 77' lang='lat' dir='ltr'><strong>reforment.</strong></span> <span class='ocrx_word' id='word_1_489' title='bbox 1719 4593 1722 4600; x_wconf 62' lang='lat'><strong>.</strong></span> 
     </span>
    </p>
   </div>
   <div class='ocr_carea' id='block_1_15' title="bbox 923 4671 1724 5024">
    <p class='ocr_par' dir='ltr' id='par_1_15' title="bbox 923 4671 1724 5024">
     <span class='ocr_line' id='line_1_84' title="bbox 964 4671 1724 4745; baseline 0.009 -13"><span class='ocrx_word' id='word_1_490' title='bbox 964 4671 1142 4745; x_wconf 89' lang='lat' dir='ltr'><strong>Honorius,</strong></span> <span class='ocrx_word' id='word_1_491' title='bbox 1169 4671 1244 4743; x_wconf 83' lang='lat' dir='ltr'><strong>etc,</strong></span> <span class='ocrx_word' id='word_1_492' title='bbox 1271 4671 1401 4734; x_wconf 89' lang='lat' dir='ltr'><strong>dilectis</strong></span> <span class='ocrx_word' id='word_1_493' title='bbox 1427 4673 1506 4734; x_wconf 84' lang='lat' dir='ltr'><strong>tiliis</strong></span> <span class='ocrx_word' id='word_1_494' title='bbox 1509 4715 1582 4734; x_wconf 96' lang='lat'><strong>......</strong></span> <span class='ocrx_word' id='word_1_495' title='bbox 1613 4675 1724 4739; x_wconf 91' lang='lat' dir='ltr'><strong>abbati</strong></span> 
     </span>
     <span class='ocr_line' id='line_1_85' title="bbox 924 4768 1722 4835; baseline 0.008 -7"><span class='ocrx_word' id='word_1_496' title='bbox 924 4769 1097 4830; x_wconf 81' lang='lat' dir='ltr'><strong>Chantoeni</strong></span> <span class='ocrx_word' id='word_1_497' title='bbox 1113 4771 1194 4832; x_wconf 82' lang='lat' dir='ltr'><strong>et...</strong></span> <span class='ocrx_word' id='word_1_498' title='bbox 1215 4768 1422 4830; x_wconf 86' lang='lat' dir='ltr'><strong>Nobiliacen.</strong></span> <span class='ocrx_word' id='word_1_499' title='bbox 1453 4772 1522 4831; x_wconf 90' lang='lat' dir='ltr'><strong>et...</strong></span> <span class='ocrx_word' id='word_1_500' title='bbox 1544 4774 1722 4835; x_wconf 84' lang='lat' dir='ltr'><strong>Castalien.</strong></span> 
     </span>
     <span class='ocr_line' id='line_1_86' title="bbox 923 4865 1724 4942; baseline 0.005 -16"><span class='ocrx_word' id='word_1_501' title='bbox 923 4865 1101 4942; x_wconf 87' lang='lat' dir='ltr'><strong>prioribus,</strong></span> <span class='ocrx_word' id='word_1_502' title='bbox 1114 4865 1359 4930; x_wconf 78' lang='lat' dir='ltr'><strong>claromonten.</strong></span> <span class='ocrx_word' id='word_1_503' title='bbox 1372 4867 1407 4928; x_wconf 91' lang='lat' dir='ltr'><strong>et</strong></span> <span class='ocrx_word' id='word_1_504' title='bbox 1418 4867 1626 4928; x_wconf 81' lang='lat' dir='ltr'><strong>Lemovices.</strong></span> <span class='ocrx_word' id='word_1_505' title='bbox 1640 4868 1724 4930; x_wconf 83' lang='lat' dir='ltr'><strong>dioe-</strong></span> 
     </span>
     <span class='ocr_line' id='line_1_87' title="bbox 923 4977 1047 5024; baseline -0.016 0"><span class='ocrx_word' id='word_1_506' title='bbox 923 4977 1047 5024; x_wconf 90' lang='lat' dir='ltr'><strong>cesum.</strong></span> 
     </span>
    </p>
   </div>
   <div class='ocr_carea' id='block_1_16' title="bbox 71 5058 1725 5624">
    <p class='ocr_par' dir='ltr' id='par_1_16' title="bbox 71 5058 1725 5624">
     <span class='ocr_line' id='line_1_88' title="bbox 72 5058 1723 5136; baseline 0.002 -16"><span class='ocrx_word' id='word_1_507' title='bbox 72 5059 383 5135; x_wconf 85' lang='lat' dir='ltr'><strong>aliisqueiratribus</strong></span> <span class='ocrx_word' id='word_1_508' title='bbox 398 5059 546 5136; x_wconf 80' lang='lat' dir='ltr'><strong>ejusdem</strong></span> <span class='ocrx_word' id='word_1_509' title='bbox 562 5060 663 5121; x_wconf 90' lang='lat' dir='ltr'><strong>castri</strong></span> <span class='ocrx_word' id='word_1_510' title='bbox 678 5060 867 5121; x_wconf 87' lang='lat' dir='ltr'><strong>Cratilibe-</strong></span> <span class='ocrx_word' id='word_1_511' title='bbox 962 5058 1081 5120; x_wconf 88' lang='lat' dir='ltr'><strong>Dileoti</strong></span> <span class='ocrx_word' id='word_1_512' title='bbox 1104 5058 1166 5119; x_wconf 86' lang='lat' dir='ltr'><strong>tilii</strong></span> <span class='ocrx_word' id='word_1_513' title='bbox 1192 5061 1227 5120; x_wconf 80' lang='lat' dir='ltr'><strong>G.</strong></span> <span class='ocrx_word' id='word_1_514' title='bbox 1246 5058 1287 5119; x_wconf 92' lang='lat' dir='ltr'><strong>de</strong></span> <span class='ocrx_word' id='word_1_515' title='bbox 1306 5059 1462 5132; x_wconf 87' lang='lat' dir='ltr'><strong>Quinsao,</strong></span> <span class='ocrx_word' id='word_1_516' title='bbox 1481 5063 1518 5121; x_wconf 91' lang='lat' dir='ltr'><strong>P.</strong></span> <span class='ocrx_word' id='word_1_517' title='bbox 1546 5061 1586 5121; x_wconf 89' lang='lat' dir='ltr'><strong>de</strong></span> <span class='ocrx_word' id='word_1_518' title='bbox 1603 5063 1723 5124; x_wconf 86' lang='lat' dir='ltr'><strong>Sancto</strong></span> 
     </span>
     <span class='ocr_line' id='line_1_89' title="bbox 71 5155 1723 5233; baseline 0.002 -15"><span class='ocrx_word' id='word_1_519' title='bbox 71 5156 206 5218; x_wconf 88' lang='lat' dir='ltr'><strong>ralitate</strong></span> <span class='ocrx_word' id='word_1_520' title='bbox 228 5156 319 5232; x_wconf 82' lang='lat' dir='ltr'><strong>regia</strong></span> <span class='ocrx_word' id='word_1_521' title='bbox 339 5156 486 5233; x_wconf 88' lang='lat' dir='ltr'><strong>legitime</strong></span> <span class='ocrx_word' id='word_1_522' title='bbox 508 5157 596 5218; x_wconf 87' lang='lat' dir='ltr'><strong>lacta</strong></span> <span class='ocrx_word' id='word_1_523' title='bbox 619 5156 755 5218; x_wconf 88' lang='lat' dir='ltr'><strong>donatio</strong></span> <span class='ocrx_word' id='word_1_524' title='bbox 773 5158 868 5218; x_wconf 83' lang='lat' dir='ltr'><strong>salva</strong></span> <span class='ocrx_word' id='word_1_525' title='bbox 922 5157 1077 5226; x_wconf 87' lang='lat' dir='ltr'><strong>Martino,</strong></span> <span class='ocrx_word' id='word_1_526' title='bbox 1100 5158 1137 5216; x_wconf 91' lang='lat' dir='ltr'><strong>P.</strong></span> <span class='ocrx_word' id='word_1_527' title='bbox 1155 5155 1356 5227; x_wconf 85' lang='lat' dir='ltr'><strong>devisione,</strong></span> <span class='ocrx_word' id='word_1_528' title='bbox 1371 5158 1408 5216; x_wconf 80' lang='lat' dir='ltr'><strong>G.</strong></span> <span class='ocrx_word' id='word_1_529' title='bbox 1426 5156 1467 5217; x_wconf 90' lang='lat' dir='ltr'><strong>de</strong></span> <span class='ocrx_word' id='word_1_530' title='bbox 1483 5159 1602 5220; x_wconf 86' lang='lat' dir='ltr'><strong>Sancto</strong></span> <span class='ocrx_word' id='word_1_531' title='bbox 1617 5160 1723 5222; x_wconf 87' lang='lat' dir='ltr'><strong>Nico-</strong></span> 
     </span>
     <span class='ocr_line' id='line_1_90' title="bbox 73 5253 1724 5332; baseline 0.003 -19"><span class='ocrx_word' id='word_1_532' title='bbox 73 5269 204 5330; x_wconf 88' lang='lat' dir='ltr'><strong>semper</strong></span> <span class='ocrx_word' id='word_1_533' title='bbox 218 5253 261 5316; x_wconf 92' lang='lat' dir='ltr'><strong>sit</strong></span> <span class='ocrx_word' id='word_1_534' title='bbox 273 5256 306 5315; x_wconf 92' lang='lat' dir='ltr'><strong>et</strong></span> <span class='ocrx_word' id='word_1_535' title='bbox 317 5253 515 5315; x_wconf 87' lang='lat' dir='ltr'><strong>inconcussa</strong></span> <span class='ocrx_word' id='word_1_536' title='bbox 528 5255 731 5332; x_wconf 89' lang='lat' dir='ltr'><strong>permaneat,</strong></span> <span class='ocrx_word' id='word_1_537' title='bbox 749 5254 782 5316; x_wconf 90' lang='lat' dir='ltr'><strong>et</strong></span> <span class='ocrx_word' id='word_1_538' title='bbox 794 5271 867 5316; x_wconf 92' lang='lat' dir='ltr'><strong>nos·</strong></span> <span class='ocrx_word' id='word_1_539' title='bbox 923 5254 987 5327; x_wconf 91' lang='lat' dir='ltr'><strong>lao,</strong></span> <span class='ocrx_word' id='word_1_540' title='bbox 1006 5257 1041 5316; x_wconf 87' lang='grc' dir='ltr'><strong>Ρ.</strong></span> <span class='ocrx_word' id='word_1_541' title='bbox 1061 5253 1284 5322; x_wconf 87' lang='lat' dir='ltr'><strong>Monadorius,</strong></span> <span class='ocrx_word' id='word_1_542' title='bbox 1300 5255 1334 5315; x_wconf 90' lang='lat' dir='ltr'><strong>et</strong></span> <span class='ocrx_word' id='word_1_543' title='bbox 1347 5256 1384 5313; x_wconf 81' lang='lat' dir='ltr'><strong>G.</strong></span> <span class='ocrx_word' id='word_1_544' title='bbox 1400 5253 1441 5314; x_wconf 89' lang='lat' dir='ltr'><strong>de</strong></span> <span class='ocrx_word' id='word_1_545' title='bbox 1462 5256 1557 5331; x_wconf 82' lang='lat' dir='ltr'><strong>Rupe</strong></span> <span class='ocrx_word' id='word_1_546' title='bbox 1570 5258 1724 5318; x_wconf 90' lang='lat' dir='ltr'><strong>canonici</strong></span> 
     </span>
     <span class='ocr_line' id='line_1_91' title="bbox 72 5350 1725 5428; baseline 0.001 -14"><span class='ocrx_word' id='word_1_547' title='bbox 72 5352 134 5414; x_wconf 86' lang='lat' dir='ltr'><strong>tris</strong></span> <span class='ocrx_word' id='word_1_548' title='bbox 149 5351 200 5412; x_wconf 87' lang='lat' dir='ltr'><strong>vel</strong></span> <span class='ocrx_word' id='word_1_549' title='bbox 215 5353 403 5413; x_wconf 88' lang='lat' dir='ltr'><strong>nostrorum</strong></span> <span class='ocrx_word' id='word_1_550' title='bbox 418 5367 648 5414; x_wconf 88' lang='lat' dir='ltr'><strong>successorum</strong></span> <span class='ocrx_word' id='word_1_551' title='bbox 664 5352 868 5428; x_wconf 88' lang='lat' dir='ltr'><strong>temporibus</strong></span> <span class='ocrx_word' id='word_1_552' title='bbox 922 5351 1145 5423; x_wconf 72' lang='lat' dir='ltr'><strong>aureliacen„</strong></span> <span class='ocrx_word' id='word_1_553' title='bbox 1171 5350 1298 5412; x_wconf 88' lang='lat' dir='ltr'><strong>ordinis</strong></span> <span class='ocrx_word' id='word_1_554' title='bbox 1315 5351 1427 5416; x_wconf 88' lang='lat' dir='ltr'><strong>Sancti</strong></span> <span class='ocrx_word' id='word_1_555' title='bbox 1451 5353 1639 5428; x_wconf 83' lang='lat' dir='ltr'><strong>Augustini,</strong></span> <span class='ocrx_word' id='word_1_556' title='bbox 1660 5357 1725 5416; x_wconf 84' lang='lat' dir='ltr'><strong>Le-</strong></span> 
     </span>
     <span class='ocr_line' id='line_1_92' title="bbox 73 5447 1725 5528; baseline 0.004 -20"><span class='ocrx_word' id='word_1_557' title='bbox 73 5464 139 5509; x_wconf 92' lang='lat' dir='ltr'><strong>non</strong></span> <span class='ocrx_word' id='word_1_558' title='bbox 150 5449 262 5510; x_wconf 81' lang='lat' dir='ltr'><strong>valeat</strong></span> <span class='ocrx_word' id='word_1_559' title='bbox 274 5447 484 5526; x_wconf 88' lang='lat' dir='ltr'><strong>aliquatenus</strong></span> <span class='ocrx_word' id='word_1_560' title='bbox 494 5451 669 5512; x_wconf 85' lang='lat' dir='ltr'><strong>retractari</strong></span> <span class='ocrx_word' id='word_1_561' title='bbox 683 5469 690 5510; x_wconf 76' lang='grc' dir='ltr'><strong>ε</strong></span> <span class='ocrx_word' id='word_1_562' title='bbox 705 5449 783 5527; x_wconf 84' lang='lat' dir='ltr'><strong>quia</strong></span> <span class='ocrx_word' id='word_1_563' title='bbox 795 5465 867 5527; x_wconf 87' lang='lat' dir='ltr'><strong>quae</strong></span> <span class='ocrx_word' id='word_1_564' title='bbox 923 5450 1086 5512; x_wconf 81' lang='lat' dir='ltr'><strong>musicen.</strong></span> <span class='ocrx_word' id='word_1_565' title='bbox 1112 5448 1278 5516; x_wconf 89' lang='lat' dir='ltr'><strong>dioecesis,</strong></span> <span class='ocrx_word' id='word_1_566' title='bbox 1295 5447 1329 5510; x_wconf 91' lang='lat' dir='ltr'><strong>in</strong></span> <span class='ocrx_word' id='word_1_567' title='bbox 1346 5450 1459 5510; x_wconf 87' lang='lat' dir='ltr'><strong>nostra</strong></span> <span class='ocrx_word' id='word_1_568' title='bbox 1475 5449 1625 5512; x_wconf 85' lang='lat' dir='ltr'><strong>iecerunt</strong></span> <span class='ocrx_word' id='word_1_569' title='bbox 1637 5467 1725 5528; x_wconf 75' lang='lat' dir='ltr'><strong>pra-</strong></span> 
     </span>
     <span class='ocr_line' id='line_1_93' title="bbox 73 5545 1723 5624; baseline 0.002 -16"><span class='ocrx_word' id='word_1_570' title='bbox 73 5549 140 5608; x_wconf 86' lang='lat' dir='ltr'><strong>Deo</strong></span> <span class='ocrx_word' id='word_1_571' title='bbox 156 5545 231 5608; x_wconf 90' lang='lat' dir='ltr'><strong>data</strong></span> <span class='ocrx_word' id='word_1_572' title='bbox 252 5548 338 5616; x_wconf 80' lang='lat' dir='ltr'><strong>sirnt,</strong></span> <span class='ocrx_word' id='word_1_573' title='bbox 355 5561 450 5608; x_wconf 91' lang='lat' dir='ltr'><strong>sacra</strong></span> <span class='ocrx_word' id='word_1_574' title='bbox 465 5563 539 5609; x_wconf 88' lang='lat' dir='ltr'><strong>esse</strong></span> <span class='ocrx_word' id='word_1_575' title='bbox 552 5547 671 5610; x_wconf 90' lang='lat' dir='ltr'><strong>debent</strong></span> <span class='ocrx_word' id='word_1_576' title='bbox 687 5549 720 5610; x_wconf 90' lang='lat' dir='ltr'><strong>et</strong></span> <span class='ocrx_word' id='word_1_577' title='bbox 733 5547 869 5609; x_wconf 82' lang='lat' dir='ltr'><strong>inrevo-</strong></span> <span class='ocrx_word' id='word_1_578' title='bbox 923 5548 1029 5610; x_wconf 90' lang='lat' dir='ltr'><strong>sentia</strong></span> <span class='ocrx_word' id='word_1_579' title='bbox 1056 5545 1202 5621; x_wconf 88' lang='lat' dir='ltr'><strong>recitari,</strong></span> <span class='ocrx_word' id='word_1_580' title='bbox 1231 5546 1317 5624; x_wconf 85' lang='lat' dir='ltr'><strong>quod</strong></span> <span class='ocrx_word' id='word_1_581' title='bbox 1346 5561 1420 5608; x_wconf 91' lang='lat' dir='ltr'><strong>cum</strong></span> <span class='ocrx_word' id='word_1_582' title='bbox 1446 5561 1560 5610; x_wconf 90' lang='lat' dir='ltr'><strong>eorum</strong></span> <span class='ocrx_word' id='word_1_583' title='bbox 1583 5549 1723 5614; x_wconf 90' lang='lat' dir='ltr'><strong>ecclesia</strong></span> 
     </span>
    </p>
   </div>
   <div class='ocr_carea' id='block_1_17' title="bbox 0 0 2056 6391">
    <p class='ocr_par' dir='ltr' id='par_1_17' title="bbox 0 0 2056 6391">
     <span class='ocr_line' id='line_1_94' title="bbox 0 0 2056 6391; baseline 0 0"><span class='ocrx_word' id='word_1_584' title='bbox 0 0 2056 6391; x_wconf 95' lang='lat' dir='ltr'><strong> </strong></span> 
     </span>
    </p>
   </div>
  </div>
 </body>
</html>
