4200 6404
294 329 354 390 207
760 325 937 402 Honorati
959 327 1003 390 lll
1025 323 1175 388 OPERA.
1189 345 1227 370 ’-
1243 324 1477 394 SERMONES.
1879 325 1948 390 208

294 484 1089 566 uncinaremaltresurrccnoiwpvimampoc
1144 486 1379 548 mtriisterium
1399 487 1657 565 miset-proeter-
1679 499 1737 550 coe
1753 489 1813 562 eut
1830 489 1951 550 nere-

295 601 354 658 n,
370 585 416 664 6).
445 587 483 646 ln
504 599 643 662 corpore
665 583 701 646 ot
722 584 936 657 resurrectio,
961 583 1091 661 quando
1145 582 1826 662 ditatemccpiuntsaintis(Hebr.1,14).

295 699 415 762 corpus
430 683 581 752 mortale,
597 682 653 745 tiet
665 682 864 756 immortale,
879 697 998 759 corpus
1017 697 1093 743 cor-
1186 684 1306 743 Omnes
1334 681 1445 757 angeli
1464 681 1541 742 sunt
1563 681 1701 758 spiritus
1724 681 1949 743 administra-

295 780 516 860 nuptibiletlet
525 778 788 858 incorruptibile.
799 779 892 842 Unde
901 779 1089 856 Apostolus:
1146 779 1235 852 torii,
1262 779 1348 842 idest
1373 777 1656 852 administrantes,
1677 779 1756 856 quia
1778 779 1950 840 adminis-

296 879 435 955 oporiet
449 879 669 953 compienne
680 880 895 940 hoeiiittiiere
908 880 1093 952 incorrnp-
1146 875 1489 940 trantncbisdivinam
1498 877 1650 953 gratiam,
1660 877 1946 939 velilluminando

297 977 411 1050 telone,
427 977 461 1038 ct
479 978 625 1038 nicrtdle
643 981 704 1040 boc
717 979 861 1038 inducre
880 976 1091 1037 immortali·
1147 973 1248 1036 corda
1259 975 1445 1047 nostra,vel
1459 975 1944 1052 custodiendonosapeccatis.

296 1075 405 1136 tatem
420 1072 448 1152 (l
460 1071 669 1153 Cor.xu,53).
680 1076 716 1134 ln
727 1073 833 1150 prima
846 1065 1110 1134 resurrectione‘
1147 1073 1186 1134 nt
1198 1072 1374 1134 mittuntur
1399 1073 1432 1133 in
1449 1071 1679 1144 ministerium,
1694 1071 1792 1145 idest,
1810 1073 1852 1134 ad
1868 1089 1947 1134 ser-

296 1172 436 1234 veniunt
465 1171 564 1233 amici
586 1172 618 1234 ct
637 1170 769 1246 cognati
793 1171 963 1243 licclesiae,
992 1170 1104 1254 idest,
1146 1170 1263 1232 vitium
1276 1170 1500 1243 nostrum,vel
1515 1169 1646 1248 quando
1660 1170 1809 1248 pugnant
1823 1171 1947 1234 contra

296 1269 408 1346 angeli
424 1269 458 1330 et
472 1269 590 1341 sancti,
610 1268 688 1346 quia
703 1267 841 1329 visitant
856 1267 947 1328 illam
967 1283 1092 1328 secun·
1147 1267 1325 1341 daemones,
1341 1269 1394 1330 vel
1409 1269 1541 1346 quando
1555 1269 1659 1332 malos
1672 1268 1824 1330 homines
1837 1269 1947 1330 corri-

295 1367 373 1427 dum
386 1366 588 1444 praeceptum
603 1366 672 1427 Dei.
687 1367 724 1426 ln
737 1365 883 1427 secunda
898 1365 1037 1427 veniunt
1049 1365 1091 1425 ad
1147 1366 1252 1442 piunt,
1275 1366 1328 1428 vol
1343 1367 1474 1443 quando
1498 1366 1665 1428 deducunt
1678 1365 1807 1427 animas
1835 1365 1948 1427 bonas

291 1463 511 1542 judicandum
526 1464 679 1524 nationes
694 1464 727 1525 et
747 1461 936 1524 laciendum
955 1462 1091 1524 vindic·
1147 1463 1188 1526 ad
1210 1464 1345 1525 coeleste
1356 1462 1527 1541 palatium.
1553 1465 1637 1542 Ipsae
1655 1464 1775 1526 anlmae
1790 1462 1948 1524 haeredi-

294 1563 363 1626 tam
387 1562 423 1623 in
450 1559 640 1623 nationibus
664 1560 697 1622 et
715 1559 962 1637 increpationes
977 1559 1013 1621 in
1032 1575 1094 1636 po-
1146 1561 1248 1622 tatam
1274 1559 1409 1638 capiunt
1431 1561 1560 1634 salutis,
1596 1561 1682 1624 idest
1712 1561 1948 1624 haereditatem

296 1659 394 1737 pulis.
418 1658 570 1722 Secundo
589 1657 711 1721 dicitur
726 1678 735 1718 ε
751 1657 923 1720 Venerunt
948 1659 1094 1718 memini·
1147 1657 1325 1730 coelestem,
1342 1659 1378 1720 in
1393 1674 1458 1736 qua
1473 1658 1656 1721 salvantur.
1672 1658 1819 1735 Angelus
1833 1659 1948 1734 signi-

297 1760 411 1818 citone
418 1768 580 1832 peanum.
590 1757 678 1818 Puer
694 1754 952 1828 circumciditur,
961 1754 1092 1832 qnando
1148 1755 1226 1817 licat
1251 1756 1419 1817 Christum
1443 1757 1565 1818 Filium
1584 1755 1656 1828 Dei,
1686 1755 1764 1833 qnia
1788 1754 1861 1832 ipse
1879 1754 1950 1816 luit

298 1854 424 1917 avitiis
440 1854 559 1916 mentis
579 1853 613 1914 et
631 1853 780 1930 corporis
794 1852 1001 1930 purificatur.
1016 1855 1094 1913 σιν-
1147 1853 1298 1929 angelus,
1319 1853 1404 1915 idest
1433 1854 1580 1923 nuntius,
1612 1853 1690 1930 quia
1732 1852 1949 1915 annuntiavit

299 1954 462 2014 miincisio
485 1955 611 2020 cordis,
626 1955 663 2012 in
688 1951 838 2024 spiritu,
866 1965 936 2012 non
962 1951 1091 2023 littera,
1149 1949 1244 2012 nobis
1257 1951 1459 2012 voluntatem
1477 1951 1597 2023 Patris,
1619 1953 1653 2012 et
1674 1950 1815 2026 gloriam
1839 1949 1949 2011 futuri

298 2053 398 2121 cidus
411 2054 487 2110 nens
500 2063 570 2110 non
593 2063 640 2110 ecc
660 2051 864 2121 nominibus,
886 2050 946 2109 sed
962 2061 1009 2109 cm
1022 2051 1094 2109 Dec
1148 2047 1274 2109 saeculi.
1292 2048 1520 2110 Devolnntate
1532 2047 1821 2110 Patrisdicitnrin
1837 2050 1949 2108 Evan-

299 2147 352 2208 est
373 2147 483 2224 (Rom.
503 2161 540 2218 11,
558 2144 624 2224 29).
654 2145 777 2218 Tertio,
802 2145 851 2206 sic
875 2143 954 2206 boni
980 2144 1094 2206 nolunt
1148 2145 1258 2220 gelio:
1281 2149 1366 2208 Haec
1386 2148 1440 2209 est
1459 2147 1617 2210 colantes
1644 2147 1764 2208 Patris
1788 2149 1859 2206 met
1883 2147 1949 2220 qui

300 2259 439 2322 puerum
453 2243 568 2306 uocari
580 2242 785 2306 Zachariam.
803 2243 981 2304 Zacharias
995 2242 1095 2304 inter·
1148 2243 1244 2304 niisit
1255 2257 1312 2305 nic
1323 2244 1360 2304 ut
1371 2246 1483 2306 mnnita
1496 2247 1554 2318 qui
1567 2245 1658 2305 videt
1671 2245 1781 2315 fliium
1791 2241 1948 2303 etcredit

300 2343 449 2419 pretatur
466 2341 625 2404 memoria
653 2341 723 2402 Dei.
752 2341 875 2405 Volunt
895 2339 984 2401 enim
1008 2339 1093 2416 quod
1148 2341 1517 2412 ilicum,iindetvttam
1529 2337 1946 2419 ceteniumwoannnto).

299 2439 495 2501 memoriam
523 2455 654 2516 semper
675 2437 820 2500 habeant
842 2437 882 2499 de
904 2440 983 2499 Deo.
1001 2437 1094 2499 Unde
1149 2439 1196 2498 De
1218 2439 1326 2515 gloria
1354 2437 1457 2501 icturi
1484 2439 1600 2501 saeculi
1629 2439 1712 2501 dicit
1736 2437 1946 2515 Apostolus:

300 2537 405 2598 lsaias
427 2557 435 2596 ε
458 2539 522 2603 Qui
544 2539 811 2598 reminiscimini
831 2539 1030 2607 Dceninnm,
1050 2549 1094 2596 ne
1148 2552 1166 2594 a
1189 2537 1281 2608 Quod
1294 2536 1410 2598 oculus
1425 2551 1491 2598 non
1506 2536 1599 2609 vidit,
1615 2551 1677 2598 nec
1698 2535 1789 2598 auris
1802 2533 1946 2607 audivit,

300 2633 443 2696 taceatis
457 2633 492 2693 ct
501 2647 545 2694 nc
558 2633 646 2693 detis
659 2633 836 2693 metium
847 2634 880 2693 ei
891 2630 949 2709 (ls.
963 2646 1031 2703 nxr,
1046 2629 1092 2710 6).
1149 2649 1167 2692 n
1188 2633 1296 2695 necin
1310 2649 1367 2696 cer
1381 2634 1526 2695 hominis
1541 2633 1701 2706 ascendit,
1718 2647 1792 2711 quae
1806 2648 1947 2710 praepa-

299 2727 402 2799 Quasi
417 2726 543 2790 diceret
562 2749 570 2787 ε
589 2728 656 2788 Vos
676 2726 733 2804 qni
747 2741 910 2788 memores
925 2725 1005 2788 estis
1020 2726 1091 2799 Dei,
1148 2746 1167 2789 n
1184 2731 1271 2793 ravit
1289 2734 1376 2792 Deus
1390 2730 1606 2808 diligentibus
1621 2747 1656 2793 se
1672 2748 1691 2792 a
1707 2730 1737 2810 (Ι
1751 2733 1823 2792 Gor.
1840 2746 1877 2801 n,
1891 2729 1944 2809 9).

301 2823 429 2886 debetis
443 2825 552 2901 ipsum
566 2823 715 2886 laudare.
733 2825 869 2897 Quarto,
886 2822 935 2884 sic
946 2823 1095 2884 innuunt
1149 2828 1210 2890 liic
1229 2829 1280 2891 est
1300 2829 1389 2891 enim
1412 2830 1552 2906 angelus
1572 2830 1642 2901 ille,
1665 2828 1723 2906 qui
1759 2827 1944 2890 secundum

300 2921 399 2999 patri,
415 2921 627 2998 quonomine
641 2920 827 2984 nultfllium
842 2921 966 2984 vocari
988 2921 1093 2983 Filius
1148 2925 1380 3002 apocalypsim
1416 2925 1558 2988 ioannis
1582 2924 1753 2987 descendit
1787 2923 1829 2984 de
1855 2923 1946 2984 coelo

300 3021 351 3082 est
364 3019 486 3083 bonum
501 3035 595 3096 opus,
612 3020 706 3095 pater
728 3019 778 3081 est
792 3019 879 3080 bona
892 3018 1044 3080 intentio.
1066 3021 1094 3080 A
1148 3021 1289 3082 amictus
1314 3022 1412 3094 nube,
1435 3021 1522 3083 idest
1548 3021 1687 3084 vestitus
1713 3035 1834 3094 carne,
1864 3019 1947 3098 quia

300 3117 394 3195 patre
409 3132 488 3193 ergo
499 3116 713 3194 quaerendum
728 3116 779 3178 est
792 3131 913 3178 nomen
926 3115 998 3187 tilii,
1015 3115 1093 3192 quia
1149 3119 1240 3181 venit
1253 3119 1295 3181 ad
1308 3135 1369 3181 nes
1382 3119 1529 3182 calceata
1545 3119 1715 3192 divinitas,
1738 3117 1834 3190 idest,
1855 3117 1946 3179 nube

299 3213 440 3280 intentio
459 3214 605 3291 imponit
629 3229 751 3279 nornen
775 3213 898 3290 operi:
922 3213 968 3276 nt
990 3214 1094 3287 poter
1148 3217 1411 3280 carnisobtecta.
1425 3217 1519 3280 Unde
1532 3215 1713 3279 secundum
1733 3215 1947 3294 septuaginta

295 3313 476 3386 aminnias
487 3315 713 3388 minitores...
729 3311 808 3388 qula
819 3311 1018 3388 quicumque
1032 3310 1093 3372 be-
1148 3315 1356 3393 interpretes,
1371 3315 1476 3376 lsaias
1497 3315 1578 3376 diclt
1592 3313 1633 3375 de
1656 3314 1812 3375 Christo:
1833 3315 1948 3374 Vocc-

302 3407 426 3471 nelacit
434 3409 530 3486 quasi
545 3407 671 3479 scribit,
679 3407 776 3474 idest,
784 3407 924 3471 tirmiter
935 3407 970 3468 in
980 3407 1093 3470 animo
1148 3414 1241 3475 bitur
1251 3416 1372 3490 magni
1381 3416 1514 3475 caecilii
1523 3417 1683 3488 Angelus.

301 3505 471 3584 imprimit.
503 3505 591 3584 qnod
619 3507 765 3568 loannes
786 3505 837 3568 est
863 3521 984 3569 nomen
1007 3507 1090 3584 ejus,
1188 3509 1338 3572 Christus
1359 3507 1422 3572 luit
1434 3509 1590 3586 Angelus,
1607 3509 1693 3571 idest
1713 3508 1848 3570 nuntius
1867 3523 1946 3568 ma-

301 3603 396 3677 idest,
408 3604 525 3681 mattae
535 3603 595 3668 liei
609 3602 771 3668 attribuit.
1148 3607 1204 3684 gni
1230 3606 1375 3680 consilii,
1398 3608 1528 3685 quando
1559 3607 1721 3669 revelavit
1752 3603 1945 3667 hominibus

1148 3705 1384 3767 exaltationem
1412 3697 1604 3777 humilium,
1630 3704 1662 3766 et
1691 3703 1946 3764 humilationem

633 3807 765 3894 xvffl
1149 3801 1377 3879 superborum.
1403 3801 1497 3863 Unde
1523 3801 1560 3862 in
1587 3799 1796 3878 Evangelio:
1817 3803 1881 3867 (lui
1905 3813 1946 3860 se

1148 3899 1281 3962 enutiot
1305 3899 1552 3971 humiliabitur,
1583 3899 1617 3960 et
1639 3902 1698 3974 gut
1721 3913 1760 3960 ee
1786 3897 1945 3960 nnmdwt

300 3971 341 4032 ῙῙ·
356 3997 398 4014 ““
411 3968 456 4030 IN
475 3967 731 4030 NATIVITATE
749 3967 898 4028 SANCTI
915 3967 1093 4031 JOANNIS
1148 3998 1360 4059 eocaitobitnr
1370 3994 1502 4075 (Matth.
1518 4011 1617 4069 nur,
1634 3994 1699 4075 12).
1713 3997 1753 4056 nt
1767 3995 1801 4056 in
1812 3995 1945 4056 cantico

582 4065 812 4126 BAPTlSTAE.
1060 4074 1065 4084 ⁶
1148 4095 1259 4158 Beatae
1274 4093 1389 4155 Maria
1406 4114 1413 4154 ε
1429 4094 1593 4168 Deposuit
1600 4093 1900 4169 peternesdescdc
1910 4092 1946 4153 et

337 4195 425 4255 Ecce
447 4189 548 4252 mitio
560 4194 722 4266 angelum
739 4203 867 4261 mcum,
882 4191 941 4262 ont
956 4205 1095 4264 proepc-
1149 4191 1317 4254 ceattecit
1342 4193 1487 4253 tamnes
1506 4189 1600 4270 (Luc.
1612 4207 1635 4260 1,
1651 4189 1717 4268 52).
1734 4191 1815 4252 ltem
1832 4209 1839 4248 ε
1856 4191 1945 4250 Eece

297 4291 389 4354 rabit
408 4293 503 4351 cmm
517 4291 598 4350 aitte
611 4289 738 4363 facicm
759 4287 856 4348 tuom
871 4284 989 4365 (Marc.
1007 4284 1092 4366 1,1).
1149 4303 1211 4365 ego
1232 4287 1334 4350 mitio
1356 4292 1518 4365 angeium
1535 4303 1653 4350 nwum
1670 4285 1786 4367 (Marc.
1803 4301 1826 4358 r,
1842 4284 1889 4363 2).
1905 4286 1946 4347 nt

290 4404 293 4409 ·
336 4387 483 4463 Angelus
509 4400 618 4462 grimo
642 4399 805 4456 sermone,
835 4383 938 4445 latine
973 4383 1095 4444 dicitur
1150 4387 1185 4447 ut
1199 4386 1247 4448 ait
1262 4384 1378 4447 beatus
1391 4385 1613 4463 Hieronymus
1628 4401 1635 4442 :
1652 4387 1757 4447 «Vox
1772 4385 1823 4446 est
1838 4381 1947 4460 Spiri-

297 4485 446 4551 nuntius.
471 4482 618 4558 Angelus
650 4496 771 4546 nomen
797 4483 849 4542 est
874 4479 996 4552 cilicii,
1027 4495 1093 4541 non
1148 4483 1202 4544 tus
1217 4482 1331 4545 Sancti
1354 4482 1396 4544 ad
1423 4483 1556 4544 Patrem
1573 4482 1614 4544 de
1634 4481 1719 4544 l’illo
1736 4495 1834 4542 :ecce
1849 4480 1945 4542 mitto

297 4583 439 4648 naturae.
461 4579 589 4642 Natura
610 4593 753 4656 namque
775 4578 911 4655 spiritus
926 4577 986 4640 est.
1001 4577 1094 4639 Unde
1149 4579 1304 4656 angelum
1325 4594 1446 4652 meum,
1467 4579 1554 4641 idest
1566 4581 1729 4642 loannem
1748 4577 1943 4654 Baptistam,

297 4679 453 4756 legimus,
482 4675 568 4754 qnod
592 4676 737 4754 qunque
751 4677 829 4740 snut
844 4675 992 4753 spiritus.
1014 4675 1093 4736 Pri·
1149 4677 1206 4753 qui
1219 4671 1420 4754 praeparabit
1430 4673 1943 4747 viamanteieciemiuam,idest,

299 4793 373 4841 mus
394 4777 445 4838 est
472 4773 610 4852 spiritus
632 4773 754 4843 carnis,
778 4774 944 4836 secundus
967 4773 1092 4844 mundi,
1149 4771 1811 4852 anteFiliumtnuma(1bid).Filiusenim
1823 4771 1947 4833 dicitnr

297 4875 416 4938 tertius
429 4871 625 4950 iniqnitatis,
639 4872 776 4949 quadus
790 4869 946 4942 hominis,
959 4869 1094 4946 quintus
1149 4869 1252 4934 iacies
1274 4871 1395 4944 Patris,
1420 4871 1499 4949 quia
1513 4871 1600 4933 sicut
1618 4883 1678 4948 per
1705 4867 1824 4932 taciem
1845 4869 1946 4931 homo

298 4973 369 5038 Dei.
385 4971 528 5049 Spiritus
543 4968 654 5032 carnis
676 4969 794 5032 suadet
812 4967 940 5041 suavia,
958 4967 1093 5045 spiritus
1149 4969 1372 5046 cognoscitur,
1386 4969 1433 5030 ita
1446 4970 1479 5031 et
1500 4982 1559 5046 per
1574 4967 1694 5029 Filium
1709 4967 1808 5029 Pater
1822 4966 1947 5028 mundo

298 5071 412 5136 mundi
444 5084 543 5139 vane,
578 5067 714 5146 spiritns
744 5065 932 5145 iniquitatis
962 5065 1091 5138 nociva,
1149 5068 1302 5143 cognltns
1317 5065 1566 5143 estUndeipse
1581 5065 1686 5127 Filius
1701 5066 1735 5126 in
1751 5064 1944 5141 Evangelics

298 5169 435 5248 spiritus
461 5165 606 5229 bominis
624 5165 748 5230 rationi
770 5165 1005 5236 consentanea,
1019 5163 1092 5240 spi·
1148 5181 1167 5223 a
1189 5165 1251 5236 Qui
1265 5179 1319 5225 me
1342 5163 1443 5236 videt,
1471 5163 1562 5226 videt
1575 5163 1608 5226 et
1625 5162 1769 5234 Patrem,
1793 5163 1827 5223 et
1846 5176 1946 5224 nemo

296 5265 453 5332 ritusDei
468 5263 681 5340 sempiterna.
697 5262 759 5324 Sed
775 5279 818 5324 en
837 5261 947 5326 officio
962 5260 1093 5340 quando
1149 5261 1242 5322 novit
1265 5261 1397 5324 Patrem
1418 5261 1484 5322 nisi
1503 5260 1621 5333 Filius,
1644 5260 1677 5321 et
1691 5259 1745 5320 cui
1765 5258 1871 5320 Filius
1881 5274 1946 5320 uo-

298 5363 423 5441 aliquid
436 5363 472 5424 in
487 5362 609 5425 mundo
622 5360 938 5433 nuntiaremittitur,
954 5358 1093 5435 angelus
1148 5357 1248 5422 luerit
1272 5358 1434 5421 revelare.
1464 5359 1504 5420 nt
1524 5373 1621 5420 nemo
1643 5357 1736 5419 venit
1755 5355 1796 5418 ad
1812 5357 1947 5418 Patrem

299 5461 519 5536 nnrrcupatur,
543 5461 620 5537 quia
644 5442 756 5535 angeli
782 5457 929 5534 quotidie
944 5456 985 5518 ad
1002 5455 1094 5517 salu·
1148 5454 1214 5519 nisi
1229 5471 1289 5533 per
1303 5470 1355 5516 me
1368 5453 1499 5533 (Mattll.
1515 5469 1562 5526 ιι,
1578 5451 1659 5538 27).-

298 5565 364 5623 tem
380 5556 549 5620 hominurn
565 5557 751 5628 mittuntur,
762 5556 849 5618 sicut
859 5553 941 5616 dicit
955 5553 1091 5616 Paullus:
1187 5550 1307 5613 Tribus
1321 5553 1433 5614 antem
1447 5549 1488 5612 de
1502 5548 1613 5612 causis
1627 5551 1774 5612 loannes
1793 5547 1946 5626 Baptista

296 5662 421 5726 Grinnes
450 5655 531 5718 surii
555 5655 848 5718 adrninntrotcrit
885 5653 1032 5729 spiritns
1056 5655 1092 5714 in
1147 5649 1270 5712 dicitnr
1289 5648 1428 5725 angelus
1444 5647 1585 5709 ltomini.
1603 5646 1714 5708 Primo
1730 5662 1790 5726 pro
1810 5645 1946 5708 mundi-
