4214 6400
360 316 400 376 27
975 307 1151 372 nononis
1173 307 1217 370 111
1239 308 1389 372 ornan.
1967 321 1999 387 g

363 475 425 538 tuli
445 477 479 536 S.
500 473 614 536 Crucis
628 470 869 550 presbpterum,
885 469 919 531 et
939 469 979 531 R.
996 470 1029 530 S.
1044 465 1159 530 Mariae
1214 467 1393 544 quemlibet
1414 483 1542 530 merces
1561 471 1765 533 mercenarii
1782 489 1887 552 usque
1906 493 1998 545 mane.

363 573 399 634 in
430 570 602 637 cosmedin
633 570 811 630 diaconum
839 565 1043 648 cardinales,
1068 580 1161 627 com·
1214 566 1320 636 Quum
1345 565 1448 640 igitur
1476 566 1616 629 dilectus
1638 566 1729 631 illius
1758 572 1917 648 magister
1939 581 1999 640 An·

363 670 465 730 misso
480 669 528 730 eis
547 666 724 743 legationis
746 663 867 736 oiilcio,
885 663 926 725 ad
948 679 1004 724 eos
1026 663 1160 740 propter
1214 662 1311 722 dreas
1335 663 1477 739 scriptor
1498 665 1612 726 noster
1637 666 1672 727 in
1701 668 1845 730 servitio
1868 673 2000 739 ecclesiae

363 767 425 828 hoc
447 765 636 844 specialiter
659 763 848 835 destinavit,
863 762 928 838 ipsi
946 760 1047 823 verbo
1066 760 1159 837 pacis
1213 761 1333 821 vestras
1343 760 1467 822 diutius
1478 761 1620 824 fideliter
1629 763 1811 838 insudarit,
1828 767 2000 845 frequenter

363 865 412 925 eis
434 880 453 924 a
478 861 703 925 cardinalibus
730 859 897 938 praedictis
921 857 1102 920 efficaciter
1127 857 1161 918 et
1214 857 1395 933 proipsius
1414 859 1557 934 negotiis
1581 862 1622 920 ad
1648 861 1770 923 sedem
1795 866 2001 941 apostolicam

363 961 554 1039 prudenter,
570 959 740 1037 proposito
755 973 822 1019 non
835 958 978 1033 recepte,
995 949 1160 1032 contemp·
1215 952 1275 1013 sub
1297 969 1417 1030 magno
1429 955 1621 1018 discrimine
1634 958 1835 1034 laborando,
1852 978 1911 1023 neo
1927 965 2000 1028 inea

362 1059 406 1120 tis
425 1055 559 1118 monitis
578 1058 611 1117 et
626 1054 905 1133 prohibitionibus
925 1051 1158 1124 cardinalium,
1215 1050 1278 1111 sibi
1300 1051 1461 1114 hactenus
1485 1054 1529 1116 sit
1547 1055 1729 1132 provisum.
1759 1058 1999 1124 Universitatem

363 1151 560 1231 Papiensem
592 1155 716 1216 terram
748 1151 915 1214 hostiliter
947 1150 1157 1222 invaserunt,
1213 1149 1358 1210 vestram
1378 1151 1560 1226 rogandam
1584 1152 1732 1214 diximus
1749 1155 1783 1216 et
1805 1159 1999 1232 monendam,

361 1252 467 1328 ipsam
480 1249 707 1327 multipliciter
719 1249 940 1320 devastantes,
955 1245 990 1308 in
1007 1249 1066 1309 Dei
1079 1263 1160 1308 con·
1214 1260 1274 1322 per
1304 1248 1496 1323 apostolica
1522 1248 1617 1310 vobis
1651 1250 1781 1328 scripta
1810 1253 1998 1330 mandantes,

361 1349 530 1426 temptum,
548 1348 746 1425 apostolicae
762 1347 857 1408 Sedis
871 1346 1029 1423 injuriam
1042 1345 1075 1407 et
1086 1360 1160 1406 sua·
1214 1343 1376 1419 quatenus
1400 1343 1441 1404 ob
1459 1346 1681 1408 reverentiam
1702 1349 1999 1424 apostolicaesedis

360 1462 436 1506 rum
464 1445 649 1523 periculum
676 1445 874 1506 animarum,
905 1444 1046 1520 Propter
1073 1441 1159 1519 quod
1214 1441 1419 1512 suestram,
1441 1441 1473 1502 et
1488 1442 1610 1505 intuitu
1632 1445 1776 1517 servitii,
1794 1446 1827 1506 et
1844 1447 1998 1524 probitatis

359 1543 549 1605 cardinales
563 1542 713 1620 praedicti
728 1541 860 1627 accensi
875 1541 946 1602 zelo
956 1539 1108 1617 institiae,
1125 1540 1159 1602 in
1213 1536 1328 1612 ipsius,
1346 1537 1377 1597 ei
1392 1537 1603 1614 praebendam
1617 1557 1689 1618 quae
1702 1543 1740 1602 in
1757 1543 1898 1618 praelata
1911 1547 1998 1608 eccle·

361 1641 541 1718 potestates
556 1639 709 1701 consules
724 1640 757 1700 et
775 1635 979 1717 principales
995 1636 1158 1698 consilia·
1214 1631 1265 1693 sia
1290 1633 1412 1694 dicitur
1437 1651 1525 1696 nunc
1552 1652 1684 1708 vacare,
1714 1638 1902 1701 liberaliter
1924 1643 1998 1703 assi-

362 1739 431 1799 rios
446 1738 638 1810 Mediolani,
655 1738 688 1798 et
702 1737 880 1798 Placentiae
896 1734 1068 1796 civitatum
1083 1749 1160 1795 auc·
1213 1729 1333 1803 gnatis,
1358 1729 1467 1807 ipsum
1487 1733 1658 1810 recipiatis
1685 1734 1728 1795 ad
1752 1734 1848 1796 illam
1863 1737 1896 1796 in
1911 1755 1998 1800 cano-

361 1835 495 1898 toritate
505 1835 633 1912 praelati
644 1831 898 1910 praedecessoris
911 1832 1018 1893 nostri
1030 1845 1159 1892 excom·
1213 1825 1336 1900 nicum,
1352 1828 1384 1888 et
1403 1829 1439 1889 in
1455 1819 1602 1903 fratrem,
1628 1847 1757 1910 preceS,
1776 1835 1810 1894 et
1825 1833 1996 1896 mandatum

361 1932 598 1993 municationis
622 1930 819 1992 sententiam
840 1930 1102 2008 promulgarunt,
1127 1929 1160 1990 et
1213 1924 1364 1985 nostrum
1387 1925 1500 1986 taliter
1536 1926 1717 2004 impleturi,
1747 1929 1835 2007 quod
1861 1931 1941 1991 idem
1963 1933 1996 1992 ld

362 2029 513 2090 civitates
526 2029 659 2090 easdem
678 2027 923 2105 supposuerunt
932 2025 1158 2088 ecclesiastico
1212 2022 1370 2090 vestrum,
1387 2022 1421 2083 el
1435 2021 1586 2085 ecclesias
1604 2023 1727 2086 vestrae
1755 2027 1923 2088 servitium
1935 2025 1994 2089 ior-

361 2125 548 2188 interdicto.
564 2129 688 2187 Verum
706 2125 784 2203 qnia
799 2124 900 2186 iidem
912 2123 947 2184 in
963 2125 1066 2186 maris
1082 2123 1160 2186 alti·
1212 2117 1279 2178 tius
1295 2117 1470 2194 obligetur,
1485 2121 1518 2182 et
1532 2120 1572 2181 de
1595 2120 1710 2184 labore
1726 2139 1789 2184 suo
1809 2125 1994 2186 commodum

361 2223 509 2285 tudinem
532 2224 715 2293 venientes,
738 2223 843 2300 ipsius
868 2222 945 2282 sunt
964 2222 1158 2298 tempestate
1213 2213 1724 2297 videaturrep0rt³ss<n1108que
1748 2217 1994 2293 devotionenel

361 2320 526 2395 demersi;
542 2323 580 2382 ut
599 2321 714 2382 oculos
729 2336 807 2380 suos
829 2319 976 2381 statuant
989 2318 1158 2380 declinare
1213 2309 1445 2374 liberalitatem
1458 2314 1603 2377 vestram
1615 2317 1784 2392 possimus
1800 2319 1913 2379 merito
1925 2333 1995 2379 com-

360 2417 397 2478 in
424 2419 548 2479 terram
576 2419 609 2479 et
636 2433 703 2479 non
729 2417 944 2493 respicientes
968 2415 1010 2476 ad
1038 2415 1157 2477 coelum
1212 2408 1379 2471 mendara.
1396 2411 1513 2472 Datum
1529 2412 1696 2487 Laterani,
1713 2413 1858 2476 Vllidus
1872 2417 1994 2492 septen-

360 2514 468 2576 adbuc
481 2515 516 2574 in
531 2530 591 2575 sua
606 2515 815 2577 contumacia
830 2513 1045 2591 perseverant
1060 2535 1068 2588 3
1097 2529 1157 2575 nos
1212 2503 1293 2578 bris,
1306 2523 1338 2584 p·
1353 2522 1386 2567 n.
1403 2522 1491 2570 anno
1504 2509 1529 2569 I·

359 2610 515 2688 praefatas
548 2610 731 2672 sententias
759 2610 1012 2681 confirmantes,
1038 2625 1157 2670 manus

358 2709 490 2769 nostras
510 2707 544 2769 in
563 2722 621 2769 eos
637 2709 792 2768 duximus
805 2706 1049 2784 aggravandas,
1069 2722 1158 2784 prae-
1565 2685 1658 2773 XIX

361 2804 521 2881 cipientes
543 2805 721 2880 potestates
737 2805 770 2866 et
783 2805 1005 2878 consiliarios,
1026 2820 1157 2865 necnon
1763 2803 1767 2812 '

360 2901 393 2961 et
417 2900 611 2961 societatum
633 2901 808 2976 magistros
823 2901 993 2963 civitatum
1008 2900 1156 2977 ipsarum

360 3011 422 3072 per
435 2995 537 3058 totam
556 2996 788 3058 Lombardiam
805 2996 946 3072 singulis
965 2996 1081 3057 diebus
1097 2997 1157 3058 do-
1517 2977 1551 3035 ¹3
1562 2985 1635 3049 ⁸⁹9¹·
1653 2978 1733 3036 ¹²¹⁶·

360 3093 493 3154 minicis
517 3092 550 3155 et
577 3093 722 3167 iestivis,
750 3092 890 3171 pulsatis
921 3093 1091 3170 campanis
1124 3093 1157 3156 et
1260 3094 1379 3159 magist,
1390 3101 1410 3148 t.
1426 3098 1446 3156 l,
1458 3097 1597 3163 epistile.
1612 3099 1670 3152 nise.
1682 3101 1719 3152 La
1730 3101 1807 3151 rorte
1819 3101 1851 3152 du
1862 3101 1945 3161 Theti]

1346 2863 1400 2923 Ad
1413 2864 1608 2938 episcopum
1622 2865 1873 2930 Biterrensm

361 3189 508 3252 candelis
528 3191 690 3259 accensis,
707 3189 1010 3252 excommunicatos
1024 3189 1156 3268 publice

360 3287 519 3349 nuntiari·
1210 3235 1352 3310 Episcopo
1368 3239 1522 3298 Biterrensi
1547 3242 1749 3314 possessiones
1773 3242 1986 3316 quasdamque

1289 3326 1325 3383 ad
1339 3327 1428 3399 ipsius
1442 3328 1594 3387 ecclesiam
1605 3339 1748 3404 spectant,
1763 3333 1915 3392 confirmat.

690 3456 824 3544 XVIII
1249 3471 1428 3544 Honorius
1444 3471 1519 3546 etc,
1533 3474 1718 3537 venerabili
1742 3474 1838 3538 fratri
1852 3474 1986 3552 episcopo

1209 3567 1403 3628 Biterrensi.

431 3647 484 3705 Ad
502 3646 795 3719 orentepncopum
814 3644 1079 3705 Bituricelwem·
1248 3665 1352 3726 Justis
1379 3666 1562 3743 petentium
1587 3667 1766 3734 desideriis
1792 3671 1919 3747 dignum
1943 3665 1984 3727 est

661 3757 764 3828 ⁷⁸0llt.
782 3756 860 3814 iilo.
1060 3755 1064 3764 ‘
1210 3776 1270 3823 nos
1293 3761 1424 3823 facilem
1449 3764 1598 3840 praebere
1621 3781 1838 3840 consensum,
1862 3769 1892 3828 et
1907 3763 1979 3832 vota,

361 3877 543 3946 [negemus
556 3878 577 3940 1,
590 3877 636 3928 fol.
647 3877 673 3940 s,
682 3878 801 3943 spissae.
811 3879 869 3928 uss.
882 3879 999 3930 narone
1015 3877 1049 3930 du
1061 3879 1154 3944 rhein]
1209 3873 1282 3935 quae
1308 3874 1328 3919 a
1356 3859 1497 3923 rationis
1529 3863 1663 3926 tramite
1699 3881 1768 3926 non
1801 3859 1979 3929 discordant,

358 4019 582 4092 archiepiscopo
596 4019 764 4076 bituricensi
782 4017 909 4088 mandat,
931 4026 962 4078 ut
983 4021 1013 4077 in
1032 4020 1153 4078 ecclesia
1209 3956 1329 4018 effectu
1371 3961 1590 4035 prosequente
1634 3962 1812 4038 ‘mmmm'
1847 3962 1978 4036 3³me*

515 4109 521 4122 .
986 4109 991 4120 .
1062 4109 1067 4122 ,
1207 4052 1273 4126 ter,
1296 4053 1499 4116 venerabilis
1520 4055 1638 4130 irater,
1658 4059 1780 4132 locum,
1801 4059 1856 4136 qui
1877 4055 1981 4116 dicitur

394 4108 594 4210 ⁸¹¹⁸.⁸d⁸¹g¹¹.⁶¹
608 4106 790 4208 pfaebeidam
804 4106 926 4208 {mrem
938 4108 1154 4208 ⁸⁰¹¹.¹’¹⁰¹¹.AP⁰
1208 4150 1495 4213 castrumnovum
1523 4153 1556 4214 et
1576 4154 1689 4216 Vilare
1706 4155 1748 4217 de
1771 4156 1917 4218 Liveran.
1931 4149 1979 4210 be-

392 4197 502 4268 stoirco,
528 4212 576 4270 qur
590 4194 684 4254 erdem
708 4202 870 4254 inservient
892 4195 1023 4254 ecclesus
1048 4196 1153 4254 diutius
1498 4197 1506 4225 ’

393 4286 523 4345 fidente„
1207 4247 1334 4308 variam
1363 4249 1403 4310 de
1427 4251 1619 4323 Cassiliaco,
1645 4253 1835 4314 molendina
1857 4251 1895 4312 de
1918 4244 1979 4308 cal-

1206 4347 1293 4418 veto,
1310 4361 1350 4407 ac
1368 4345 1529 4408 honorem
1549 4347 1638 4410 villae
1667 4349 1708 4410 de
1732 4353 1845 4420 Parez,
1863 4350 1914 4424 jus
1936 4343 1980 4402 in-

396 4430 574 4502 Honorius,
600 4430 675 4502 ete,
697 4429 881 4492 venerabili
900 4429 996 4492 fratri
1019 4430 1153 4492 archie-
1206 4458 1306 4519 super
1340 4443 1533 4521 acquirendi
1574 4445 1614 4506 de
1651 4446 1756 4509 feodis
1798 4437 1978 4508 vicecomitis

356 4537 491 4615 piscopo
506 4537 539 4596 et
552 4535 682 4596 dilectis
701 4534 779 4596 liliis
800 4534 927 4596 decano
951 4537 984 4597 et
1006 4535 1151 4613 capitulo
1205 4538 1368 4599 Biterren.
1380 4539 1573 4600 vicecomite
1583 4540 1906 4603 inconsultoaclarae
1920 4547 1977 4594 me·

356 4631 566 4696 Bituricensi.
1206 4633 1319 4695 moriae
1341 4638 1401 4696 Ro.
1425 4633 1618 4697 vicecomite
1634 4636 1798 4698 Biterren.
1812 4653 1831 4697 a
1845 4637 1878 4695 Τ.
1893 4629 1977 4692 tratre

399 4730 433 4792 Si
447 4744 506 4806 pro
535 4727 601 4788 illis
624 4725 718 4790 robis
746 4743 861 4805 preces
886 4729 1096 4804 porrigimus,
1119 4733 1152 4794 et
1205 4730 1310 4808 ipsius
1321 4730 1416 4792 bonae
1432 4733 1600 4794 memoriae
1622 4735 1658 4793 B.
1675 4729 1905 4811 praedecessori
1918 4727 1972 4790 tuo.

356 4827 514 4893 mandata
536 4842 675 4904 quorum
697 4825 845 4887 Ecclesia
871 4826 982 4887 vestra
1004 4827 1149 4891 fidelita-
1205 4830 1237 4889 et
1251 4827 1475 4890 ecolesiaesibi
1490 4829 1674 4891 commissae
1687 4818 1976 4901 concessumpmlli

355 4929 423 4988 tem
437 4926 470 4986 et
482 4922 655 4985 servitium
671 4923 722 4984 est
736 4922 885 5000 experta,
906 4923 999 4985 tanto
1017 4941 1077 4986 vos
1097 4925 1149 4986 ia-
1205 4927 1239 4986 in
1263 4941 1377 4988 eorum
1400 4925 1518 4987 litteris
1540 4927 1672 5004 plenius
1695 4926 1887 4996 continetur,
1902 4918 1974 4981 actu

355 5025 491 5088 citiores
504 5021 547 5084 ad
569 5020 797 5082 executionem
817 5020 965 5098 ipsorum
985 5023 1150 5084 credimus
1205 5040 1244 5085 ea
1260 5023 1372 5084 omnia
1388 5024 1479 5100 juste
1500 5023 1660 5099 possides,
1684 5025 1717 5087 et
1740 5025 1857 5103 quiete,
1880 5017 1933 5080 tibi
1950 5014 1974 5072 el

354 5118 519 5192 invenire,
545 5118 668 5197 quanto
698 5118 803 5194 magis
832 5119 986 5196 congruit
1012 5121 1147 5192 rationi,
1205 5137 1263 5197 pro
1285 5122 1317 5182 te
1337 5119 1401 5197 ipsi
1424 5120 1575 5182 ecclesie
1600 5121 1795 5185 auctoritate
1809 5111 1973 5196 apostolica

354 5223 391 5284 ut
403 5217 526 5297 ignotis
546 5217 615 5280 noti
639 5215 780 5278 debeant
797 5217 967 5290 anteferri,
991 5233 1052 5279 nec
1076 5235 1149 5280 esse
1205 5218 1450 5290 confirmamus,
1475 5218 1508 5279 et
1526 5219 1702 5294 praesentis
1717 5218 1830 5297 scripti
1849 5205 1973 5293 patroci-

352 5319 451 5381 vacui
475 5315 653 5379 debeanta
675 5313 827 5376 mercede
854 5315 910 5391 qui
931 5316 1060 5392 pondus
1082 5315 1148 5378 diei
1204 5316 1259 5376 nio
1281 5313 1533 5376 communimus.
1555 5315 1647 5377 Nulli
1669 5332 1760 5393 ergo,
1780 5315 1851 5383 etc„
1870 5305 1970 5370 nostrae

354 5417 388 5478 et
411 5417 511 5476 aestus
529 5413 724 5491 supportare
745 5414 937 5485 noscuntur,
966 5429 1067 5490 quum
1093 5429 1149 5476 se·
1203 5413 1475 5485 confirmationis,
1493 5413 1555 5473 etc.
1575 5413 1695 5491 Siquis
1711 5416 1829 5483 autem,
1845 5409 1900 5470 etc.
1914 5403 1969 5462 Da·

352 5513 495 5574 cundum
519 5510 625 5589 legem
647 5509 794 5571 divinam
815 5525 853 5571 os
877 5509 954 5572 bovi
975 5509 1147 5574 trituranti
1201 5512 1271 5572 tum
1295 5511 1464 5584 Laterani,
1479 5509 1525 5572 id.
1554 5511 1749 5588 septembris
1779 5503 1877 5572 nostri
1897 5509 1968 5562 anno

350 5625 418 5672 non
450 5609 569 5671 debeat
593 5607 738 5684 alligari,
766 5621 828 5669 nec
851 5621 1027 5670 remanere
1059 5609 1146 5688 apud
1201 5609 1320 5688 primo.
