4234 6442
783 301 1013 362 EPISTOLAE.
1037 301 1115 361 LIB.
1139 301 1164 360 Ι.

473 523 630 611 unuln

263 788 315 848 Ad
328 787 608 861 magalonensem
626 786 831 859 episcopum.

444 970 479 1028 20
494 983 554 1042 apr.
572 969 651 1027 lili.

181 1176 288 1239 [Regest.
301 1173 346 1225 lih.
360 1174 381 1238 l,
396 1172 469 1240 epist.
488 1171 544 1224 toa.
559 1173 617 1224 blss.
630 1175 667 1225 La
678 1175 754 1224 Porto
770 1174 805 1226 du
821 1175 914 1241 Thell]

150 1382 187 1440 Ut
199 1379 406 1449 malefactores,
418 1387 446 1438 et
461 1380 540 1452 pacis
554 1379 775 1452 perturbatores,
792 1379 827 1438 de
842 1380 946 1454 quibus

184 1469 435 1544 montispessulani
454 1468 586 1527 homines
600 1470 675 1542 apud
691 1468 857 1528 Pontificem
872 1485 940 1528 con·

185 1561 278 1634 questi
292 1565 384 1630 erant,
400 1566 565 1633 compescat
576 1566 605 1616 et
619 1565 761 1617 coerceat.
821 1569 822 1574 ’

191 1749 370 1820 Honorius,
388 1749 462 1822 eto,
479 1747 666 1812 venerabili
680 1747 776 1809 fratri
791 1749 945 1825 Magalo-

149 1861 225 1906 nen.
245 1847 412 1924 episcopo.

189 1945 310 2014 Quum,
328 1943 413 2004 sicut
427 1943 540 2004 dilecti
558 1942 619 2003 lilii
634 1943 785 2005 homines
800 1945 944 2006 Montis-

148 2040 320 2118 pessulan'i
336 2039 431 2104 nobis
446 2039 602 2101 intimare
619 2041 790 2114 curarunt,
807 2042 841 2101 in
857 2041 944 2102 dioe-

150 2138 300 2207 cesima,
316 2154 382 2199 non
398 2139 504 2200 solum
517 2139 551 2199 in
567 2138 644 2200 aliis
659 2137 754 2210 locis,
771 2138 945 2199 sedetiam

147 2236 184 2296 in
199 2236 312 2298 stratis
325 2234 477 2313 publicis
494 2235 661 2297 violentiae
677 2252 716 2297 ac
728 2235 868 2313 rapinae,
882 2236 945 2298 bo-

147 2334 282 2395 micidia
295 2335 396 2396 eiiam
406 2335 439 2396 et
448 2333 515 2395 alia
525 2333 690 2395 maleficia
700 2333 942 2411 perpetrentur,

146 2447 207 2510 per
221 2448 295 2509 qttae
309 2433 401 2510 pacis
417 2430 588 2507 negotium
603 2431 716 2492 multis
732 2431 944 2507 procuratum

146 2529 328 2607 dispendiis
345 2529 378 2591 et
390 2529 561 2590 laboribus
578 2528 800 2606 perturbatur,
819 2528 942 2588 irater-

146 2627 244 2690 nitati
263 2628 328 2690 tuae
350 2627 563 2705 praesentium
585 2625 782 2688 auctoritate
802 2625 944 2686 manda-

146 2740 231 2798 mus,
249 2724 414 2802 quatenus
429 2724 660 2787 malefactores
679 2723 869 2801 hujusmodi
884 2739 943 2784 seu

147 2822 394 2900 perturbatores
415 2823 524 2901 pacis,
548 2823 577 2884 si
597 2822 654 2900 qui
672 2821 811 2894 luerint,
832 2821 944 2884 taliter

147 2921 281 2983 studeas
301 2937 468 2994 coercere,
491 2921 526 2981 in
549 2937 605 2982 eos
628 2919 656 2980 si
682 2935 819 2981 necesse
842 2918 944 2980 luerit

147 3033 323 3080 censuram
346 3018 608 3080 ecclesiasticam
632 3016 829 3089 exercendo,
856 3016 942 3094 quod

146 3114 334 3178 sollicitudo
346 3117 404 3178 tua
416 3116 534 3177 merito
546 3115 805 3178 commendetur.
823 3115 942 3177 Datum

145 3214 316 3284 Laterani,
343 3215 405 3275 XII
427 3213 588 3276 kalendas
608 3213 704 3287 maii,
730 3211 941 3291 pontificatus

144 3312 251 3372 nostri
265 3328 352 3373 anno
367 3311 486 3390 primo.

475 3565 623 3652 ccclv

216 3820 267 3882 Ati
279 3819 489 3891 Philippum,
506 3819 725 3875 Ficancormn
739 3827 867 3888 repetit.

442 3989 475 4046 tl
489 4003 549 4060 apr.
566 3988 643 4046 itti.

175 4194 284 4262 [lisgest.
302 4193 338 4244 lib
362 4193 382 4244 l.
398 4191 472 4258 epist.
484 4192 539 4243 tui.
557 4221 589 4231 -
608 4193 733 4256 Respuet,
749 4192 852 4244 Recueil
866 4192 911 4244 des

345 4273 492 4334 historiens,
503 4279 523 4322 t.
537 4273 604 4334 XlX,
617 4288 643 4339 p.
661 4273 729 4338 eta]

142 4489 255 4548 Eliusus
270 4489 298 4546 in
312 4489 427 4547 laudem
442 4489 520 4562 rogis
531 4486 665 4561 Philippi,
682 4487 710 4544 id
721 4484 836 4544 elilcere
851 4501 938 4545 cooa-

178 4585 223 4633 tur
242 4579 384 4634 Honorius
404 4584 435 4635 ut
458 4578 547 4635 iulium
571 4576 635 4650 eius
655 4577 878 4649 primogenitum
900 4590 942 4633 re-

175 4664 270 4721 trabat
293 4680 309 4721 a
331 4673 463 4738 suscepta
488 4666 517 4722 iu
541 4666 678 4740 Anglianr
696 4665 888 4738 expeditione,
913 4672 942 4722 et

179 4751 312 4808 derebus
326 4753 390 4809 aliis
404 4755 524 4812 minoris
538 4755 676 4811 momenti
690 4756 760 4828 agit.

183 4947 941 5025 Honoriusepiscopus...carissimoinChristo

143 5045 938 5123 illiOPb.regillrancorumillustri,salutemetc.

180 5258 220 5330 (l)
238 5259 395 5317 Simonem.

183 5331 226 5403 (2)
241 5330 397 5388 Arnuldum
410 5331 446 5386 ll.

179 5402 222 5476 (a)
258 5402 409 5474 Respicere
440 5398 551 5457 videtur
575 5397 630 5457 boc
653 5401 716 5458 luco
737 5403 879 5460 llonorius
906 5403 940 5462 ad

143 5471 326 5529 durissimam
354 5473 661 5529 excommunicationis
693 5473 875 5543 sententiam,
906 5474 941 5532 ab

144 5543 311 5600 Innocentio
334 5542 522 5611 fulminatum,
544 5557 600 5600 nun
618 5544 709 5600 solum
731 5551 829 5601 contra
845 5545 939 5602 Ludo·

144 5613 240 5671 vicum
255 5612 377 5688 Pbilippi
395 5616 473 5688 regis
490 5613 596 5685 lilium,
619 5613 771 5674 sedetiam
787 5615 815 5672 in
831 5624 940 5688 patrem

1733 303 1794 363 370

1042 461 1214 522 consuetae
1228 459 1441 537 benignitatis
1456 459 1578 522 affectu
1594 457 1722 522 litteras
1737 476 1800 522 ac·
1865 529 1868 538 ,

1002 561 1160 636 cepimus,
1177 575 1259 636 quas
1274 559 1369 620 nobis
1384 559 1570 620 sublimitas
1583 559 1676 633 regia
1692 558 1800 620 desti-

1002 657 1104 728 navit,
1120 656 1153 716 et
1166 657 1233 717 tam
1248 671 1287 716 ea
1303 673 1376 733 quae
1388 655 1642 718 continebantur
1654 657 1689 716 in
1702 655 1795 732 ipsis,

956 761 961 768 ’
1002 771 1101 832 quam
1112 754 1179 815 alia
1191 771 1264 832 quaa
1276 752 1388 815 coram
1399 753 1493 814 nobis
1507 753 1647 815 dilectus
1660 754 1748 814 filins
1760 756 1796 814 Β.

1002 853 1144 913 nuncius
1167 853 1244 913 tuus
1269 853 1412 915 fideliter
1432 853 1465 913 et
1482 851 1663 930 prudenter
1682 866 1799 929 propo·

1001 966 1082 1012 nere
1093 951 1294 1028 procurarit,
1318 951 1543 1012 intelleximus
1561 950 1748 1026 diligenter,
1766 948 1799 1010 et

1000 1049 1165 1126 inprimis
1180 1049 1304 1126 gratias
1324 1048 1499 1110 referimus
1520 1048 1703 1124 gratiarum
1726 1063 1800 1108 om-

1001 1147 1093 1208 nium
1108 1147 1259 1223 largitori
1276 1146 1362 1224 quod
1376 1146 1416 1218 is,
1432 1163 1451 1206 a
1473 1147 1603 1223 quossi
1623 1161 1720 1206 omne
1735 1144 1796 1204 da-

1000 1244 1069 1306 tum
1091 1245 1250 1323 optimum
1275 1245 1308 1306 et
1329 1244 1435 1306 omnis
1457 1242 1669 1321 perfectionis
1690 1243 1797 1318 origo,

1001 1344 1171 1405 cortuum
1199 1342 1378 1405 illustravit
1403 1342 1445 1403 ad
1463 1341 1597 1414 bonum,
1621 1341 1657 1402 ut
1682 1341 1795 1402 notam

1000 1440 1128 1503 iaceres
1136 1439 1326 1503 hominibus
1337 1440 1561 1501 innocentiam
1571 1439 1673 1512 tuam,
1691 1440 1725 1499 et
1737 1454 1795 1500 no-

1000 1555 1075 1600 men
1094 1540 1188 1601 tuum
1206 1539 1333 1600 clarum
1356 1537 1512 1599 redderes
1532 1537 1619 1613 apud
1639 1535 1714 1597 illos
1741 1535 1798 1614 qui

999 1638 1164 1699 maculam
1174 1637 1208 1698 in
1222 1636 1325 1714 ipsius
1340 1636 1447 1713 gloria
1458 1651 1580 1713 ponere
1591 1633 1792 1696 nitebantur.

1000 1737 1046 1796 Ea
1061 1734 1148 1797 enim
1164 1751 1238 1813 quae
1251 1734 1313 1796 tibi
1331 1751 1392 1813 per
1413 1733 1637 1796 venerabilem
1660 1731 1799 1792 fratrem

999 1834 1150 1895 nostrum
1177 1835 1358 1910 Tyrensem
1386 1831 1673 1908 archiepiscopum
1696 1827 1743 1908 (1)
1766 1829 1800 1890 et

1000 1931 1156 1993 dilectum
1178 1930 1283 1992 filium
1305 1930 1457 1991 abbatem
1479 1929 1732 1990 cisterciensem
1749 1923 1798 2005 (2)

1000 2029 1228 2090 consuluimus
1249 2029 1282 2090 et
1297 2027 1527 2088 mandavimus
1546 2041 1589 2087 ex
1610 2025 1720 2085 officio
1742 2039 1803 2084 ca-

998 2126 1119 2198 ritatis,
1151 2125 1199 2187 sic
1222 2125 1394 2187 humiliter
1418 2125 1451 2186 ct
1474 2120 1656 2185 efficaciter
1678 2120 1800 2198 imple-

998 2223 1088 2297 visti,
1105 2223 1141 2284 ut
1155 2223 1267 2284 nullus
1280 2222 1321 2283 de
1338 2223 1367 2284 te
1387 2222 1421 2283 in
1437 2220 1624 2298 aliquorum
1642 2218 1799 2280 cordibus

999 2321 1104 2398 possit
1118 2321 1293 2400 scrupulus
1308 2335 1494 2392 remanere,
1516 2319 1549 2381 et
1567 2318 1603 2378 bi
1618 2317 1675 2395 qui
1689 2316 1799 2377 lubri-

998 2435 1073 2480 cum
1089 2419 1213 2494 linguae
1236 2435 1305 2479 suae
1321 2418 1362 2479 ad
1376 2417 1605 2479 concinnanda
1620 2414 1794 2476 mendacia

999 2517 1193 2589 docuerunt,
1211 2533 1254 2577 er
1274 2516 1338 2576 hoc
1356 2515 1475 2576 merito
1498 2512 1728 2582 retardentur,
1752 2527 1795 2572 nc

998 2614 1136 2692 possint,
1153 2614 1239 2675 sicut
1249 2612 1397 2690 cupiunt,
1412 2628 1487 2672 cum
1500 2609 1652 2672 acuerint
1664 2608 1799 2685 linguas

999 2728 1077 2773 suas
1093 2711 1180 2773 sicut
1195 2711 1376 2787 serpentes,
1389 2725 1446 2769 eas
1456 2710 1492 2769 in
1502 2709 1593 2769 tuam
1606 2709 1639 2768 et
1651 2707 1793 2768 aliorum

996 2809 1156 2888 injuriam
1176 2809 1343 2870 relaxare.
1365 2807 1434 2868 Nos
1458 2806 1579 2878 autem,
1604 2805 1660 2883 qui
1681 2820 1800 2881 perso-

998 2923 1075 2968 nam
1089 2907 1182 2969 tuam
1197 2905 1377 2967 dileximus
1392 2904 1469 2965 dum
1480 2919 1612 2964 eramus
1628 2903 1662 2963 in
1675 2901 1797 2963 minori

997 3004 1107 3066 oiiicio
1143 3003 1327 3074 constituti,
1364 3000 1397 3063 et
1429 3018 1518 3062 nunc
1545 2998 1797 3061 abundantioris

996 3103 1114 3178 gratiae
1129 3101 1352 3180 praerogativa
1375 3099 1533 3172 zelamur,
1556 3098 1664 3159 felicis
1686 3099 1719 3159 et
1741 3111 1799 3157 re-

997 3199 1145 3262 colendae
1169 3200 1339 3260 memorias
1361 3195 1531 3259 Coelestini
1550 3199 1669 3273 Papae,
1692 3193 1797 3272 patris

997 3299 1030 3361 et
1045 3296 1303 3375 praedecessoris
1319 3295 1434 3366 nostri,
1455 3293 1605 3370 vestigiis
1626 3293 1798 3354 inhaeren-

996 3396 1057 3467 tes,
1075 3395 1133 3472 qui
1153 3395 1186 3456 te
1202 3410 1241 3456 ac
1263 3409 1368 3469 genus
1385 3393 1479 3454 tuum
1500 3392 1616 3452 intime
1636 3391 1739 3467 gessit
1761 3391 1796 3450 in

996 3490 1180 3555 visceribus
1201 3491 1361 3564 caritatis,
1372 3505 1472 3567 quum
1487 3488 1637 3549 eumdem
1662 3487 1796 3564 praede-

996 3604 1162 3652 cessorem
1191 3589 1340 3649 nostrum
1359 3587 1394 3648 in
1418 3586 1508 3647 omni
1534 3584 1721 3645 humilitate
1742 3599 1799 3645 se-

996 3701 1146 3764 quamur,
1177 3701 1276 3763 quam
1298 3687 1384 3745 Deus
1407 3682 1527 3744 indidit
1552 3682 1644 3743 cordi
1666 3681 1792 3754 nostro,

996 3784 1132 3845 credere
1158 3798 1224 3843 non
1251 3783 1418 3860 potuimus
1447 3781 1504 3842 aut
1530 3779 1629 3842 etiam
1649 3778 1794 3842 tenuiter

996 3881 1169 3958 suspicari,
1186 3881 1272 3958 quod
1292 3881 1363 3942 tua
1385 3880 1519 3941 tuorum
1541 3878 1793 3955 progenitorum

996 3979 1159 4042 suavitate
1181 3979 1401 4055 degenerans,
1426 3979 1482 4055 qui
1504 3992 1635 4053 semper
1659 3975 1795 4036 luerunt

996 4094 1055 4156 per
1086 4076 1271 4138 devotionis
1303 4075 1456 4152 spiritum
1488 4075 1563 4135 Sedi
1595 4073 1795 4149 apostolicae

997 4174 1156 4246 obsecuti,
1185 4174 1332 4235 animum
1355 4171 1547 4233 rebellionis
1571 4169 1738 4242 indueres,
1763 4171 1796 4230 et

996 4273 1117 4334 alienae
1149 4272 1229 4333 vitis
1259 4269 1481 4330 amaritudine
1519 4267 1705 4338 redoleres,
1738 4266 1796 4343 qui

996 4371 1158 4432 hactenus
1180 4368 1286 4429 fuisse
1308 4366 1429 4428 diceris
1450 4366 1504 4427 vir
1522 4365 1557 4426 in
1578 4362 1730 4426 omnibus
1749 4363 1795 4425 ti-

995 4464 1174 4546 moratus(
1199 4465 1223 4544 ).

1036 4560 1198 4620 Caeterum
1222 4573 1289 4617 non
1311 4557 1370 4617 abs
1384 4572 1421 4618 re
1436 4559 1510 4618 Rex
1525 4557 1581 4617 ille
1602 4572 1718 4632 regum
1738 4556 1795 4633 qui

996 4673 1038 4716 ex
1053 4656 1119 4718 alto
1141 4655 1311 4733 prospicit,
1329 4656 1365 4715 ut
1382 4654 1606 4730 intelligentes
1623 4654 1736 4716 videat
1760 4653 1793 4716 ct

991 4754 1140 4831 justitias
1157 4752 1288 4815 Domini
1304 4752 1523 4829 requirentes,
1543 4769 1682 4828 regnum
1700 4752 1790 4814 tuum

996 4868 1095 4929 super
1110 4850 1359 4911 fundamentum
1382 4850 1458 4910 fidei
1474 4849 1645 4920 stabilivit,
1671 4850 1713 4920 et,
1732 4865 1795 4924 po-

995 4966 1078 5010 nens
1093 4949 1176 5008 iines
1192 4951 1264 5024 ejus
1280 4963 1406 5023 pacem,
1425 4947 1457 5007 et
1470 4945 1686 5006 tabernacula
1702 4945 1793 5005 dila-

995 5048 1070 5109 tans
1087 5045 1201 5121 ipsius,
1220 5044 1366 5105 subdidit
1381 5042 1444 5103 sibi
1459 5045 1604 5104 remotas
1624 5043 1657 5103 et
1672 5041 1795 5102 barba-

996 5260 1057 5333 ejus
1074 5257 1348 5328 immeritumprout
1363 5254 1496 5322 diximus,
1514 5261 1629 5311 auctore
1640 5252 1793 5310 Guillclmu

997 5330 1155 5396 Arnrorico,
1176 5343 1272 5400 supra,
1290 5343 1317 5399 p.
1333 5327 1396 5392 599,
1419 5327 1447 5380 in
1464 5326 1548 5384 notis.
1568 5325 1616 5383 Cui
1639 5325 1726 5392 malo,
1742 5339 1794 5382 seu

995 5401 1113 5459 saevitiae
1134 5399 1313 5465 inconsultae,
1333 5404 1364 5454 ut
1383 5395 1533 5470 prementia
1555 5411 1605 5452 sua
1632 5393 1794 5452 {traderetur

996 5473 1148 5537 Honorius,
1166 5468 1259 5525 modis
1275 5467 1409 5525 omnibus
1425 5469 1523 5524 besum
1542 5475 1570 5523 et
1591 5473 1793 5538 exasperatum

996 5542 1118 5614 Pbilippi
1133 5541 1260 5616 oninium
1276 5540 1461 5597 molliendum
1473 5553 1506 5595 ac
1519 5538 1572 5596 sibi
1583 5536 1793 5596 correiliaudum

995 5613 1114 5672 curavit.
1128 5610 1289 5684 (bouquet.)
