4104 6392
707 289 935 352 nalstede.
959 289 1036 351 LIB.
1062 293 1100 350 11.

364 473 590 564 CCCXVIII

80 617 132 679 Ad
151 620 405 682 Bitnrtcensem
422 623 716 696 archiepiscopum
735 620 767 682 et
786 625 879 696 cpis-

119 731 218 790 copos
232 719 269 777 tn
285 717 392 779 terris
403 717 539 780 comitis
553 721 784 780 Nicomensis
796 729 878 779 con-

119 813 289 876 sistentes.

391 888 472 965 bjul.
492 891 570 950 lais.

20 1059 21 1062 Ἴ
135 993 272 1061 [bouquet.
284 993 390 1048 Rooueil
400 995 444 1047 des
457 993 605 1054 ilistorions.
619 1003 639 1048 t.
650 997 718 1058 xlx,
727 1009 754 1066 p.
765 997 825 1058 ddl;

280 1076 388 1140 begeat..
404 1076 449 1127 lib.
459 1073 490 1135 n,
506 1077 581 1142 epist.
593 1077 676 1143 issa]
774 1123 776 1126 .

128 1173 264 1248 Ejusdem
279 1175 441 1248 argumenti
455 1175 537 1248 cujus
554 1177 684 1250 superior
697 1176 827 1250 epistola.

120 1291 288 1353 Honorius
312 1293 540 1369 episcopus...‚
568 1293 752 1356 vonerabili
780 1293 876 1356 iiatri

80 1387 332 1466 archiepiscopo
356 1390 556 1452 Bituricensi
576 1389 626 1471 (a)
655 1393 688 1454 et
710 1389 876 1454 universis

79 1485 245 1564 episcopis
261 1485 448 1562 inquorum
463 1488 661 1550 dioecesibus
675 1489 766 1552 terra
781 1487 878 1550 nobi·

79 1583 122 1644 lis
141 1583 206 1644 viri
222 1584 352 1646 comitis
367 1585 585 1648 Nivernensis
602 1585 764 1660 consistit,
785 1585 878 1649 salu-

78 1677 157 1752 tom,
175 1680 238 1742 eto.

121 1778 202 1839 Cum
225 1773 329 1838 nobili
354 1779 428 1841 viro
449 1775 562 1842 comiti
592 1777 793 1844 Nivcrnensi
816 1779 874 1860 (b),

80 1875 329 1951 crucesignato,
363 1876 404 1937 ad
437 1877 550 1939 votum
585 1893 682 1938 suum
714 1877 875 1956 potenter,

79 1971 165 2032 siout
184 1971 363 2045 desiderat,
388 1975 613 2050 peragendum
628 1977 772 2052 proprie.
791 1976 877 2037 siout

78 2067 173 2130 nobis
188 2068 344 2140 innotuit,
362 2085 427 2132 non
443 2070 620 2148 suppetant
638 2071 825 2144 facultates,
844 2074 877 2135 et

52 2233 55 2240 Ι
78 2163 301 2240 crucesignati
324 2165 423 2227 terrae
449 2181 519 2228 suae
546 2180 658 2228 secum
686 2167 764 2241 sint,
790 2168 877 2231 sicut

78 2262 277 2338 accepimus,
304 2263 546 2341 lerosolymam
568 2263 755 2338 transituri,
783 2279 875 2343 prae-

79 2346 222 2420 sentium
240 2357 335 2421 vobis
350 2359 546 2422 auctoritate
569 2360 776 2433 mandamus,
794 2377 878 2439 qua·

78 2457 188 2527 tenus,
213 2455 254 2516 ab
278 2455 429 2517 ecclesiis
448 2456 550 2518 terrae
571 2456 687 2534 ipsius,
716 2458 878 2521 duntaxat

80 2551 115 2613 in
137 2553 258 2614 vestris
282 2551 480 2615 dioecesibus
504 2554 760 2616 consistentibus
783 2556 877 2617 vice-

80 2649 199 2711 simam
217 2649 372 2712 videlioet
396 2649 539 2712 fideliter
558 2651 763 2728 colligentes,
790 2667 875 2726 eam,

80 2759 208 2808 necnon
229 2747 401 2808 collectam
415 2746 451 2808 iu
472 2747 600 2810 truncis
620 2749 875 2826 eleemosynam,

80 2843 257 2919 assignetis
282 2844 400 2917 eidem,
427 2844 612 2922 dequibus
636 2846 877 2921 crucesignatis

81 2937 248 3018 praediotis
270 2955 329 3018 per
345 2955 420 3003 eum
435 2942 587 3004 volumus
602 2943 634 3005 et
653 2943 875 3021 praecipimus,

76 3037 173 3114 juxta
189 3036 275 3114 quod
290 3039 447 3114 expedire
462 3039 593 3112 viderit,
614 3039 793 3117 provideri.
809 3042 878 3102 Vo-

80 3132 189 3194 lumus
207 3131 306 3195 etlam
321 3137 355 3195 et
369 3135 574 3208 mandamus,
598 3138 634 3199 ut
654 3135 728 3198 octo
741 3151 783 3197 ex
802 3139 875 3214 ejus

81 3229 302 3292 servientibus
331 3227 581 3307 crucesignatis,
603 3247 685 3310 quos
711 3233 753 3294 ad
777 3233 876 3295 terrae

80 3343 149 3389 suae
168 3327 352 3389 custodiam
367 3328 501 3389 duxerit
520 3329 702 3406 eligendos,
724 3330 876 3393 auctori-

79 3425 147 3486 tate
180 3427 294 3487 nostra
328 3425 523 3486 remanendi
552 3425 722 3487 licentiam
752 3441 876 3488 couce-

40 3543 43 3546 ·
81 3521 177 3583 datis.
195 3523 312 3583 Datum
327 3519 496 3594 Laterani,
512 3523 556 3583 III
569 3537 676 3584 nonas
685 3522 776 3602 julii,
793 3539 879 3604 pon·

78 3618 224 3680 dicatus
238 3617 344 3680 nostri
357 3633 447 3681 anno
462 3619 619 3682 secundo.

389 3796 571 3884 CCCXIX

85 3939 86 3944 ’
188 3931 240 3991 Ad
255 3929 547 3994 Cerzcmcnansem
560 3933 768 4008 episcopum.

388 4043 468 4117 iijul.
487 4045 566 4102 liis.

128 4149 264 4214 [bouquet.
276 4148 379 4200 lloouoil
394 4150 438 4200 dos
452 4149 603 4209 Historiam,
617 4155 636 4201 t.
649 4151 716 4210 nx,
732 4165 760 4218 p.
769 4151 830 4212 6⁶25

281 4227 390 4292 liegest,
406 4227 453 4280 lib.
466 4231 495 4289 ll,
507 4229 582 4296 epist.
595 4227 677 4294 lisa]

78 4327 221 4385 Atrociter
235 4326 386 4400 agentibus
406 4325 544 4386 adversus
565 4327 731 4402 episcopum
753 4335 782 4388 et
800 4329 879 4388 clari·

116 4427 166 4470 oos
184 4413 376 4473 Nannetensis
392 4412 521 4472 molosia
545 4413 683 4472 ministris
702 4414 787 4485 Petri,
811 4415 879 4474 llali

116 4501 211 4559 clerici
224 4501 431 4576 cognominati,
452 4502 606 4560 Britannia
620 4503 743 4572 comitis,
761 4502 879 4562 mandat

1668 296 1727 354 834

880 425 881 430 “
932 449 1134 512 sessionibus
1151 453 1185 510 et
1201 447 1353 512 libertate
1367 447 1491 512 donare
1505 450 1561 528 pia
1580 449 1727 514 fidelium

932 546 1062 608 devotio
1088 547 1318 614 consueverat,
1342 545 1407 610 hoc
1430 546 1525 624 impii
1553 545 1727 612 debilitare

932 639 1067 704 suorum
1089 642 1314 704 subtractione
1336 642 1499 705 bonorum
1519 645 1553 705 et
1571 644 1606 705 in
1621 645 1729 708 servi-

931 738 1035 802 tutem
1071 739 1224 816 redigere
1265 740 1498 816 gravissimam
1540 741 1726 815 elaborant,

931 838 1029 914 prout
1042 836 1228 916 iniquitatis
1244 837 1316 910 dlii,
1337 837 1464 900 Alanus
1482 841 1507 900 lt
1524 841 1730 902 Fatcmnaier

932 935 965 998 et
978 935 1170 998 Wioramus
1190 937 1371 1009 deservo,
1392 951 1431 998 ao
1452 951 1566 1000 eorum
1586 929 1727 1015 compli-

931 1047 998 1106 ces,
1012 1031 1159 1094 ministri
1172 1029 1294 1094 nobilis
1308 1032 1373 1094 viri
1391 1035 1428 1095 Ρ.
1443 1030 1493 1114 (d)
1509 1032 1638 1096 comitis
1654 1033 1731 1096 Bri-

931 1127 1067 1204 tanniae,
1088 1131 1203 1192 contra
1218 1131 1464 1193 Nannetensem
1483 1130 1659 1194 ecclesiam
1677 1130 1731 1194 ia·

932 1242 1008 1290 cere
1031 1229 1271 1306 proponuntur,
1309 1228 1378 1306 qui,
1415 1228 1501 1290 sicut
1527 1228 1729 1291 venerabilis

931 1323 1035 1388 irater
1054 1325 1279 1388 Nannetensis
1294 1326 1468 1404 episcopus
1483 1324 1531 1407 (a)
1555 1326 1651 1389 nobis
1666 1342 1730 1389 ex·

931 1422 1052 1501 posuit,
1084 1420 1226 1500 burgum
1252 1422 1293 1484 de
1320 1423 1450 1497 suceio,
1480 1422 1672 1486 molendina
1696 1425 1731 1487 et

931 1519 1046 1582 domos
1060 1520 1209 1598 ejusdem
1223 1520 1371 1599 episcopi
1387 1520 1651 1598 combusserunt,
1671 1537 1730 1582 ca-

931 1616 1027 1695 piunt
1058 1615 1198 1680 clericos
1227 1619 1262 1681 et
1292 1617 1515 1692 incarcerant,
1547 1618 1580 1681 et
1612 1620 1728 1681 contra

931 1713 1083 1778 eumdem
1103 1717 1295 1794 episcopum
1311 1717 1344 1780 et
1364 1715 1505 1780 clericos
1528 1715 1673 1778 civitatis
1696 1719 1730 1779 et

931 1811 1084 1876 dioecosis
1100 1813 1323 1876 Nannetensis
1337 1813 1373 1876 in
1387 1814 1516 1877 tantum
1532 1813 1727 1886 desaeviunt,

931 1910 1017 1990 quod
1044 1909 1108 1988 ipsi
1136 1910 1308 1973 dioecesim
1332 1911 1580 1974 Nannetensem
1601 1911 1729 1987 egressi

930 2007 1070 2070 exulare
1090 2009 1263 2084 coguntur.
1287 2008 1431 2086 Ideoque
1450 2008 1644 2071 discretioni
1661 2009 1728 2071 tuae
1812 2088 1818 2097 Ι

931 2120 991 2183 per
1005 2104 1196 2182 Apostolica
1207 2105 1331 2182 scripta
1344 2106 1540 2167 mandamus
1553 2107 1726 2182 quatenus,

931 2201 959 2262 si
974 2201 1147 2279 praemissa
1158 2200 1300 2265 veritate
1314 2202 1478 2275 nituntur,
1498 2202 1729 2266 malefactores

931 2296 1065 2362 eosdem
1088 2298 1225 2372 tamdiu,
1256 2300 1479 2378 appellatione
1503 2300 1643 2374 remota,
1670 2315 1730 2379 per

930 2395 1033 2456 totam
1057 2397 1283 2457 'turonensem
1309 2396 1513 2474 provinciam
1542 2399 1575 2460 et
1600 2397 1729 2460 vicinas

931 2492 1101 2565 ecclesias,
1123 2492 1264 2569 singulis
1283 2491 1400 2554 diebus
1422 2493 1597 2555 dominicis
1613 2496 1646 2556 et
1658 2493 1728 2556 ies-

931 2588 1021 2662 tivis,
1038 2589 1342 2651 excommunicatos
1356 2588 1487 2666 publice
1502 2591 1672 2664 nuntietis,
1696 2593 1729 2653 et

932 2685 1063 2748 faciatis
1084 2685 1125 2747 ab
1146 2685 1298 2748 omnibus
1320 2685 1446 2748 arctius
1467 2687 1598 2756 evitari,
1624 2688 1729 2751 donec

933 2798 1034 2861 super
1058 2782 1185 2846 eisdem
1211 2782 1446 2858 satisfecerint,
1474 2784 1509 2847 et
1534 2800 1594 2861 pro
1617 2786 1727 2864 injec-

931 2881 1022 2943 tione
1052 2895 1211 2942 manuum
1241 2879 1276 2942 in
1308 2880 1448 2942 clericos
1477 2881 1624 2944 violenta
1654 2897 1729 2946 cum

931 2977 1118 3040 vestrarum
1132 2976 1322 3039 testimonio
1337 2977 1523 3039 litterarum
1537 2978 1588 3040 wad
1611 2979 1729 3042 sedem

930 3073 1085 3136 venenat
1102 3071 1327 3150 apostolicam
1350 3073 1557 3136 absolvendi.
1584 3076 1677 3147 Quod
1700 3075 1730 3139 si

931 3186 998 3232 non
1012 3185 1128 3233 omnes
1141 3169 1194 3230 bis
1208 3170 1427 3248 exsequendis
1442 3172 1605 3234 interesse
1619 3173 1731 3250 potue-

931 3267 1014 3341 rint,
1043 3268 1094 3336 tu,
1120 3265 1223 3328 irater
1250 3267 1419 3346 episcope,
1445 3285 1485 3330 ea
1512 3269 1729 3334 nibilominus

931 3363 1139 3441 exsequaris.
1161 3365 1279 3426 Datum
1294 3365 1461 3438 Laterani,
1485 3367 1531 3427 111
1548 3381 1654 3430 nonas
1671 3370 1730 3448 ju-

931 3461 982 3534 lii,
997 3460 1209 3539 pontificatus
1224 3461 1329 3524 nostri
1344 3477 1433 3524 anno
1447 3463 1605 3526 secundo.

1252 3647 1415 3735 CCCXX

932 3783 985 3842 Ad
997 3782 1144 3854 mnnita
1160 3783 1310 3844 ecclesia
1320 3782 1356 3844 ct
1368 3782 1403 3844 S.
1417 3783 1570 3859 Ludgcrt
1583 3785 1730 3848 demnas

1185 3879 1219 3940 et
1235 3880 1475 3954 prepositum

1245 3991 1326 4066 ojul.
1343 3987 1422 4050 lits.

1001 4097 1146 4162 wama,
1159 4097 1345 4228 pelasgae
1361 4097 1575 4242 ffssssdmbmh'
1588 4100 1663 4158 sin,
1744 4063 1749 4069 ⁵

1229 4191 1256 4242 p.
1304 4189 1352 4236 ,u.
1416 4214 1421 4226 .

992 4285 1029 4344 Ut
1040 4283 1169 4342 ecclesie
1183 4282 1389 4356 trajectenses,
1405 4289 1521 4357 proptor
1533 4283 1674 4345 bonorum

1092 4370 1287 4442 donationem,
1307 4385 1365 4429 uon
1380 4371 1575 4431 molestcnnn.

972 4488 1181 4553 Venerabilis
1200 4487 1305 4550 irater
1318 4487 1432 4551 noster
1452 4489 1627 4568 episcopus
1648 4493 1733 4554 Tra-

117 4590 259 4648 Honorius
273 4597 305 4647 ut
321 4605 422 4648 omnes
437 4591 477 4647 illi
493 4591 796 4650 excommunicationis
812 4593 876 4650 vin·
928 4589 1088 4667 jectensis
1105 4586 1260 4663 exposuit
1278 4601 1390 4648 coram
1414 4585 1521 4659 nobis,
1545 4587 1631 4666 quod
1654 4605 1730 4651 curn

116 4678 180 4736 culo
193 4677 437 4752 constringantur.

121 4785 287 4848 Honorius
314 4787 538 4863 episcopus...‚
571 4787 757 4850 venerabili
783 4787 878 4852 tratri

78 4886 192 4946 nostro
206 4884 363 4962 episcopo
379 4881 437 4963 (c),
454 4885 486 4946 et
504 4885 634 4948 dilectis
649 4885 728 4948 filiis
749 4887 878 4949 cantori

79 4983 114 5044 et
131 4982 288 5059 magistro
304 4980 450 5044 scholari
464 4983 483 5044 J
486 4981 573 5044 uello
588 4983 760 5057 canonico,
777 4985 878 5048 Ceno·

79 5078 304 5150 manensibus‚
321 5079 384 5142 etc.
478 5083 484 5091 '

122 5177 233 5254 Usque
255 5175 338 5237 adeo
357 5177 428 5252 jam
453 5176 639 5253 prevaluit,
669 5175 878 5253 exigentibus

79 5273 250 5334 bominum
267 5273 422 5350 peccatis,
435 5274 601 5352 impietas,
613 5273 699 5353 quod
711 5275 771 5335 Dei
786 5289 879 5336 sanc·

79 5370 237 5440 tuarium,
257 5370 342 5448 quod
357 5385 487 5447 magnae
500 5371 579 5434 olim
591 5369 774 5433 habebatur
789 5387 879 5434 reve-

80 5468 209 5540 rentiae,
231 5468 454 5541 conculcatur,
472 5469 504 5531 et
519 5468 604 5548 quod
620 5469 781 5548 ampliare
795 5486 877 5548 pos·

118 5614 161 5692 (c)
170 5615 284 5676 tibaldo
295 5613 331 5675 de
343 5617 420 5678 cros.
455 5616 494 5694 (b)
508 5615 629 5679 ilerveo.
661 5617 699 5694 (c)
716 5619 875 5678 llamclino.

207 5755 320 5799 ravnov..
339 5755 412 5799 runs
426 5743 462 5799 ll.

933 4685 1085 4748 canonici
1107 4684 1140 4747 et
1165 4683 1223 4746 alii
1248 4683 1362 4746 clerici
1380 4685 1648 4762 'trajectensibus
1670 4701 1729 4750 ec-

933 4783 1044 4845 clesiis
1060 4795 1119 4860 pro
1135 4783 1321 4844 animarum
1341 4796 1477 4843 suarum
1495 4783 1603 4844 salute
1616 4784 1731 4860 legant
1807 4846 1809 4855 ,

933 4883 1044 4959 aliqua
1069 4879 1156 4941 bona
1183 4891 1255 4951 sua,
1282 4879 1431 4956 ipsorum
1455 4880 1588 4955 cognati
1610 4880 1643 4942 et
1670 4881 1730 4942 alil

931 4977 1154 5057 trajectensis
1168 4975 1321 5038 dioecesis
1336 4975 1528 5052 hujusmodi
1541 4973 1651 5053 legata
1666 4977 1730 5039 im-

932 5075 1046 5154 pedire
1075 5071 1279 5152 praesumunt
1309 5071 1344 5133 in
1372 5071 1559 5134 animarum
1593 5089 1730 5137 suarum

933 5173 1117 5252 periculum
1138 5171 1171 5232 et
1195 5169 1412 5232 ecclesiarum
1440 5170 1670 5247 prejudicium
1697 5177 1730 5237 et

932 5285 1123 5348 gravamen.
1140 5269 1220 5329 Cum
1239 5266 1342 5344 igitur
1361 5267 1489 5328 servari
1511 5267 1652 5332 debeant
1669 5270 1730 5333 de·

933 5367 1120 5432 cedentium
1149 5364 1297 5442 legitime
1324 5364 1529 5438 voluntates,
1563 5381 1624 5428 nos
1656 5367 1728 5430 dis-

932 5466 1061 5530 trictius
1082 5461 1281 5535 inhibentes,
1298 5477 1340 5523 ne
1360 5463 1434 5540 quis
1455 5463 1617 5526 ecclesias
1638 5465 1728 5544 ipsas

968 5613 1011 5690 (d)
1030 5615 1106 5676 Petri
1118 5613 1281 5675 broconsia.
1320 5610 1358 5687 (a)
1378 5611 1549 5687 soepbmus.

1553 5737 1587 5795 27
