4104 6392
370 208 429 266 us
983 205 1159 270 uoucuu
1181 209 1226 272 111
1247 211 1396 274 ornan.
1694 224 1697 232 ¹
1899 239 1932 301 3„

363 345 532 429 fundatori
546 366 697 430 ecclesiae
713 365 802 430 beati
818 367 915 428 Pauli
927 365 968 428 de
983 367 1090 440 Kalis,
1106 383 1163 430 sa·
1215 385 1272 436 ras
1295 371 1369 434 tuas
1390 371 1485 437 nobis
1504 372 1675 442 humiliter
1692 379 1865 460 supplicasti,
1881 397 1933 458 uta

365 464 467 526 tutem
482 465 515 526 et
527 465 743 541 apostolicam
754 462 1028 526 benedictionem.
1217 468 1427 530 seccoviensi
1441 469 1583 534 ecclesia
1598 475 1663 536 tuae
1679 475 1770 540 diseo.
1780 481 1933 563 episcopatem

405 563 495 624 solet
523 577 670 622 annuere
695 559 815 634 Sedes,
855 563 943 624 etc...
980 561 1160 624 Ecclesiam
1216 565 1327 628 sedem
1358 568 1509 641 creandi,
1540 569 1602 631 tibi
1627 571 1785 636 licentiam
1814 587 1934 650 morsare

362 661 451 722 beati
467 659 616 720 Paulide
631 659 737 732 italis,
763 675 825 722 nec
853 675 919 721 non
944 660 979 722 et
1000 676 1161 737 personas
1216 662 1439 739 dignaremur.
1455 667 1577 730 Parato
1592 668 1633 730 de
1645 685 1776 732 assensu
1788 677 1933 756 capitulini,

362 758 400 818 in
422 773 462 819 ea
486 757 626 818 Domino
654 754 865 830 famulantes,
896 773 972 818 cnm
995 757 1160 828 omnihus,
1216 759 1248 820 ei
1263 777 1362 822 unam
1378 761 1554 826 diaetamet
1568 763 1935 842 dimidiamindioecstuc

363 872 436 933 quae
447 853 482 915 in
493 853 1159 933 presentiarumranonauiiiterpossidec
1216 861 1330 920 centes
1350 875 1480 922 marcas
1498 861 1534 922 in
1555 863 1735 926 redditibus
1752 869 1896 946 assignare,
1910 879 1934 940 ip

362 954 421 1014 aut
454 952 490 1013 in
518 952 665 1014 futurum
688 952 788 1029 justis
817 952 944 1025 modis,
984 953 1162 1030 prestante
1217 957 1935 1048 ntperomniaipsiusecclesiaeseccov.j1m

361 1049 514 1123 Domino,
530 1051 651 1126 poterit
665 1049 816 1126 adipisci,
834 1049 895 1112 sub
909 1049 998 1112 beati
1013 1050 1104 1112 Petri
1130 1051 1163 1112 et
1216 1054 1320 1125 salve,
1337 1055 1422 1117 nihil
1445 1055 1486 1118 de
1504 1055 1601 1119 bunis
1615 1058 1718 1136 ipsius
1732 1061 1769 1121 ad
1782 1065 1935 1142 episcopales

361 1147 475 1210 nostra
488 1147 694 1224 protectione
708 1147 922 1223 suscipimus,
939 1149 972 1208 et
986 1146 1162 1224 praesentis
1217 1150 1409 1214 cathedram
1423 1153 1656 1227 transferatur,
1685 1173 1744 1219 nec
1762 1159 1848 1220 ullum
1863 1167 1935 1228 exinde

362 1237 929 1322 scriptipatrociniocummunimus.
939 1244 1032 1306 Nulli
1042 1260 1160 1320 ergo...
1217 1245 1513 1324 indignitatibus,
1542 1247 1763 1326 libertatibus,
1788 1260 1935 1322 consuetudi-

361 1343 485 1404 nostrae
500 1341 715 1420 protectionis
729 1342 924 1420 intringere.
943 1343 978 1404 Si
996 1343 1070 1420 quis
1096 1358 1161 1403 au·
1217 1343 1327 1417 nibus,
1352 1347 1385 1408 et
1407 1345 1593 1410 rationibus
1606 1347 1703 1410 salz.
1723 1350 1847 1426 capitulo
1863 1360 1935 1432 pratu·

361 1444 439 1513 tem,
456 1440 519 1501 eto.
533 1441 652 1502 Datum
668 1443 781 1503 Romae
800 1440 887 1518 apud
915 1441 1072 1502 sanctum
1093 1441 1162 1502 Pe·
1217 1441 1339 1504 dicium
1367 1446 1556 1520 generetur.
1593 1445 1687 1508 Unde
1720 1447 1791 1510 licet
1815 1448 1935 1516 lenanu

361 1540 461 1610 trum,
484 1540 515 1600 X
538 1536 698 1600 kalendas
709 1538 798 1616 julii,
821 1538 1033 1616 pontificatus
1057 1537 1163 1600 nostri
1217 1541 1383 1602 minusad
1404 1541 1469 1604 hoc
1493 1542 1697 1604 insufficiens
1716 1544 1822 1606 debeas
1833 1553 1934 1623 reputan‘,

363 1651 452 1697 anno
468 1636 626 1698 secundo.
1217 1652 1282 1715 quo
1297 1638 1568 1702 insufficientiam
1589 1641 1716 1718 allegas
1734 1642 1887 1714 instantius,
1904 1664 1936 1708 uu

1216 1736 1327 1796 tamen
1346 1737 1439 1799 tunm
1460 1739 1665 1816 propositum
1684 1739 1786 1815 dignis
1807 1741 1835 1800 in
1853 1743 1936 1805 boatu

703 1787 831 1875 GCCV
1217 1832 1370 1896 laudibus
1397 1836 1677 1909 commendantes,
1707 1837 1738 1900 et
1763 1837 1885 1914 precihus
1902 1843 1936 1900 tuis

450 1942 503 2000 Ad
520 1942 762 2002 Eberhardum
786 1941 1080 2014 archiepiscopum
1217 1945 1257 1992 eo
1282 1930 1498 1998 favorabilius
1524 1934 1721 2008 annuentes,
1745 1951 1803 2012 quo
1821 1936 1936 1996 rariusc'u

612 2039 910 2113 solaturos-asem.
1217 2028 1356 2103 similes,
1376 2031 1409 2091 et
1423 2029 1629 2108 frequentius
1644 2031 1738 2093 nohis
1751 2031 1900 2102 dissimiles,
1909 2035 1936 2092 vd

659 2167 695 2226 ῃ
707 2167 769 2240 jun.
787 2167 866 2224 mg·
1217 2125 1326 2202 potius
1347 2128 1524 2190 contrariae
1549 2130 1771 2206 porriguntur,
1795 2130 1826 2190 ut
1846 2133 1936 2190 nostru

852 2289 873 2352 ι,
887 2289 992 2355 ,a

366 2405 532 2466 Eberhardo
549 2405 766 2480 archiepiscopo
781 2405 983 2480 salzburgensi
998 2404 1162 2464 facultatem
1216 2420 1249 2480 01
1264 2418 1392 2482 dilectis
1408 2421 1497 2494 filiis,
1514 2421 1706 2484 &aginensi
1721 2421 1935 2494 0100p0‚013ppp

400 2495 517 2554 creandi
532 2510 637 2554 novum
653 2496 850 2570 episcopatum
865 2495 894 2551 iu
912 2495 1094 2554 seccoviensi
1111 2509 1159 2553 ee·
1216 2517 1449 2591 Admuntensj,
1482 2520 1606 2581 nostris
1640 2519 1786 2582 dedimus
1815 2517 1936 2580 mmm

400 2585 487 2645 Μ’
502 2583 643 2643 mma·
1216 2614 1397 2688 mandatis,
1432 2617 1468 2678 ut
1494 2617 1685 2694 hujusmodi
1719 2616 1830 2694 negotii
1851 2616 1937 2677 dmm

345 2783 350 2804 ,
404 2713 571 2775 Honorius
609 2712 801 2790 episcopus,
834 2728 950 2776 servus
990 2727 1162 2774 servorum
1216 2712 1358 2776 stantius
1371 2713 1513 2776 sollicite
1527 2715 1745 2793 inquirentes,
1761 2713 1935 2791 etspeciailu,
1966 2726 1967 2780 j

364 2811 437 2884 Dei,
462 2809 646 2874 venerabili
669 2810 764 2873 tratri
790 2808 981 2871 Eberhardo
1005 2809 1163 2873 salzbur-
1217 2809 1245 2870 si
1261 2810 1324 2872 hoc
1339 2812 1488 2874 ecclesiae
1511 2812 1596 2876 sala.
1612 2813 1768 2890 expedire
1789 2810 1936 2880 viderentet

303 2990 306 2995 ,
364 2908 459 2985 gensi
485 2907 748 2986 archiepiscopo,
776 2908 916 2990 salutem
943 2908 977 2970 el
1000 2907 1163 2985 apostoli·
1216 2907 1257 2968 ad
1276 2907 1309 2968 id
1327 2907 1464 2986 capituli
1485 2909 1633 2987 ejusdem
1654 2926 1802 2972 assensus
1817 2907 1936 2972 accedent

365 3005 727 3068 cambenedictionem.
1216 3020 1278 3067 nec
1301 3021 1368 3067 non
1401 3006 1429 3068 si
1457 3007 1687 3070 seccoviensis
1711 3007 1837 3070 ecclesia
1858 3020 1888 3065 ex
1905 3003 1936 3062 ic

404 3102 496 3175 Quod
512 3118 580 3162 non
593 3103 663 3172 tua,
683 3101 741 3163 sed
763 3115 836 3177 quae
852 3100 976 3163 Christi
996 3101 1084 3169 sunt,
1109 3100 1161 3162 vel
1216 3106 1408 3167 servaretur
1426 3104 1602 3179 indemnis,
1630 3107 1665 3168 et
1685 3106 1789 3167 utrum
1805 3105 1873 3166 esset
1886 3099 1937 3159 suh·

352 3240 357 3246 -
364 3199 474 3278 potius
486 3216 561 3278 quae
575 3199 698 3260 Christi
710 3199 744 3260 et
757 3200 814 3260 tua
827 3199 917 3270 sunt,
930 3198 1047 3260 sedula
1062 3197 1163 3259 medi·
1216 3201 1308 3263 ciens
1334 3204 1368 3265 et
1398 3201 1518 3264 idonea
1545 3201 1649 3264 iuturi
1685 3202 1820 3281 episcopi
1848 3196 1935 3276 punish

362 3298 489 3360 tatione
516 3298 684 3374 requiras,
725 3297 909 3374 operatua
937 3295 1161 3358 testimoninm
1216 3300 1412 3376 praetaxata,
1439 3299 1632 3376 diligentius
1657 3300 1846 3376 indagantes,
1865 3293 1937 3356 rosch
1967 3305 1968 3346 1

363 3395 538 3474 perhibent
567 3394 749 3464 evidenter,
786 3393 862 3454 dum
893 3393 1071 3456 commisso
1100 3392 1162 3456 tihi
1215 3393 1332 3459 herent
1354 3397 1452 3460 nobis
1482 3413 1582 3475 super
1609 3397 1665 3458 his
1692 3397 1830 3460 omnibus
1852 3392 1936 3454 fideliter

361 3494 455 3572 gregi
481 3494 637 3572 prodesse
669 3492 883 3562 desiderans,
915 3491 1026 3568 potius
1062 3507 1161 3570 quam
1215 3494 1400 3568 ueritatem,
1423 3511 1487 3572 qua
1507 3496 1642 3572 cognita
1656 3492 1837 3558 deconsilio
1853 3489 1936 3552 nanu
1967 3515 1968 3536 l

361 3608 517 3678 praeesse,
534 3590 720 3652 animarum
735 3590 877 3661 lucrum,
893 3589 979 3652 sicut
992 3589 1087 3652 decet
1100 3593 1162 3652 Do·
1215 3594 1404 3655 nostrorum
1424 3593 1679 3670 procederemus
1709 3593 1832 3655 auctore
1855 3585 1937 3649 houm

361 3689 445 3750 mini
466 3688 682 3760 sacerdotem,
710 3687 847 3764 praefers
869 3685 1011 3764 quaestui
1033 3687 1162 3766 tempo-
1214 3689 1389 3752 inoffense.
1424 3691 1605 3768 Episcopus
1632 3706 1713 3753 vero
1739 3691 1771 3752 et
1794 3686 1875 3749 abhas
1891 3697 1937 3759 prr

359 3787 439 3861 rati,
461 3786 541 3863 quin
562 3785 674 3856 etiam,
696 3800 738 3845 ne
761 3800 827 3845 non
849 3785 915 3845 tam
931 3799 989 3844 eas
1010 3799 1157 3861 pascere,
1214 3787 1307 3860 dicti,
1331 3789 1418 3851 sicut
1438 3787 1508 3850 snis
1536 3788 1633 3850 nohis
1659 3789 1776 3850 litteris
1797 3781 1936 3846 intimarunt

361 3900 460 3963 quam
487 3883 676 3970 depascere,
703 3881 860 3954 videaris,
895 3881 1056 3954 carnalia,
1086 3897 1159 3960 quae
1214 3887 1293 3964 quia
1323 3885 1499 3964 pnaedictus
1534 3885 1660 3949 electus
1698 3881 1906 3960 crucesignatus
1921 3875 1937 3933 h

361 3997 476 4060 posses
491 3981 615 4042 metere
631 3981 666 4040 in
681 3979 817 4048 eisdem,
837 3979 1046 4042 voluntarius
1058 3980 1159 4042 offers
1214 3983 1386 4060 procinctu
1422 3983 1518 4061 quasi
1553 3981 1824 4060 peregrinationis
1848 3975 1936 4054 positus.

361 4078 549 4156 spiritualia
568 4077 757 4150 seminanti,
778 4077 892 4154 sicque
915 4077 968 4146 sit,
985 4077 1021 4140 ut
1041 4077 1161 4139 minis-
1214 4079 1292 4142 hnic
1306 4081 1440 4158 negotio
1453 4080 1614 4142 interesse
1627 4096 1695 4142 non
1710 4078 1838 4158 poterat,
1849 4069 1939 4136 adsui·

360 4181 449 4240 trum
477 4176 611 4247 Christi,
638 4174 672 4237 et
697 4173 958 4252 dispensatorem
984 4175 1160 4252 mysterio·
1213 4177 1411 4256 burgensem
1441 4176 1616 4244 ecelesiam
1652 4175 1856 4254 personaliter
1883 4181 1938 4230 acce

360 4292 434 4338 rum
447 4275 506 4337 Dei
521 4277 553 4337 te
567 4274 694 4336 iaciens
709 4273 881 4346 aestimari,
905 4274 1000 4335 tuum
1015 4273 1159 4336 honores
1213 4275 1342 4348 dentes,
1366 4291 1565 4338 consensum
1590 4274 1730 4353 capituli
1752 4273 1791 4336 ad
1815 4272 1866 4332 hoc
1886 4267 1939 4328 iuva

361 4375 396 4436 in
409 4373 547 4436 Domino
561 4371 796 4444 ministerium,
808 4372 905 4449 teque
919 4371 1040 4433 reddas
1056 4372 1160 4432 omni·
1212 4389 1293 4436 nere
1321 4375 1562 4452 praeparatum,
1590 4373 1624 4436 et
1657 4375 1810 4451 quantum
1830 4371 1881 4430 tan
1905 4360 1938 4426 ili.

360 4471 422 4532 bus
448 4468 689 4540 honorandum,
715 4469 749 4530 et
768 4467 916 4532 savorem
942 4469 1091 4531 nostrum
1115 4485 1159 4532 ex
1213 4486 1311 4548 quam
1340 4468 1421 4530 alibi
1453 4483 1553 4548 super
1586 4468 1648 4530 hoc
1677 4467 1823 4546 poterant
1849 4454 1938 4522 edoceri⁸

360 4569 413 4631 his
433 4585 472 4630 eo
492 4566 670 4643 specialius
687 4565 747 4628 tibi
766 4567 927 4636 vindices,
953 4582 1018 4644 quo
1035 4568 1158 4629 nostris
1212 4567 1399 4628 didicerunt
1418 4565 1490 4628 haec
1506 4565 1591 4628 salz.
1605 4566 1756 4627 ecclesiae
1769 4563 1872 4637 absque
1882 4551 1938 4614 dubio

360 4663 578 4742 beneplacitis
591 4663 784 4739 expressius
796 4665 829 4724 te
843 4663 990 4739 coaptas.
1007 4663 1159 4725 Pruden-
1212 4664 1379 4742 expedire.
1397 4662 1615 4740 Praepositum
1630 4679 1760 4740 quoque
1773 4663 1804 4724 et
1820 4651 1939 4733 capiulun

359 4765 411 4826 ter
436 4763 525 4824 enim
553 4761 741 4838 recogitans
769 4760 855 4838 quod
883 4761 969 4822 salz.
1004 4760 1157 4822 dioecesis
1213 4762 1430 4824 seccoviense
1453 4760 1674 4838 personaliter
1697 4757 1834 4828 allocuti,
1853 4759 1940 4822 acutib

359 4879 464 4940 usque
480 4861 562 4922 adeo
578 4861 628 4922 est
649 4859 781 4932 diffusa,
809 4858 896 4936 quod
920 4873 987 4920 non
1011 4858 1157 4920 sufficiae
1211 4860 1289 4921 runt
1309 4874 1516 4935 responsum,
1542 4857 1626 4936 quod
1652 4860 1685 4920 et
1708 4861 1832 4918 Seccov.
1850 4843 1939 4910 ecclesia

359 4960 524 5022 universis
546 4957 772 5020 habitantibus
800 4955 835 5018 in
857 4955 972 5018 eadem
996 4957 1155 5033 pastorali
1211 4957 1317 5020 illaesa
1343 4959 1531 5022 remaneret
1550 4955 1695 5033 penitus,
1719 4955 1752 5016 et
1772 4939 1941 5014 indemnisd

358 5057 582 5121 sollicitudine
602 5056 787 5128 imminere,
807 5055 928 5117 timens
950 5070 1091 5133 quoque,
1114 5070 1156 5115 ne
1211 5056 1249 5117 ut
1273 5069 1398 5117 eorum·
1412 5053 1523 5115 verbis
1551 5056 1693 5125 utamur,
1727 5049 1867 5114 terminos
1886 5049 1940 5140 tutti·ae

358 5157 492 5229 nonsit,
506 5156 562 5232 qui
584 5153 734 5232 parvulis
748 5154 799 5214 lac
814 5152 985 5224 doctrinae,
1008 5153 1062 5214 vel
1078 5168 1157 5230 pru·
1210 5152 1306 5216 dioec.
1332 5150 1466 5214 extendi
1493 5166 1597 5228 usque
1620 5150 1662 5211 ad
1691 5149 1814 5210 diaetam
1835 5145 1862 5204 et
1880 5137 1940 5237 dini·

334 5328 338 5336 ,
357 5255 462 5317 vectis
478 5253 587 5315 cibum
603 5251 745 5314 solidum
760 5239 978 5323 administret,
998 5251 1056 5312 aut
1070 5251 1154 5327 quod
1210 5250 1299 5312 diam
1317 5249 1528 5324 invenerunt;
1544 5248 1736 5324 parochiam
1754 5241 1884 5306 videlicet
1897 5231 1941 5334 Cli·

359 5353 527 5414 infirmum
548 5352 599 5413 est
619 5349 654 5410 in
673 5349 722 5410 eis
747 5346 940 5420 consolidet,
967 5349 1024 5409 aut
1042 5348 1156 5424 alliget
1210 5347 1359 5420 nibenze,
1376 5363 1451 5410 cum
1466 5345 1618 5408 omnibus
1640 5345 1709 5407 suis
1723 5332 1906 5421 pertinentiis,
1923 5337 1941 5382 111

359 5449 445 5528 quud
463 5449 678 5520 contractum,
699 5446 779 5508 olim
799 5461 859 5522 per
879 5444 1034 5507 dilectum
1050 5445 1154 5506 tilium
1210 5461 1274 5523 qua
1290 5446 1354 5506 sita
1368 5446 1420 5506 est
1433 5442 1574 5506 ecclesia
1588 5438 1820 5508 seccoviensis,
1835 5441 1908 5506 usque
1918 5417 1941 5479 al

360 5544 513 5610 Carnium
525 5547 752 5608 Frisacensem
765 5539 988 5623 praepositum,
1001 5559 1060 5624 per
1072 5543 1156 5606 litte·
1211 5543 1308 5606 tinem
1327 5541 1494 5624 parochiae
1517 5539 1631 5605 Sancti
1653 5534 1816 5601 Laurentii
1835 5525 1940 5594 intonas·
