4214 6400
242 297 282 359 43
861 285 1037 350 HONORII
1057 283 1104 346 111
1124 281 1271 346 OPERA.
1849 273 1888 340 44

239 454 457 538 praesentibus
473 469 571 533 quam
592 452 712 516 futuris
732 447 920 525 regularem
931 445 1033 508 vitam
1088 441 1233 506 decimas
1249 440 1385 516 exigere
1403 438 1456 500 vel
1478 435 1675 514 extorquere
1696 436 1885 513 praesumat.

239 553 410 633 professis,
444 554 479 614 in
512 551 722 629 perpetuum.
1089 548 1201 610 Liceat
1229 561 1360 624 quoque
1387 543 1634 606 vobisclerlcos
1655 542 1708 604 vel
1728 541 1837 610 ¹laicos
1852 540 1889 601 li·

281 649 592 725 Religiosamvitam
611 639 1034 722 eligentibusapostolicum
1089 646 1186 706 beros
1214 645 1247 705 oi
1274 642 1484 704 absolutose
1516 641 1628 702 seculo
1652 639 1815 715 fugientes
1846 638 1887 698 ad

241 748 396 811 conr-enit
418 746 535 807 adesse
553 744 756 821 praesidium,
773 757 815 801 ne
826 739 909 800 forte
923 741 1036 815 cujus·
1091 741 1344 804 conversionem
1364 739 1525 816 recipere,
1542 739 1575 799 ei
1596 752 1653 798 eos
1670 737 1794 812 absque
1808 750 1889 797 con-

240 845 321 908 libet
332 843 528 906 temeritatis
547 842 701 902 incursus
719 838 777 899 ent
797 853 855 898 eos
874 852 893 896 n
912 849 1036 911 omno·
1089 839 1286 902 tradictione
1327 837 1438 915 aliqua
1479 835 1636 896 retinere.
1669 832 1887 894 prohibemus

245 944 309 1004 siin
323 941 456 1003 neuunei
469 941 527 1000 nui
539 938 650 1010 mimi,
658 936 744 1013 numi
759 934 855 1005 nimii,
863 947 967 994 8³01*ae
982 947 1037 992 re·
1089 938 1241 1013 insuper,
1267 935 1304 996 ut
1324 933 1409 995 nulli
1438 931 1578 994 fratrum
1604 930 1790 993 vestrorum
1814 931 1887 1006 post

244 1039 379 1116 ligionis
415 1037 585 1111 infringat.
622 1033 820 1111 Eapropter,
855 1030 967 1091 dilecti
1001 1028 1036 1089 in
1091 1034 1211 1095 factam
1229 1031 1266 1093 in
1283 1031 1485 1092 monasterio
1510 1029 1621 1090 restro
1650 1026 1887 1103 professionem

245 1137 385 1199 Domino
406 1134 478 1202 iiiii,
498 1132 618 1195 vestris
635 1131 736 1209 justis
759 1124 1037 1207 postulationibus
1091 1131 1141 1192 fas
1169 1129 1297 1192 sitsine
1321 1127 1449 1190 abbatis
1476 1127 1528 1187 sui
1553 1125 1687 1186 licentia
1708 1123 1749 1185 de
1773 1123 1887 1184 eodem

245 1232 424 1296 elementer
440 1230 628 1300 annuimus,
646 1229 679 1290 ei
699 1225 873 1305 pnaeseium
899 1238 1037 1284 menas·
1092 1230 1165 1290 loco
1193 1225 1374 1288 discedere.
1400 1223 1630 1285 Discedeniem
1654 1237 1734 1283 vero
1764 1220 1888 1298 absque

242 1314 363 1392 ienium
386 1315 521 1389 ¹Sinnin>
547 1327 607 1387 Dei
627 1323 804 1386 uenitricis
829 1323 863 1383 ei
889 1320 1038 1395 Virginis
1093 1324 1315 1388 communium
1330 1323 1516 1385 litterarum
1530 1319 1716 1382 vestrarum
1732 1317 1886 1379 cautione

244 1426 360 1488 Mariae
373 1425 413 1485 de
422 1424 561 1495 Alba,in
571 1438 635 1498 quo
649 1421 760 1484 divino
771 1417 950 1494 mancipati
959 1417 1038 1478 estis
1093 1423 1204 1483 nullus
1219 1419 1339 1482 audeat
1364 1419 1519 1480 retinere.
1545 1416 1637 1489 Quod
1659 1416 1688 1476 si
1710 1413 1784 1492 quis
1805 1414 1888 1476 forte

243 1515 755 1598 Obseuui0‚suhbeuiiPei1'iei
775 1515 889 1575 unsina
904 1513 1037 1590 limien-
1093 1520 1237 1581 retinere
1263 1515 1525 1594 praesumpserit,
1556 1513 1683 1574 licitum
1708 1511 1803 1573 robis
1829 1511 1886 1580 sit,

244 1621 335 1682 tione
363 1617 562 1693 suscipimus
589 1615 622 1675 et
644 1613 818 1691 praesentis
839 1610 954 1686 scripti
969 1609 1041 1687 pri·
1094 1618 1129 1678 in
1144 1617 1233 1693 ipsos
1247 1613 1426 1675 monachos
1439 1612 1493 1675 vel
1508 1625 1685 1673 conversos
1699 1609 1886 1684 regularem

243 1715 369 1790 vilegio
397 1713 649 1776 communimus,
675 1713 712 1772 In
725 1708 841 1786 primis
876 1706 1039 1784 siquidem
1095 1712 1292 1775 sententiam
1327 1709 1549 1788 promulgare.
1586 1707 1669 1769 Illud
1704 1705 1886 1767 districtius

246 1811 441 1881 statuentes,
456 1811 492 1870 ui
507 1806 813 1877 nni0m0nuuii01m,
842 1803 898 1880 (lui
921 1817 1041 1863 seuum-
1094 1810 1293 1879 inhibentes,
1311 1823 1352 1868 ne
1366 1807 1473 1868 terras
1488 1821 1547 1867 seu
1571 1803 1739 1882 quodlibet
1761 1802 1888 1864 banell-

245 1909 323 1968 dum
347 1910 450 1967 Deum
479 1905 513 1966 et
534 1903 623 1965 beati
642 1901 812 1964 Benedicti
833 1899 982 1976 regulam
1009 1899 1041 1960 ei
1095 1908 1182 1969 cium
1197 1905 1348 1968 ecclesiae
1362 1903 1481 1965 vestrae
1497 1902 1652 1963 collatum
1668 1900 1767 1962 liceat
1785 1900 1886 1960 alicui

245 2004 486 2066 institutionem
501 2001 770 2062 cisterciensium
782 1998 921 2059 fratrum
937 1996 972 2057 in
984 2013 1042 2056 eo-
1095 2002 1316 2082 personaliter
1337 2001 1421 2071 dari,
1440 1999 1510 2060 sive
1532 1999 1598 2060 alio
1620 1997 1717 2058 modo
1731 1997 1885 2068 alienari,

247 2103 321 2163 dem
336 2100 538 2162 monasterio
552 2098 722 2160 institutus
735 2111 809 2158 esse
823 2093 1039 2170 dignoscitur,
1095 2102 1220 2177 absque
1233 2097 1508 2160 eonsensutotius
1525 2095 1661 2172 capituli
1678 2094 1732 2156 vel
1751 2094 1886 2171 majoris

246 2197 415 2277 perpetuis
433 2197 556 2258 ibidem
578 2193 782 2272 temporibus
805 2191 1042 2254 inviolabiliter
1095 2199 1153 2260 aut
1174 2196 1317 2258 sanioris
1339 2195 1443 2271 partis
1458 2193 1573 2270 ipsius.
1592 2192 1627 2253 Si
1642 2207 1716 2268 quae
1730 2206 1811 2252 vero
1823 2191 1886 2252 do-

247 2295 453 2360 observetur·
479 2291 647 2355 Praeierea
664 2305 887 2368 quascumque
904 2303 1040 2365 posses·
1095 2295 1247 2356 nationes
1261 2287 1754 2364 velalienationesaliterquam
1765 2287 1886 2348 dictum

248 2393 370 2464 Sinum,
381 2389 691 2469 uuaenumnuebenu
703 2388 789 2449 idem
804 2385 1041 2448 mnnnsierium
1096 2393 1145 2454 est
1160 2389 1255 2451 factae
1270 2387 1403 2460 luerint,
1418 2402 1475 2447 eas
1488 2386 1601 2447 irritas
1613 2399 1688 2445 esse
1703 2399 1885 2446 censemus.

247 2489 548 2565 inpraesentiarum
561 2489 651 2564 Jusle
665 2486 698 2548 et
712 2484 870 2546 canonice
885 2481 1039 2560 possidet,
1095 2488 1144 2550 Ad
1159 2487 1231 2549 haeo
1251 2486 1351 2547 etiam
1375 2483 1600 2562 probibemus,
1617 2497 1658 2544 ne
1680 2481 1802 2558 aliquis
1817 2495 1888 2542 mo-

249 2587 307 2648 aut
344 2587 379 2648 in
409 2585 556 2648 futurum
588 2583 803 2646 concessione
830 2581 1040 2659 pontificum,
1095 2583 1228 2646 nachus
1259 2583 1330 2643 sive
1367 2596 1547 2643 conversus
1587 2579 1647 2642 sub
1682 2578 1887 2658 professione

157 2749 161 2758 Ι
247 2684 425 2760 largitione
444 2697 559 2758 regum
573 2681 627 2743 rel
650 2679 852 2757 principum,
877 2677 1042 2740 oblatione
1096 2680 1215 2742 restrae
1244 2677 1360 2738 domus
1386 2675 1542 2738 astrictus
1573 2676 1645 2754 siue
1667 2689 1832 2736 consensu
1857 2673 1888 2734 et

249 2781 409 2850 fidelium,
433 2796 493 2840 seu
520 2778 596 2839 aliis
615 2777 714 2855 iustis
734 2776 843 2838 modis
863 2774 1043 2852 praestante
1097 2775 1231 2838 licentia
1256 2773 1384 2836 abbatis
1404 2773 1437 2836 et
1464 2771 1600 2850 majoris
1626 2771 1730 2849 partis
1752 2769 1885 2848 capituli

250 2874 521 2951 Dominopoterit
535 2873 687 2950 adipisci,
701 2871 897 2933 firmarobis
910 2870 1046 2932 restris·
1096 2873 1200 2938 vestri
1227 2887 1286 2950 pro
1310 2871 1421 2948 aliquo
1443 2869 1621 2946 fidejubeat
1642 2868 1696 2931 vel
1717 2867 1758 2930 ab
1780 2867 1887 2946 aliquo

249 2989 313 3050 que
334 2969 581 3032 successoribus
606 2970 639 3030 et
661 2969 789 3030 illibata
816 2967 1043 3045 permaneant.
1098 2971 1272 3048 pecuniam
1289 2969 1401 3030 mutuo
1422 2967 1564 3044 accipiat
1580 2965 1667 3029 ultra
1677 2965 1820 3042 pretium
1839 2980 1891 3025 ca·

251 3071 288 3130 in
301 3069 420 3144 quibus
429 3067 500 3128 haec
508 3066 651 3144 propriis
663 3066 819 3127 duximus
829 3063 1043 3142 exprimenda
1098 3067 1194 3145 pituli
1213 3066 1316 3128 vestri
1339 3063 1546 3142 providentia
1568 3064 1663 3125 const
1685 3063 1803 3134 tutum,
1827 3061 1887 3121 nisi

255 3164 445 3238 vocabulis3
457 3165 565 3225 locum
588 3164 623 3224 in
638 3179 702 3240 quo
718 3161 891 3239 praefatum
910 3173 1045 3222 monas-
1098 3164 1235 3243 propter
1257 3161 1467 3224 manifestam
1491 3161 1607 3222 domus
1626 3161 1746 3222 restrae
1761 3158 1888 3220 utilita-

251 3262 373 3324 terium
389 3261 487 3322 situm
503 3262 651 3333 osteum
667 3259 820 3321 omnibus
836 3258 1043 3336 pertinentiis
1098 3264 1175 3324 tem.
1193 3260 1284 3333 Quod
1299 3260 1328 3320 si
1342 3261 1450 3321 facere
1461 3257 1544 3320 forte
1554 3257 1812 3334 praesumpserit,
1823 3270 1886 3316 non

253 3357 791 3442 suis,grangiamdeOtterswilre,
805 3354 1044 3417 cumomnibus
1097 3359 1251 3422 teneatur
1282 3357 1464 3418 conventus
1496 3371 1556 3433 pro
1592 3353 1645 3414 his
1681 3353 1888 3431 aliquatenus

249 3455 459 3534 pertinentiis
487 3455 580 3530 suis;
607 3455 781 3530 grangiam
800 3455 853 3524 de
889 3453 1042 3520 Rastede,
1098 3455 1309 3534 respondere.
1336 3453 1477 3514 Licitum
1499 3452 1661 3528 preterea
1677 3451 1720 3512 sit
1734 3449 1837 3522 nobie,
1852 3447 1886 3509 in

247 3553 421 3629 grangiam
448 3553 488 3612 de
511 3552 651 3620 Winkil,
677 3552 850 3627 grangiam
879 3551 919 3612 de
936 3551 1046 3611 Oden-
1098 3553 1208 3615 causis
1223 3550 1367 3629 propriis
1391 3551 1462 3611 sive
1488 3548 1620 3610 civilem
1644 3549 1716 3612 sivo
1735 3545 1891 3610 crimina-

249 3647 403 3709 chalmot
421 3647 595 3722 grangiam
610 3646 650 3706 de
665 3649 779 3714 Ouuve,
796 3662 869 3706 cum
892 3644 1044 3706 omnibus
1099 3649 1163 3709 lem
1176 3645 1367 3709 contineant
1381 3644 1588 3721 questionem
1608 3642 1748 3704 fratrum
1761 3641 1891 3703 vestro-

253 3743 463 3822 pertluentils
478 3743 866 3818 earumdem3grangiam
878 3741 1042 3814 deMalsc,
1099 3761 1172 3806 rum
1185 3742 1384 3807 testimoniis
1403 3741 1463 3813 uti,
1481 3755 1522 3802 ne
1540 3756 1599 3816 pro
1614 3739 1744 3803 defectu
1756 3739 1890 3801 testium

251 3840 425 3914 grangiam
441 3841 481 3900 de
496 3841 589 3910 Harl,
603 3838 776 3914 grangiam
789 3839 829 3899 de
843 3839 1046 3900 Lindenhart
1095 3845 1152 3920 jus
1162 3842 1309 3903 restrum
1323 3839 1359 3899 in
1374 3837 1484 3915 aliquo
1499 3837 1608 3898 valeat
1623 3837 1785 3913 deperire.
1794 3838 1890 3896 Insu-

250 3935 1046 4012 etgranglamdeSciuehart,cumomnibusperti·
1100 3954 1159 4016 per
1182 3936 1378 4000 auctoritate
1399 3934 1588 4011 apostolica
1611 3934 1812 4005 inhibemus,
1850 3947 1896 3994 ne

250 4033 375 4096 nentiis
387 4031 588 4105 earumdem,
601 4031 775 4107 grangiam
785 4030 825 4091 de
834 4031 1044 4102 Eicbelbach,
1100 4036 1190 4096 ullus
1215 4035 1391 4110 episcopus
1411 4031 1464 4094 vel
1484 4030 1640 4108 quaelibet
1663 4031 1729 4091 alia
1751 4045 1891 4108 persona

249 4128 1048 4208 grangiamdessuckensneim,grangiamdemo-
1101 4132 1141 4193 ad
1156 4132 1298 4210 synodos
1317 4131 1369 4192 vel
1384 4129 1565 4190 conuentus
1589 4127 1738 4189 forenses
1765 4143 1825 4188 vos
1844 4127 1894 4187 ire

250 4228 473 4299 senbrunneu,
495 4227 529 4288 et
548 4227 722 4302 grangiam
743 4226 783 4287 de
810 4225 1045 4296 Dietenlrusen,

249 4343 324 4389 cum
344 4325 495 4387 omnibus
509 4324 718 4400 pertinentiis
726 4323 928 4394 earumdem,
945 4339 1050 4399 gran-

251 4425 339 4501 giam
351 4423 390 4484 de
400 4422 579 4495 Brotheim,
591 4421 765 4498 grangiam
776 4421 816 4482 de
826 4420 1045 4492 Nuzboumin,

251 4520 426 4596 grangiam
439 4517 479 4579 de
491 4518 648 4593 Terdigin
663 4519 695 4578 et
707 4518 883 4593 grangiam
907 4518 947 4578 de
961 4521 1046 4578 Ber-

252 4613 475 4684 nardiswilre,
492 4629 566 4673 cum
584 4611 736 4673 omnibus
757 4613 966 4689 pertinentiis
985 4629 1047 4674 ea-

252 4711 415 4780 rumdem,
432 4725 506 4770 cum
521 4710 637 4786 pratis,
652 4709 773 4780 vineis,
794 4709 905 4777 terris,
933 4725 1049 4771 nemo-

253 4809 358 4880 ribus,
367 4806 516 4882 usuagiis
532 4806 565 4867 el
577 4805 721 4882 pascuis,
731 4806 766 4866 in
776 4805 876 4867 bosco
889 4808 922 4868 et
935 4806 1046 4881 plano,

253 4907 289 4969 in
305 4905 401 4982 aquis
416 4905 448 4966 et
462 4903 671 4974 molendinis,
688 4903 724 4963 in
734 4902 798 4963 riis
822 4905 855 4964 et
869 4903 1006 4976 semitis,
1016 4906 1050 4966 et

254 5002 408 5066 omuibus
420 5001 496 5062 allis
510 4999 717 5062 libertatibus
740 5001 772 5061 et
786 4999 1049 5062 immunitatibus

255 5101 336 5162 suis.
352 5103 439 5160 Sane
450 5097 896 5175 laborumvestrorum,qu0s
906 5098 1049 5176 propriis

256 5197 411 5260 manibus
426 5196 483 5257 aut
507 5194 690 5272 sumptibus
711 5195 831 5266 colitis,
857 5196 897 5255 de
918 5211 1051 5272 posses-

256 5294 405 5355 sionibus
429 5293 551 5354 habitis
579 5293 656 5352 ante
681 5291 863 5352 Concilium
882 5293 1047 5366 generale,

1102 4230 1155 4292 uel
1173 4229 1301 4306 judicio
1316 4223 1470 4287 saeculari
1484 4225 1525 4286 de
1546 4225 1801 4302 vestrapropria
1817 4222 1894 4284 sub-

1102 4326 1223 4389 stantia
1237 4325 1291 4386 vel
1302 4321 1566 4401 possessionibus
1586 4321 1708 4384 vestris
1721 4321 1891 4399 subjacere

1102 4423 1287 4500 compellat,
1304 4437 1367 4482 nec
1381 4420 1422 4481 ad
1435 4420 1549 4481 domos
1571 4419 1710 4492 vestrae,
1725 4433 1826 4480 causa
1841 4433 1895 4478 or-

1102 4521 1196 4582 dines
1211 4518 1411 4584 celebrandi,
1433 4503 1552 4578 causas
1567 4515 1743 4586 tractandi,
1759 4515 1813 4576 vel
1828 4515 1894 4575 ali-

1103 4635 1185 4696 quos
1198 4616 1379 4678 conventus
1396 4613 1546 4690 publicos
1562 4613 1766 4674 convocandi
1780 4613 1895 4672 venire

1104 4713 1292 4794 praesumat,
1322 4727 1383 4772 nec
1395 4711 1584 4786 regularem
1613 4709 1809 4770 electionem
1837 4707 1899 4769 ab·

1103 4812 1189 4874 baliis
1203 4810 1306 4872 vestri
1330 4807 1509 4885 impediat,
1535 4805 1592 4868 aut
1615 4804 1656 4866 de
1683 4805 1896 4878 instituenda,

1103 4905 1366 4970 velremovendo
1381 4921 1420 4966 eo
1449 4903 1505 4981 qui
1534 4918 1594 4981 pro
1622 4903 1772 4980 tempore
1785 4902 1895 4974 fuerit,

1104 5008 1218 5068 contra
1237 5004 1360 5065 statuta
1381 5001 1613 5062 oisterciensis
1638 5001 1765 5088 ordinis
1780 5015 1816 5061 se
1835 4999 1899 5060 ali·

1105 5102 1268 5180 quatenus
1283 5099 1491 5161 intromittat.
1510 5098 1544 5159 Si
1563 5113 1643 5158 vero
1665 5097 1849 5174 episcopus,
1863 5096 1898 5158 in

1105 5203 1199 5276 cujus
1221 5196 1379 5274 parocbia
1404 5193 1520 5256 domus
1541 5195 1652 5256 restra
1675 5193 1812 5255 fundata
1836 5194 1895 5266 est,

1106 5312 1180 5358 cum
1196 5294 1382 5355 humilitate
1407 5307 1447 5353 ao
1468 5291 1643 5353 devotione
1658 5307 1722 5367 qua
1746 5291 1899 5352 convenit

257 5391 327 5450 slve
336 5389 487 5450 debentis
497 5389 530 5450 et
539 5388 692 5464 virgultis
700 5387 1052 5464 etpiscationibusves-
1106 5391 1296 5469 requisitus,
1309 5389 1521 5450 substitutum
1536 5387 1688 5448 abbatem
1700 5387 1899 5448 benedicere

256 5487 318 5548 tris
335 5486 386 5546 vel
401 5485 441 5546 de
469 5485 680 5547 nutrimentis
703 5484 899 5544 animalium
918 5487 1051 5544 vestro·
1105 5491 1138 5551 et
1152 5489 1218 5550 alia
1234 5503 1307 5564 quae
1320 5488 1361 5547 ad
1376 5486 1520 5548 osticium
1535 5485 1724 5562 episcopale
1734 5484 1899 5561 pertinent

258 5582 402 5646 runaut
416 5583 515 5643 etiam
530 5581 570 5642 oe
594 5581 768 5643 novalibus
793 5581 936 5642 nullusa
958 5580 1051 5642 vobis
1105 5586 1198 5652 vobis
1223 5584 1374 5646 conferre
1400 5583 1559 5653 renuerit,
1574 5582 1700 5645 licitum
1725 5583 1768 5644 sit
1793 5581 1897 5643 eidem
