4214 6400
949 285 1127 350 HONORII
1147 289 1193 351 111
1214 289 1362 352 OPERA.

695 455 752 542 IX

326 637 376 696 Ab
389 633 587 694 abbatemet
607 633 813 695 convectum
832 633 873 694 de
897 635 1118 696 camberaco.

639 745 656 802 A
671 759 738 819 eug.
751 745 831 804 1116.

353 873 523 933 [Monuments
536 887 602 938 pour
614 873 717 924 serviri
731 871 855 922 l’histoire
867 871 912 922 dos
922 870 1056 936 provinces
1066 870 1096 920 de

544 954 647 1012 llantur,
660 950 903 1018 t.11,p.ae,n·lt.]

331 1068 517 1142 Prtvtlegium
528 1083 579 1141 per
590 1067 665 1140 quod
681 1067 818 1137 decimes,
835 1067 1042 1140 possessiones,
1058 1065 1119 1124 loca

364 1165 393 1214 et
407 1172 553 1230 personas,
565 1156 618 1216 sub
632 1159 664 1215 Β.
680 1157 754 1215 Petri
768 1157 944 1229 protectione
957 1163 1118 1214 01000000-

364 1246 433 1316 cipit
445 1247 587 1303 llonorius
597 1247 684 1318 Papa.

369 1377 1119 1456 Honoriusepiscopus,serrusservorumDei‚

329 1476 459 1538 dilectis
469 1477 549 1538 111110
562 1477 673 1538 abbati
689 1478 722 1538 et
736 1477 913 1539 conventui
926 1476 966 1538 de
981 1475 1122 1536 Cambe-

327 1591 422 1646 rona,
438 1574 667 1636 cisterciensis
678 1574 817 1649 ordinis,
829 1574 1013 1636 salutemet
1024 1587 1123 1651 apos-

328 1672 428 1734 licam
438 1671 713 1733 benedictionem.

369 1771 450 1828 Cum
464 1785 484 1829 a
508 1768 604 1829 nobis
627 1768 761 1844 petitur,
784 1767 870 1845 quod
882 1769 1009 1846 justum
1026 1767 1077 1828 est
1090 1767 1124 1828 et

329 1865 515 1936 honestum,
529 1865 597 1925 tam
619 1864 714 1940 vigor
737 1864 901 1940 aequitatis
916 1880 1014 1940 quam
1042 1862 1123 1924 ordo

330 1961 435 2036 exigit
459 1962 653 2028 communis.
670 1960 706 2020 ut
724 1960 758 2020 id
780 1975 841 2038 per
867 1958 1123 2021 sollicitudinem

331 2057 434 2118 0111011
451 2058 557 2118 nostri
576 2057 617 2118 ad
639 2057 784 2119 debitum
799 2056 1000 2134 perducatur
1018 2057 1124 2117 effec-

330 2157 416 2216 tum.
437 2156 637 2231 Eapropter,
673 2154 785 2216 dilecti
809 2154 846 2214 in
871 2153 1010 2214 Domino
1040 2151 1122 2224 filii,

331 2251 453 2312 vestris
472 2251 572 2328 justis
597 2251 749 2328 precibus
774 2250 938 2322 inclinati,
964 2264 1124 2326 personas

331 2350 460 2410 vestras
471 2349 504 2410 et
516 2348 625 2410 locum
634 2349 667 2408 in
680 2364 743 2425 quo
754 2347 866 2408 divino
877 2347 956 2408 estis
967 2345 1125 2423 obsequio

332 2446 523 2524 mancipati,
540 2462 615 2506 cum
631 2444 781 2506 omnibus
804 2443 901 2505 bonis
928 2445 996 2506 tam
1017 2443 1126 2505 eccle-

332 2542 478 2604 siasticis
504 2558 602 2619 quam
628 2542 816 2615 mundanis,
834 2558 907 2619 quae
922 2541 957 2601 in
972 2556 1124 2618 praesen-

332 2639 455 2701 tiarum
491 2639 735 2702 rationabiliter
768 2638 969 2716 possidetis,
999 2638 1057 2700 aut
1090 2637 1126 2699 in

332 2737 453 2799 suturis
468 2738 570 2816 justis
593 2737 699 2798 modis
714 2737 893 2815 praestante
907 2736 1046 2797 Domino
1061 2749 1124 2812 po-

332 2834 441 2896 teritis
465 2834 616 2912 adipisci,
647 2833 707 2894 suh
727 2833 815 2895 beati
844 2833 934 2894 Petri
959 2833 992 2894 et
1013 2832 1126 2893 nostra

333 2933 538 3010 protectione
564 2931 773 3008 suscipimus.
803 2930 998 3006 Specialiter
1016 2929 1127 2990 autern

334 3029 481 3091 decimas
496 3029 536 3089 de
550 3031 569 3090 J
573 3027 696 3096 urbise,
712 3027 753 3089 de
773 3027 917 3097 Masnui,
947 3027 986 3088 de
1010 3026 1124 3103 Ligna,

334 3127 375 3187 de
389 3125 538 3198 Fraisne,
550 3126 590 3187 de
606 3125 788 3201 Udeguien,
801 3124 1069 3196 deWasnebeck,
1086 3123 1127 3185 de

334 3223 481 3296 Vodeke,
496 3223 535 3284 de
550 3225 647 3296 Lens,
664 3223 704 3283 de
717 3221 892 3284 Herbisuel
905 3222 990 3283 etde
1005 3221 1125 3297 Naste3

335 3321 562 3400 possessiones
589 3335 718 3398 quoque
756 3319 790 3381 et
812 3319 879 3380 alia
907 3317 993 3380 hona
1016 3320 1127 3381 vestra

335 3419 474 3480 sicutea
488 3418 599 3480 omnia
619 3417 709 3495 juste
724 3417 757 3478 et
778 3416 916 3494 pacifice
938 3417 1124 3493 possidetis,

333 3515 428 3578 vobis
450 3517 483 3578 et
494 3532 553 3592 per
570 3531 641 3584 vos,
657 3513 857 3576 monasterio
876 3514 986 3575 uestro
1007 3515 1140 3575 aucto-¹

333 3614 433 3675 ritate
448 3613 637 3690 Apostolica
654 3611 888 3673 confirmamus
906 3611 939 3672 ct
955 3611 1128 3688 presentis

265 3771 270 3780 ,
335 3711 451 3787 scripti
465 3710 649 3787 patrocinio
674 3709 926 3770 communimus.
942 3708 1035 3769 Nulli
1048 3709 1128 3784 ergo

336 3808 471 3868 omnino
494 3806 666 3868 hominum
688 3805 805 3878 liceat,
824 3806 885 3866 etc.
908 3806 1027 3866 Datum
1059 3808 1128 3866 Pe-

335 3903 430 3973 rusii,
447 3905 476 3962 ll
497 3917 603 3963 nonas
626 3902 776 3979 Augusti,
792 3901 1002 3978 pontificatus
1024 3901 1128 3962 nostri

335 3999 552 4078 annoprimo.

716 4133 750 4219 X

374 4304 653 4379 sarreptanam
669 4302 823 4364 abbatem
837 4299 1089 4362 erconbertum

620 4402 839 4464 casinenses.

640 4511 735 4584 daug.
751 4509 830 4570 l2l6.

398 4619 490 4686 [Tosti
510 4618 594 4670 Storia
614 4616 683 4668 dello
699 4616 781 4667 Badio
794 4616 824 4745 Ili
847 4614 1061 4676 Monte-Cassino,

644 4695 832 4760 tffipw]

335 4821 480 4896 Stephano
492 4819 586 4878 abbati
599 4826 628 4877 et
637 4819 789 4878 conventui
801 4817 1002 4878 casinensibus
1011 4817 1124 4876 scribit:

371 4933 382 4962 ι
406 4912 465 4969 Nos
492 4906 527 4966 ad
552 4908 697 4979 exemplar
722 4906 881 4965 innocentii
906 4905 1127 4978 predecessoris

368 4999 457 5058 nostri
478 4997 672 5065 declaramus,
695 4996 881 5052 instrumenta
902 4993 1019 5066 majoris
1038 4993 1126 5066 partis

367 5093 527 5146 conventus
556 5083 763 5156 subscriptione
791 5083 926 5151 carentia,
954 5097 1017 5156 quae
1041 5096 1127 5155 super

368 5173 588 5234 alienationibus
603 5171 699 5230 illicite
713 5171 795 5229 iactis
810 5172 838 5228 in
851 5169 1044 5243 praejudicium
1059 5185 1124 5226 ves-

367 5265 401 5322 tri
416 5261 582 5322 monasterii
594 5267 661 5319 sunt
672 5257 812 5329 coniecta,
824 5274 882 5316 non
893 5257 1021 5316 obtinere
1036 5256 1123 5314 tirmi-

367 5360 465 5412 tutem.
484 5373 496 5403 n

373 5485 540 5548 Honorius
581 5483 766 5562 episcopus
804 5497 919 5544 servus
954 5495 1124 5542 serrorum

333 5583 403 5656 Dei,
418 5583 479 5644 etc.
865 5602 867 5604 ·

1936 289 1981 350 12

1109 515 1111 520 ,
1214 447 1322 511 0111011
1336 447 1442 510 nostrl
1455 445 1600 510 debitum
1610 447 1714 527 exigit
1724 449 1849 522 etcum
1862 449 1982 511 eccle-

1175 544 1300 606 siarum
1326 545 1474 606 omnium
1498 559 1623 618 curam,
1650 545 1683 606 et
1710 545 1978 607 sollicitudiuem

1174 642 1358 713 teneamur,
1384 641 1447 714 his,
1464 657 1538 719 quae
1558 641 1594 703 in
1609 657 1723 703 earum
1739 643 1977 720 praejudicium

1176 753 1235 814 per
1249 739 1476 800 ministrorum
1494 739 1705 800 insolentiam
1724 754 1900 816 perperam
1916 741 1977 800 at-

1174 835 1361 907 tentantur,
1390 851 1451 912 per
1473 836 1643 912 providam
1669 836 1877 912 diligentiam
1908 836 1978 897 ob-

1174 933 1294 1004 vietur,
1317 934 1350 994 et
1374 948 1489 994 aarum
1512 933 1785 994 indemnitatibus
1803 933 1983 1010 aequitatis

1174 1029 1335 1091 beneficio
1345 1031 1568 1093 succurratur.
1581 1032 1659 1091 Cum
1673 1031 1774 1106 igitur
1786 1045 1888 1107 super
1904 1029 1976 1100 hie,

1175 1143 1248 1204 quae
1263 1127 1299 1187 in
1315 1127 1544 1204 praejudicium
1559 1129 1660 1190 vestri
1673 1127 1870 1188 monasterii
1882 1127 1979 1188 alie-

1175 1223 1253 1283 nata
1283 1223 1359 1284 sunt
1390 1222 1504 1284 illicite
1536 1223 1589 1284 vel
1619 1223 1788 1295 distracta,
1816 1222 1979 1284 abbatum

1176 1319 1393 1381 alienantium
1406 1322 1588 1396 appareant
1598 1320 1816 1381 instrumenta
1829 1319 1977 1381 duorum

1175 1417 1228 1477 rel
1244 1417 1345 1478 trium
1362 1417 1420 1478 aut
1434 1432 1614 1493 paucorum
1627 1416 1866 1478 monachorum
1882 1416 1985 1476 subs·

1176 1513 1338 1590 criptione
1362 1513 1492 1589 signata
1520 1515 1554 1577 et
1571 1513 1702 1591 J'udices
1728 1513 1891 1575 ordinarii
1924 1513 1982 1574 eis

1175 1610 1284 1672 noluit
1299 1611 1509 1689 aliquatenus
1524 1610 1680 1686 obviare3
1698 1625 1758 1672 nos
1773 1609 1982 1671 indemnita-

1176 1707 1265 1772 tibus
1298 1707 1403 1785 ipsius
1430 1709 1625 1770 monasterii
1654 1708 1793 1786 paterna
1821 1707 1984 1769 volentes.

1177 1804 1401 1867 sollicitudine
1413 1821 1614 1882 praecavere,
1629 1805 1670 1866 ad
1681 1805 1852 1882 exemplar
1867 1803 1979 1866 felicis

1177 1902 1417 1964 recordationis
1438 1901 1622 1964 Innocentii
1638 1918 1732 1980 papae
1750 1901 1984 1979 praedecesso-

1178 1998 1224 2060 ris
1246 2000 1363 2071 nostri,
1389 1999 1616 2061 insinuatione
1630 1998 1844 2076 praesentium
1862 1998 1984 2059 decla-

1178 2111 1317 2183 ramus,¹
1338 2097 1559 2158 instrumenta
1588 2097 1725 2173 majoris
1762 2096 1795 2157 et
1829 2095 1981 2156 sanioris

1179 2193 1282 2268 partis
1316 2193 1496 2256 conventus
1536 2192 1777 2270 subscriptione
1812 2193 1979 2264 carentia,

1179 2305 1252 2366 quae
1277 2305 1378 2366 super
1403 2290 1593 2367 hujusmodi
1614 2288 1872 2351 alienationibus
1898 2290 1980 2350 sunt

1179 2386 1339 2458 coniecta,
1356 2402 1423 2448 non
1435 2386 1584 2448 obtinere
1597 2387 1632 2446 in
1647 2386 1878 2464 prejudicium
1898 2402 1977 2446 mo-

1179 2483 1318 2544 nasterii
1333 2483 1536 2545 firmitatem.
1549 2483 1641 2543 Nulli
1658 2498 1737 2558 ergo
1757 2483 1893 2545 omnino
1913 2483 1980 2544 ho-

1180 2581 1306 2642 minum
1326 2580 1427 2642 liceat
1444 2580 1530 2642 hanc
1545 2581 1700 2656 paginam
1720 2583 1843 2641 nostrae
1864 2580 1985 2641 decla-

1179 2677 1322 2739 rationis
1341 2677 1524 2754 insringere
1550 2676 1603 2738 rel
1630 2678 1661 2738 ei
1689 2693 1774 2739 ausu
1797 2677 1978 2738 temerario

1181 2773 1358 2835 contraire.
1388 2773 1423 2834 Si
1455 2773 1529 2850 quis
1564 2773 1673 2834 autem
1709 2773 1773 2834 hoc
1811 2773 1982 2834 attentare

1180 2871 1438 2948 praesumpserit,
1454 2870 1715 2946 indignationem
1741 2870 1978 2947 omnipotentis

1180 2968 1241 3028 Dei
1256 2967 1465 3029 etbeatorum
1476 2968 1566 3029 Petri
1577 2969 1611 3028 et
1622 2967 1729 3039 Pauli,
1741 2967 1979 3044 Apostolorum

1182 3067 1264 3142 eius,
1282 3079 1317 3125 se
1332 3065 1462 3127 noverit
1473 3064 1818 3126 incursurum.Datum
1830 3063 1981 3135 Perusii,

1181 3161 1278 3222 nonis
1315 3161 1466 3238 Augusti,
1507 3160 1717 3238 pontificatus
1752 3159 1861 3222 nostri
1887 3174 1981 3220 anno

1181 3273 1299 3336 primo.

1548 3417 1604 3504 XI

1334 3606 1387 3667 Ad
1400 3607 1520 3666 decom
1534 3607 1757 3681 burgundica.
1781 3601 1828 3684 (1)

1473 3718 1488 3774 1
1501 3732 1569 3792 aug.
1583 3717 1664 3775 1216.

1230 3841 1338 3906 [aegest
1351 3840 1397 3892 lih.
1408 3841 1428 3892 1.
1441 3841 1515 3905 epist.
1532 3841 1556 3890 8.
1578 3867 1611 3880 -
1630 3841 1757 3905 Bouquet,
1769 3839 1869 3892 Recucil
1884 3839 1934 3890 dos

1388 3919 1534 3979 historiens,
1545 3925 1563 3970 t.
1578 3921 1645 3981 Xlli,
1658 3935 1685 3986 p.
1697 3921 1765 3985 ore]

1184 4053 1328 4112 Honorius
1340 4055 1391 4124 lll,
1407 4053 1508 4111 ducem
1519 4053 1701 4126 Burgundiae‚
1716 4060 1897 4111 cunctantem
1911 4067 1978 4110 mo·

1218 4150 1266 4200 net
1287 4149 1316 4200 et
1338 4139 1502 4199 exhortatur
1525 4149 1566 4211 ut,
1587 4157 1674 4214 quum
1696 4140 1817 4198 affixerit
1846 4140 1977 4198 humeris

1217 4231 1278 4288 suis
1293 4230 1408 4302 signum
1423 4230 1515 4286 crucis
1532 4229 1567 4287 ad
1582 4232 1676 4287 lerrte
1689 4230 1800 4288 Sancte
1816 4229 1974 4288 subsidium

1218 4315 1404 4392 proiecturus,
1417 4318 1471 4375 iter
1485 4318 1773 4390 Hierosolymitanum
1788 4317 1975 4390 aggrediatur

1217 4415 1245 4463 et
1257 4420 1310 4464 suo
1324 4407 1455 4479 exemplo
1467 4407 1539 4464 alios
1549 4397 1764 4480 crucesignatos
1777 4406 1919 4479 principes
1937 4405 1975 4461 ed

1217 4494 1339 4568 idipsum
1354 4494 1492 4567 impellat.

1221 4637 1388 4698 Honorius
1396 4637 1582 4714 episcopus,
1594 4651 1710 4698 servus
1721 4652 1891 4698 servorum
1901 4635 1972 4707 Dei,

1181 4735 1300 4796 dilecto
1315 4734 1384 4795 tilio
1399 4734 1503 4796 nobili
1517 4733 1590 4795 viro
1604 4733 1681 4795 duci
1699 4734 1898 4809 Burgundiae
1914 4747 1975 4793 sa-

1182 4831 1295 4903 lutem,
1308 4831 1369 4892 etc.

1222 4929 1282 4990 llla
1298 4927 1484 4989 conditoris
1498 4926 1706 4989 immensitas
1718 4926 1875 4989 bonitatis
1887 4943 1972 5003 quae,

1181 5026 1218 5086 ut
1236 5040 1368 5086 servum
1381 5023 1567 5097 redimeret,
1582 5024 1615 5085 in
1634 5025 1772 5086 mortem
1790 5023 1925 5086 tradidit
1934 5023 1975 5083 fi-

1181 5122 1273 5193 lium,
1289 5137 1357 5182 suae
1381 5121 1604 5182 miserationis
1629 5121 1783 5182 affectum
1809 5121 1898 5182 circe
1913 5136 1973 5182 000

1180 5234 1247 5280 000
1259 5217 1414 5278 desinens
1427 5217 1610 5294 operariam
1624 5217 1710 5294 apud
1721 5233 1793 5290 nos,
1810 5216 1895 5294 quod
1911 5216 1974 5277 sibi

1180 5314 1344 5390 possimus
1359 5313 1542 5375 retribuere
1564 5328 1623 5390 pro
1647 5312 1799 5374 omnibus
1815 5328 1888 5391 quae
1902 5313 1972 5388 ipse

1180 5411 1275 5473 nobis
1298 5409 1463 5480 retribuit,
1479 5409 1672 5484 habeamus,
1688 5413 1812 5473 terram
1833 5409 1924 5470 illam
1939 5410 1974 5470 in

1215 5581 1256 5660 (l)
1277 5583 1367 5643 Odoni
1383 5585 1431 5643 lll.
