4200 6404
135 275 198 340 181
432 250 518 338 XVI.
532 275 632 340 -ΙΝ
654 276 784 338 FESTO
807 275 1063 342 SANCTORUM
1083 277 1263 342 JOANNIS
1284 279 1338 342 ΕΤ
1358 281 1498 346 PAULI.
1729 283 1790 364 182

133 438 215 516 pius
233 435 394 504 uelociter
415 434 600 500 exaudiens
621 451 738 515 preces
763 451 879 500 eorum
899 436 935 498 in
991 453 1091 518 quam
1119 453 1320 518 cognoscere
1348 442 1452 504 Deum
1472 441 1599 506 trinum
1622 441 1656 506 et
1671 455 1788 504 unum.

133 535 230 600 omni
244 535 455 622 necessitate,
470 537 556 600 sicut
574 537 732 616 scripturn
747 538 797 600 est
809 536 849 600 de
862 537 936 598 istis
991 537 1084 600 Nihil
1107 537 1243 601 suavius
1265 555 1363 618 quam
1388 539 1527 618 diligere
1552 543 1655 602 Deum
1672 557 1786 604 uuum.

135 633 276 705 sanctis,
292 649 432 710 quorum
445 634 599 712 precibus
614 635 936 698 etmeritisdataest
991 635 1086 696 Nihil
1118 634 1346 698 delectabilius
1382 652 1481 715 quam
1515 637 1654 700 laudare
1684 639 1789 700 Deum

133 730 310 792 Gallicano
323 729 475 793 victoria.
992 733 1182 796 Creatorem
1204 733 1237 796 et
1258 733 1476 798 salvatorem.
1506 739 1586 797 Noa
1603 736 1686 798 suut
1702 750 1787 797 cou-

176 830 354 906 copiosam
381 829 417 891 in
442 830 628 906 gratiarum
650 830 839 904 donatione,
856 829 935 908 quia
990 831 1104 908 dignae
1120 835 1300 906 passiones
1318 835 1420 906 bruas
1440 833 1605 908 temporis
1625 836 1670 894 ad
1690 833 1789 908 statu

133 925 314 1004 multiplex
338 927 448 1002 gratia
469 927 546 990 data
566 928 707 1002 estillis,
722 929 769 992 ita
784 930 821 991 ut
833 927 934 989 infir·
989 944 1069 990 ram
1095 933 1245 1005 gloriam
1272 945 1348 1004 puae
1374 931 1586 994 revelabitur
1619 933 1656 992 tu
1691 933 1787 994 aobts

132 1039 208 1086 mos
235 1023 401 1097 curarent,
432 1023 636 1088 daemonibus
657 1025 877 1105 imperarent,
902 1023 936 1086 et
990 1023 1100 1106 (Rom.
1117 1022 1266 1100 vru,18).
1286 1029 1323 1089 ln
1339 1043 1403 1106 qua
1419 1027 1483 1090 erit
1496 1028 1566 1090 vita
1580 1028 1653 1090 sine
1665 1028 1784 1102 morte,

130 1121 565 1200 mundiregessuperarent.
579 1121 934 1186 Dehacmisericordia
989 1123 1061 1186 dies
1076 1124 1148 1186 sine
1169 1125 1278 1198 nocte,
1302 1125 1396 1187 certe
1425 1126 1497 1188 sine
1514 1126 1614 1200 sorte.
1641 1124 1704 1188 Ubi
1723 1126 1788 1190 erit

131 1217 217 1280 dicit
235 1218 362 1281 David:
382 1221 518 1282 Veritas
537 1235 617 1284 mea
640 1222 673 1284 et
694 1223 935 1284 misericordia
989 1222 1151 1284 securitas
1175 1223 1247 1284 sine
1269 1223 1400 1295 timore,
1414 1223 1609 1302 jucunditas
1635 1223 1707 1286 sine
1722 1223 1787 1285 do-

130 1331 214 1378 mea
228 1332 308 1380 cum
321 1321 406 1392 ipso,
426 1317 460 1380 et
472 1322 509 1380 in
521 1321 660 1382 rromtae
671 1333 748 1380 meo
763 1320 933 1382 eaattabt-
989 1319 1071 1392 lore,
1087 1319 1313 1398 tranquillitas
1328 1319 1400 1382 sine
1414 1319 1539 1382 labore.
1557 1319 1620 1382 Ubi
1630 1319 1694 1384 erit
1709 1320 1785 1398 pul-

131 1413 315 1477 turcornu
329 1418 405 1488 etus
423 1414 493 1497 (Ps.
509 1418 560 1490 88,
576 1416 642 1498 25),
665 1416 761 1489 idest,
787 1415 933 1494 potestas
988 1417 1140 1478 chritudo
1169 1417 1243 1480 sino
1269 1415 1488 1489 deformitate,
1523 1416 1681 1480 fortitudo
1713 1417 1788 1480 sine

130 1515 208 1590 ejus
232 1528 293 1590 per
317 1513 420 1576 multa
447 1514 542 1592 signa
562 1513 710 1578 exaltata
733 1514 800 1588 est,
825 1514 859 1578 et
884 1513 933 1576 ita
988 1512 1169 1588 debilitate,
1185 1514 1348 1576 rectitudo
1374 1514 1447 1576 sine
1470 1514 1700 1592 perversitate.
1720 1514 1784 1578 Ubi

131 1609 416 1688 apparetcopiosa
429 1611 670 1674 misericordia.
683 1611 932 1688 Haeescriptura
988 1611 1188 1676 erithonitas
1199 1597 1271 1674 sine
1279 1611 1418 1685 malitia,
1427 1611 1631 1674 veritassine
1638 1610 1785 1687 fallacia,

133 1708 187 1768 est
201 1707 242 1768 de
257 1707 389 1770 Christo
400 1708 433 1771 et
446 1708 487 1770 de
496 1708 654 1772 membris
669 1713 753 1788 ejus.
770 1709 828 1772 Isti
843 1709 932 1770 enim
987 1709 1130 1772 felicitas
1156 1710 1228 1772 sine
1252 1709 1400 1772 miseria.
1434 1708 1497 1771 Ubi
1523 1709 1588 1772 erit
1612 1709 1783 1786 gaudium,

130 1809 211 1867 sunt
225 1804 292 1868 riri
310 1806 562 1881 misericordiae,
578 1809 635 1886 qui
648 1795 809 1872 assistunt
824 1806 933 1868 domi·
987 1807 1074 1884 quod
1084 1823 1146 1869 neo
1161 1807 1277 1870 oculus
1289 1806 1382 1880 vidit,
1397 1821 1459 1868 nac
1470 1805 1563 1868 auris
1576 1806 1786 1880 audirit,nec

129 1903 243 1965 natori
255 1903 423 1966 universae
443 1906 554 1967 terrae.
575 1906 754 1979 assistunt,
771 1904 933 1966 insistunt
986 1905 1023 1966 in
1034 1903 1417 1966 corhominisascendit.
1432 1903 1785 1981 Etideodiciturqnod

129 1999 370 2062 etconsistunt.
394 2001 563 2063 assistunt
586 2001 797 2074 dominatori,
823 2000 930 2062 insis-
986 2001 1095 2078 gloria
1109 2001 1169 2065 illa
1183 2000 1388 2065 revelabitur
1402 2001 1438 2064 in
1462 1999 1559 2064 nobis
1588 2001 1684 2078 qnasi
1697 2017 1786 2064 nunc

129 2098 203 2158 tunt
221 2097 377 2172 creatori,
401 2099 585 2162 consistunt
609 2099 866 2162 remuneratori.
892 2100 930 2160 ln
986 2099 1180 2162 abscondita
1195 2100 1228 2163 et
1247 2099 1376 2162 occulta
1401 2099 1436 2160 in
1458 2099 1587 2162 tautum
1608 2098 1695 2177 quod
1711 2113 1786 2162 eam

83 2265 85 2270 ¹
128 2195 239 2272 primo
261 2196 339 2259 sunt
364 2195 504 2272 gratiosi
534 2196 699 2270 laudibus,
723 2198 758 2259 in
782 2195 930 2258 secundo
985 2213 1053 2259 non
1069 2197 1252 2260 sufficimus
1260 2195 1463 2274 intelligere,
1478 2197 1599 2260 nedum
1610 2195 1711 2259 etiam
1724 2211 1787 2257 ex-

126 2292 304 2355 riatoriosi
318 2293 484 2370 precibus,
497 2293 532 2355 in
547 2295 645 2356 tertio
657 2294 796 2371 gloriosi
810 2308 930 2356 mune-
985 2293 1122 2372 plicare.

127 2388 235 2452 ribus.
244 2391 302 2451 lsti
317 2392 396 2452 sunt
409 2391 474 2454 duo
489 2389 551 2453 filii
566 2392 764 2470 splendoris.
783 2394 855 2453 Uuo
867 2389 929 2452 filii
1023 2394 1090 2457 Isti
1116 2392 1199 2456 suat
1229 2393 1302 2455 atri
1327 2393 1599 2464 misericordiae,
1636 2404 1785 2466 quorum

129 2487 321 2564 splendoris
333 2487 469 2551 suerunt
488 2489 524 2550 in
545 2490 609 2552 hoc
623 2489 757 2562 mundo,
781 2491 814 2552 et
832 2488 930 2551 erunt
976 2488 1781 2568 justitiae....lustitiasanctorumestquadruplex:

127 2583 166 2646 in
191 2585 341 2648 extremo
365 2585 505 2664 judicio.
534 2586 618 2649 Sunt
643 2588 744 2650 etiam
771 2585 929 2648 hodiem
983 2589 1020 2651 in
1034 2586 1183 2666 corporis
1198 2585 1434 2659 maceratione,
1450 2585 1487 2648 in
1502 2585 1780 2648 castitatissanc-

126 2686 466 2761 regnosuperuo.1n
481 2685 603 2748 mundo
618 2684 770 2763 exemplo
782 2684 927 2758 virtutis,
982 2685 1089 2759 titate,
1115 2685 1150 2746 in
1186 2685 1311 2747 munda
1336 2683 1549 2762 operatione,
1583 2679 1783 2761 inprobata

125 2781 164 2842 in
192 2779 321 2858 judicio
349 2781 539 2845 testimonio
568 2782 736 2856 ueritatis,
762 2781 799 2844 in
825 2797 928 2859 regno
983 2781 1195 2848 discretione.
1211 2787 1254 2845 Iu
1268 2785 1425 2858 corporis
1444 2782 1689 2854 maceratione,
1704 2779 1783 2858 quia
1868 2823 1874 2835 .

126 2879 302 2940 consortio
316 2879 511 2956 majestatis.

167 2977 216 3036 De
241 2975 348 3052 primo
377 2976 533 3039 salomon
559 2997 567 3038 ε
593 2977 776 3039 Iustorum
802 2977 929 3040 semita
984 2979 1114 3053 ditatos,
1136 2977 1325 3056 opprobria,
1355 2975 1521 3053 castigant
1544 2991 1684 3054 corpora
1706 2991 1779 3048 sua,

126 3075 230 3148 quast
254 3078 316 3135 lua
345 3075 525 3149 splendens
547 3074 720 3149 procedit,
753 3075 788 3136 et
805 3075 929 3137 crescit
978 3079 1016 3152 ¹ot
1029 3077 1065 3138 in
1080 3067 1274 3138 servitutem
1284 3073 1440 3152 redigunt
1452 3073 1488 3135 in
1504 3073 1616 3135 multis
1631 3074 1664 3136 et
1677 3071 1781 3136 variis

124 3173 300 3246 usquead
320 3171 514 3246 perfectum
537 3174 629 3234 diem
653 3170 766 3251 (Prot.
792 3187 838 3242 iv,
862 3169 925 3250 18).
983 3173 1147 3252 angustiis
1167 3174 1200 3234 et
1217 3171 1498 3246 tribulationibus,
1523 3171 1609 3233 sicut
1629 3171 1680 3233 est
1696 3169 1782 3232 illud

125 3269 176 3330 De
193 3267 339 3330 secundo
358 3268 501 3357 in-ulibro
518 3269 696 3348 Sapientiae
716 3269 929 3348 :Fmpebuut
983 3271 1131 3351 Apostoli
1146 3293 1154 3332 ι
1178 3271 1316 3347 Casttpo
1330 3285 1456 3346 corpus
1469 3283 1587 3330 meum
1601 3270 1635 3331 et
1649 3272 1687 3332 tu
1700 3283 1780 3331 ser·

122 3365 264 3439 justici
283 3367 459 3441 tamquam
482 3367 637 3428 scrutum
655 3370 693 3430 ta
722 3366 928 3430 arundineto
983 3370 1129 3432 vitutem
1154 3371 1284 3445 redigo.
1302 3368 1342 3430 ut
1367 3367 1601 3440 :Mortificate
1622 3369 1779 3428 membra

131 3465 342 3536 discurreret,
367 3464 571 3537 judicabunt
604 3466 799 3528 motiones...
827 3463 925 3544 (Sap.
983 3469 1102 3530 vestra
1114 3481 1192 3528 cum
1205 3466 1301 3528 vittis
1315 3465 1349 3527 et
1360 3464 1646 3538 concupiscentits
1662 3479 1705 3526 ue
1719 3465 1782 3525 do·

127 3577 181 3635 111,
196 3559 241 3641 7).
266 3563 312 3623 De
335 3561 434 3624 tertio
455 3561 491 3622 in
511 3562 691 3638 Evangelio
713 3584 720 3624 :
739 3562 929 3639 Fulgebuat
982 3565 1137 3627 mutetur
1145 3563 1327 3638 peccatum
1342 3564 1379 3623 tu
1401 3561 1518 3623 oestro
1537 3561 1677 3622 mortali
1702 3576 1782 3623 cor-

117 3659 328 3733 justarum
358 3665 408 3722 sol
441 3663 479 3722 ia
509 3675 617 3737 reguo
651 3661 774 3723 Patris
807 3674 928 3722 eorum
977 3676 1066 3736 pore
1085 3658 1225 3740 (coloss.
1242 3675 1292 3728 111,
1309 3657 1354 3738 5).
1393 3657 1450 3718 Isti
1469 3657 1525 3736 qui
1550 3656 1632 3718 talia
1654 3656 1781 3720 iaciunt

126 3753 260 3838 (matth.
282 3772 356 3831 1111,
386 3755 451 3835 43).
475 3757 558 3828 Quia
579 3757 672 3819 tauta
700 3757 765 3819 erit
792 3756 928 3818 claritas
983 3758 1139 3820 dicuntur
1162 3755 1440 3834 supplantatores,
1462 3755 1541 3834 quia
1565 3755 1781 3832 supplantant

125 3856 319 3916 sanctorum
330 3855 405 3932 post
417 3855 708 3926 resurrectionem,
725 3854 848 3931 quanta
865 3853 929 3915 luit
983 3855 1064 3918 vitia
1084 3854 1118 3917 et
1136 3853 1272 3931 peccata
1295 3853 1328 3915 et
1346 3854 1505 3932 superant
1527 3851 1707 3915 diabolum.
1733 3855 1780 3914 De

124 3951 326 4028 glorificatio
342 3953 378 4012 in
399 3953 704 4028 transfiguratione.
735 3954 830 4014 Nam
850 3953 929 4012 ads-
983 3951 1103 4032 quibus
1124 3951 1206 4013 dicit
1230 3952 1378 4013 loannes
1403 3951 1440 4011 in
1464 3949 1636 4028 Epistola:
1656 3953 1720 4014 Vos
1733 3965 1781 4012 esc

126 4051 242 4127 terget
261 4054 354 4112 Deus
375 4065 512 4112 munem
541 4055 730 4126 lacrymam
758 4052 800 4111 ab
823 4052 927 4110 ocuds
981 4054 1052 4112 Deo
1067 4050 1151 4111 esttr
1165 4049 1199 4110 et
1213 4049 1345 4109 adustas
1364 4051 1570 4124 malignum,
1590 4046 1675 4108 idest
1698 4046 1776 4107 dia-

125 4163 261 4222 corum,
287 4149 410 4223 etjam
429 4163 497 4210 noa
535 4148 603 4210 erit
626 4150 789 4222 amplius,
816 4161 927 4221 aeque
981 4146 1106 4218 bolum,
1138 4147 1219 4220 puta
1240 4145 1368 4219 fortior
1382 4146 1435 4206 est
1461 4148 1521 4219 qur
1542 4147 1579 4205 tu
1596 4147 1690 4206 cobr's
1712 4143 1775 4216 est,

123 4247 249 4320 tuctus,
266 4261 375 4322 aeque
395 4251 543 4316 uamor,
568 4260 677 4319 neque
707 4250 795 4307 ultus
818 4247 925 4317 dolor,
982 4245 1069 4307 idest
1098 4243 1260 4315 Christus,
1284 4257 1388 4317 auam
1418 4246 1476 4316 put
1495 4243 1533 4302 ia
1559 4244 1687 4302 maudo
1714 4241 1777 4313 est,

125 4347 293 4420 quereiam
311 4347 432 4418 prima
458 4343 619 4406 adierunt
643 4339 757 4422 (Apoc.
784 4357 856 4414 ιιι,
879 4339 924 4420 4).
981 4342 1069 4404 idest
1089 4339 1241 4402 diabolus
1257 4335 1284 4410 (l
1301 4340 1398 4400 Joan.
1417 4353 1464 4410 ιν,
1479 4334 1524 4416 4).
1551 4339 1589 4398 ln
1618 4335 1780 4397 castitatis

125 4441 208 4503 Noli
222 4442 322 4503 etiam
335 4441 452 4503 timere
473 4457 533 4519 pro
547 4439 678 4502 Christo
693 4439 858 4500 sustinere
870 4437 926 4500 la·
981 4439 1168 4510 sanctitate,
1180 4437 1259 4514 quia
1268 4435 1392 4516 munda
1407 4435 1441 4497 et
1451 4436 1566 4497 sancta
1579 4433 1781 4496 exhibebant

983 2897 1042 2960 per
1061 2881 1239 2952 orationes,
1252 2879 1429 2958 jejunium,
1446 2878 1577 2952 tamem,
1594 2877 1694 2950 sitim,
1708 2870 1779 2939 'nu-
1890 2909 1898 2924 ·

125 4554 215 4600 mem
231 4540 288 4600 aut
302 4539 403 4612 sitim,
428 4539 506 4616 quia
531 4555 605 4600 oum
625 4537 794 4600 transiens
809 4535 927 4598 minis-

125 4637 230 4699 trabit
249 4636 498 4698 inaestimabiles
525 4636 663 4698 delicias
685 4635 755 4696 suis
774 4632 926 4695 fidelibus

126 4734 309 4806 exhibebit,
318 4751 391 4812 quae
403 4734 526 4812 quanto
540 4733 682 4812 amplius
690 4732 924 4810 gustabuntur,

125 4835 220 4896 tanto
236 4831 366 4894 avidius
383 4833 590 4910 appetentur,
611 4847 650 4894 eo
670 4831 757 4909 quod
782 4829 924 4906 gustatae

125 4947 195 4993 non
207 4929 554 5007 ingemmtlastidium,
571 4929 628 4990 sed
642 4927 778 5007 pariunt
793 4927 927 4988 deside-

125 5045 227 5094 rium.

167 5126 298 5204 Etipsee
310 5125 442 5203 quidem
452 5122 580 5184 deliciae
596 5121 662 5185 tria
678 5121 850 5184 continent
862 5121 927 5182 ali-

126 5225 251 5296 menta,
265 5240 329 5285 non
345 5238 478 5300 panem,
494 5237 562 5282 non
578 5221 692 5281 vinum
705 5222 763 5282 aut
777 5235 924 5292 carnem,

128 5321 186 5384 sed
209 5321 443 5398 cognitionem,
472 5319 682 5380 dilectionem
719 5319 752 5379 et
772 5317 924 5390 laudem,

127 5419 247 5499 quibus
271 5417 487 5480 ineffabiliter
520 5415 661 5478 satiatur
685 5413 797 5476 anima
820 5417 925 5476 Deum

125 5517 254 5580 ridens.
280 5507 449 5588 satiabor,
480 5515 598 5592 inquit,
623 5517 705 5575 dum
720 5513 926 5586 manifesta-

127 5617 221 5682 bitur
234 5617 345 5696 plorra
361 5615 420 5677 tua
444 5611 511 5686 (Ps.
529 5612 658 5693 1515).
684 5609 776 5674 Nihil
796 5609 926 5672 dulcius

982 4527 1190 4614 corpora'sua
1203 4533 1245 4596 ab
1256 4533 1346 4594 omni
1354 4532 1548 4611 pollutione.
1564 4532 1658 4593 Unde
1672 4535 1781 4610 Apos-

981 4635 1070 4697 tolus
1096 4655 1103 4694 :
1132 4634 1225 4696 Sciat
1264 4633 1498 4705 uuusquisque
1529 4631 1686 4692 oestrum
1718 4643 1782 4692 aas

980 4749 1083 4796 suum
1092 4732 1315 4806 possiderem
1328 4728 1599 4801 sanctificatione
1609 4727 1782 4790 ethonore

982 4830 1011 4913 (l
1023 4830 1138 4892 Thess.
1153 4845 1199 4900 rr,
1213 4826 1333 4907 4).Vas
1346 4826 1555 4887 nostrumest
1564 4839 1684 4902 corpus
1694 4823 1781 4902 quod

980 4926 1138 4990 debemus
1153 4924 1324 5002 possidere
1337 4924 1372 4984 in
1388 4921 1651 4984 sanctificatione
1670 4921 1702 4983 et
1716 4920 1782 4981 ho-

981 5041 1074 5095 nore,
1104 5023 1201 5094 idest,
1231 5022 1267 5083 in
1294 5020 1446 5082 castitate
1465 5035 1525 5097 per
1544 5033 1644 5097 quam
1659 5032 1780 5094 corpus

981 5121 1208 5186 sanctificatur
1218 5119 1251 5181 et
1265 5119 1459 5182 honoratur.

1020 5225 1058 5283 In
1073 5218 1195 5281 munda
1209 5217 1412 5295 operatione,
1425 5215 1503 5293 quia
1518 5211 1706 5276 habuerunt
1718 5210 1782 5272 sol-

981 5318 1187 5381 licitudinem
1203 5313 1236 5378 et
1248 5313 1396 5375 laborem
1410 5313 1446 5373 in
1468 5310 1558 5373 omni
1581 5324 1680 5387 opere
1695 5307 1781 5370 bono

981 5418 1023 5480 ad
1036 5431 1151 5480 omnes
1174 5413 1338 5476 homiues.
1363 5409 1457 5474 Unde
1475 5391 1652 5484 Apostolus
1667 5428 1674 5466 ε
1689 5408 1783 5468 Dum

982 5517 1119 5592 tempus
1153 5517 1332 5582 babemus
1364 5521 1552 5584 operemur
1580 5507 1705 5567 boreum
1738 5505 1784 5564 ad

982 5628 1105 5676 omues
1117 5614 1274 5675 marture
1288 5607 1406 5671 autem
1421 5607 1466 5670 ad
1488 5603 1689 5668 domesticos
1703 5601 1784 5676 ridet
