4162 6424
382 245 442 304 ola
541 299 546 312 ,
999 254 1175 316 HONORH
1198 257 1243 316 ΙΙΙ
1265 259 1413 320 OPERA.
1939 279 1972 336 to

380 404 505 482 scripta
520 404 714 466 mandamus
737 409 768 468 et
783 407 932 470 districte
953 414 1177 492 praecipimus,
1233 414 1416 480 fautoribus
1437 419 1508 482 suis
1523 423 1736 500 contemptis,
1753 440 1817 486 non
1831 427 1919 492 solum
1930 449 1974 510 reg-

380 503 545 584 quatenus
559 503 626 564 tam
638 503 727 580 ipsos
738 521 836 581 quam
849 522 964 570 omnes
979 511 1135 588 praelatos
1147 513 1179 574 et
1233 531 1312 575 num
1347 517 1497 580 Franciae
1530 519 1646 582 nititm·
1677 523 2002 598 perturbamus

380 599 465 662 alios
491 599 656 672 lautores,
682 602 850 679 tamquam
875 609 1178 672 excommunicatos
1233 614 1344 676 Terrae
1356 616 1485 676 Sanctae
1500 632 1560 694 per
1570 618 1632 680 hoc
1648 619 1811 698 impedire
1825 639 1973 688 succursura.
2001 679 2002 688 ,

379 697 498 758 evitari
511 698 635 758 arctius
650 697 792 772 faciatis,
809 701 843 762 et
865 702 1021 778 praelatas
1043 707 1179 768 senten·
1234 710 1288 770 Sic
1300 726 1380 787 ergo
1389 713 1499 790 ipsum
1514 713 1554 776 de
1569 716 1692 778 caetero
1712 718 1849 792 evitetis,
1866 724 1932 797 quod
1943 743 1975 784 ru

379 793 444 856 tias
469 794 610 870 singulis
634 794 750 856 diebus
776 797 951 874 dominicis
980 804 1013 863 et
1037 801 1175 876 festivis,
1233 823 1306 868 esse
1332 810 1424 886 pacis
1450 811 1537 872 illios
1567 828 1626 890 per
1660 815 1888 878 exhibitionem
1907 823 1974 896 operis

378 889 519 968 pulsatis
554 894 725 969 campanis
760 896 792 957 et
822 897 970 1055 pangens
1005 900 1175 972 accensis,
1232 906 1976 994 ostendatis,etamarejustitiametodioinlqui·

379 988 601 1065 appellatione
625 992 762 1065 remota,
788 993 891 1056 solem
917 996 981 1058 iter
1001 997 1175 1073 publicari,
1232 1002 1333 1064 tatem
1348 1003 1482 1078 babere,
1497 1009 1632 1086 propter
1646 1009 1737 1085 quod
1752 1009 1823 1072 oleo
1836 1016 1975 1076 meremini

380 1086 590 1162 saepedictam
603 1089 726 1150 terram
746 1090 780 1151 in
796 1107 835 1152 eo
851 1065 939 1156 statu
962 1111 1026 1172 quo
1039 1097 1123 1168 erat,
1137 1111 1177 1156 eo
1233 1101 1467 1164 exsultationis
1489 1105 1619 1182 inungi,
1633 1122 1695 1184 per
1710 1107 1794 1168 illud
1813 1109 1850 1168 ad
1868 1113 1975 1172 aeternan
2003 1157 2004 1172 ,

378 1187 527 1262 tempore
541 1201 606 1263 quo
626 1187 733 1263 primo
748 1188 840 1252 citati
862 1189 965 1264 luere,
981 1193 1178 1256 auctoritate
1232 1197 1382 1260 laetitiam
1411 1203 1613 1278 perventuri.
1644 1205 1768 1266 Datum
1793 1207 1932 1280 Laterani,
1950 1212 1975 1270 lli

379 1281 494 1343 nostra
515 1281 733 1346 nihilominus
752 1289 999 1360 conservantes,
1021 1289 1178 1352 molesta·
1233 1311 1337 1358 nonas
1352 1296 1524 1371 februarii,
1540 1316 1628 1362 anuo
1644 1301 1805 1364 secundo.

378 1379 467 1440 tores
496 1379 530 1441 et
556 1381 743 1444 turbatores
775 1383 880 1462 ipsius
913 1403 973 1462 per
1003 1403 1178 1450 censuram

379 1476 660 1552 ecclesiasticam,
686 1479 815 1545 sublato
841 1483 1016 1560 qu'uslibet
1044 1487 1180 1548 contra·
1552 1495 1719 1583 CXXIII

379 1573 533 1635 dictionis
557 1577 590 1636 et
617 1577 852 1654 appellationis
872 1580 1054 1654 obstaculo,
1082 1597 1176 1644 com-

378 1671 553 1750 pescendo.
569 1674 660 1746 Quod
677 1675 705 1735 si
721 1691 786 1738 non
797 1692 922 1750 omnes,
938 1678 1003 1740 duo
1017 1680 1175 1752 vestrum,
1272 1643 1324 1702 Ad
1337 1643 1553 1718 Rammium
1571 1647 1731 1708 abbatem
1742 1649 1777 1708 ei
1788 1649 1951 1709 00¹¹¹¹0¹¹i¹¹¹¹¹

378 1769 568 1832 etc.Datum
584 1773 752 1844 Laterani,
762 1775 878 1856 quarto
892 1775 1176 1845 nonaslebruarii,
1512 1745 1754 1805 mimmii·

378 1880 466 1929 anno
481 1867 637 1928 secundo.
1541 1881 1627 1942 ΒΜ).
1644 1884 1729 1942 ΜΒ,

1295 2003 1448 2069 [Namque.
1458 2004 1570 2056 nudes
1579 2005 1768 2064 cistercienses,
1779 2012 1798 2056 l.
1813 2007 1850 2063 lt,
1863 2021 1885 2070 p.
1894 2005 1942 2066 lit]

1232 2128 1443 2202 indulgentiam
1464 2129 1594 2188 coneedit
1610 2133 1639 2188 in
1655 2131 1847 2189 anniversario
1860 2129 1897 2186 die
1907 2143 1970 2186 core

1394 2217 1533 2276 orationis
1546 2219 1660 2275 illorum
1675 2217 1861 2290 ecclesiasti).

418 2062 455 2120 In
469 2060 619 2122 eumdem
628 2061 761 2122 modum
774 2064 932 2141 scriptum
945 2065 998 2127 est
1011 2066 1177 2130 nobilibus

378 2155 473 2225 viris,
489 2155 638 2229 ducibus,
662 2159 848 2232 comitibus,
873 2160 1066 2236 baronibus,
1083 2165 1177 2226 mili-

378 2253 479 2328 tibus,
500 2255 533 2315 et
554 2255 630 2316 aliis
652 2255 773 2318 Christi
794 2257 945 2320 fidelibus
965 2275 1024 2336 per
1038 2276 1178 2338 regnum

378 2351 540 2420 Francia,
553 2367 592 2412 ac
605 2353 886 2427 areomarensi,
896 2359 1134 2421 Treverensem
1145 2361 1178 2422 et
1272 2349 1485 2413 Licetautem
1496 2349 1970 2426 monasteriumvesrrumjunet

379 2448 609 2510 coloniensem
639 2451 828 2526 provincias
861 2454 1058 2518 constitutis.
1096 2458 1178 2518 cum
1232 2449 1403 2524 potestatis
1423 2449 1466 2511 sit
1488 2449 1583 2511 Sedis
1606 2450 1804 2528 Apostolicae
1825 2447 1968 2550 specialiter,

378 2545 456 2609 enm
474 2545 594 2608 arrecta
618 2547 653 2607 sn
671 2547 800 2610 christo
814 2550 894 2622 aua,
922 2553 998 2624 etc,
1021 2568 1127 2628 usquc
1141 2554 1177 2615 in
1232 2545 1310 2621 una
1324 2546 1435 2608 tamen
1450 2547 1665 2623 exuociuris
1681 2545 1968 2624 scilicetrnrneuu

380 2657 439 2702 sua
464 2641 590 2706 ducunt
613 2645 740 2707 malitia
764 2646 1017 2724 persistendum,
1046 2655 1178 2714 Deinde
1232 2641 1336 2720 ipsius
1352 2643 1531 2720 specialius
1551 2642 1783 2715 esteffectum,
1800 2637 1968 2741 llosilludslh¹

376 2741 580 2812 stupratur.-
595 2742 755 2812 Quocirca
769 2743 1020 2808 universitatem
1032 2750 1178 2810 vestram
1233 2739 1370 2816 Slmuiuii
1386 2756 1466 2802 uum
1481 2741 1515 2804 ui
1528 2741 1708 2818 niinuilmii
1720 2739 1819 2802 iumifl
1833 2737 1905 2800 beati
1915 2737 1967 2840 Pii

379 2836 1176 2920 exhortamurinbomino‚parapostolicarobis
1232 2838 1430 2914 suscipimus
1467 2854 1542 2900 uum
1578 2838 1727 2900 Omnium
1753 2835 1857 2907 nuilus,
1877 2845 1968 2936 l¹¹¹⁸¹¹

382 2935 505 3010 scripta
516 2935 1177 3019 mandantes,quatenustamipsosquem
1231 2935 1584 3014 nimiuniiuiumjuuiu
1608 2937 1707 2998 iiiulu
1731 2933 1874 3016 POSSiiut
1894 2929 1934 3035 uui
1948 2942 1966 2984 ¹¹

377 3044 493 3090 omnes
515 3030 672 3106 praefatos
701 3034 733 3094 et
765 3034 861 3106 alios,
891 3039 928 3098 ut
961 3037 1084 3099 dictum
1115 3041 1176 3111 est,
1207 3030 1379 3096 ¹iuiunum
1399 3033 1500 3109 juniis
1529 3031 1636 3094 m0¹iiu
1673 3031 1793 3111 nuiufii
1823 3027 1930 3104 udiliiu
1948 3021 1967 3078 ¹¹²

377 3123 491 3186 eorum
504 3127 662 3200 lautores,
682 3128 850 3208 tamquam
872 3137 1176 3198 excommunicatos
1231 3129 1412 3192 Secundum
1435 3129 1609 3207 privilegiu
1644 3129 1903 3208 Puaeu0⁰0⁸⁵⁰¹¹¹m
1920 3133 1967 3179 ¹¹⁰⁵‘

377 3222 411 3283 in
422 3223 574 3286 omnibus
584 3225 708 3287 arctius
723 3228 866 3302 evitetis,
884 3245 925 3292 ne
942 3229 1020 3293 aliis
1034 3234 1175 3310 partici-
1230 3225 1367 3298 inunum,
1384 3225 1417 3289 ui
1436 3230 1549 3292 uusim
1568 3245 1701 3306 sumum*
1727 3243 1782 3289 0³⁵
1803 3225 1867 3286 ⁵¹¹⁰
1882 3219 1966 3327 conra-

377 3321 496 3396 pand0‚
523 3321 716 3385 efficiamini
733 3325 838 3402 culpae
859 3328 892 3389 et
906 3329 993 3390 notae
1005 3333 1175 3393 consortes
1231 3315 1965 3420 dictionepossmeatgaudensuuiquepnuusu

376 3417 411 3480 in
433 3420 577 3497 proprias
602 3421 719 3482 salutis
738 3421 946 3500 dispendium
966 3427 998 3488 et
1012 3426 1109 3490 tamae
1128 3429 1177 3489 ni·
1230 3421 1263 3482 ut
1287 3420 1504 3498 indulgentiis
1526 3423 1705 3497 universis,
1725 3423 1791 3485 iam
1816 3409 1964 3520 generalius

375 3513 556 3577 nilominus
591 3518 841 3593 detrimentum,
866 3538 942 3584 cum
967 3523 1091 3586 talibus
1126 3527 1175 3587 sic
1231 3534 1328 3593 uuum
1344 3518 1544 3596 Sliuciniiiiu¹¹
1570 3536 1589 3581 u
1615 3521 1702 3582 Sedu
1717 3513 1886 3596 An0⁸i⁰¹¹⁰i
1901 3519 1963 3610 iiii

375 3614 621 3676 communicare
640 3616 785 3680 scienter
807 3619 843 3682 in
861 3621 1083 3698 contemptum
1105 3624 1176 3684 cla·-
1229 3615 1351 3690 inuiis,
1389 3617 1491 3680 salvis
1527 3617 1659 3682 Siniutis
1688 3614 1824 3680 GOnciiii
1842 3602 1961 3687 generals·

374 3709 467 3770 vium
489 3712 646 3774 Ecclesia
667 3729 733 3774 non
749 3715 793 3776 sit
810 3714 946 3777 dubium
961 3718 1149 3782 redundare
1165 3737 1172 3775 :
1231 3713 1372 3775 Cunctos
1386 3713 1692 3794 igituripsinsjnna
1708 3709 1866 3776 sennanim
1879 3701 1962 3808 spese

377 3821 459 3884 quas
474 3807 502 3866 si
511 3810 747 3886 contempserit
761 3810 869 3872 dictus
881 3814 1028 3875 hirardus
1037 3815 1172 3888 diutius,
1216 3808 1327 3872 'tolita
1341 3809 1526 3872 benedictio
1538 3813 1768 3891 prosequatur,
1782 3799 1962 3882 eosquedurn

377 3919 452 3962 cum
462 3905 533 3978 jam
559 3903 603 3965 sit
619 3905 742 3982 duplici
762 3906 880 3985 laqueo
904 3914 1174 3975 excommunica·
1230 3909 1385 3984 majestas
1396 3909 1557 3985 justificet
1570 3910 1605 3974 in
1618 3908 1785 3987 praesenti,
1809 3907 1839 3966 et
1855 3887 1961 3994 gloruul

375 3998 477 4060 tionis
496 4000 686 4074 adstrictus,
704 4003 823 4080 poterit
842 4021 909 4066 non
925 4007 1090 4070 immerito
1106 4009 1175 4070 lor·
1229 4003 1264 4066 in
1288 4004 1408 4069 tuturo,
1435 4006 1634 4068 Turbatores
1658 4009 1768 4069 autem
1802 3998 1903 4078 ipsius.
1924 3997 1960 4092 ¹¹3¹

375 4096 503 4159 midare
518 4114 559 4162 ne
575 4101 685 4162 notam
707 4101 858 4166 incurrat
875 4103 1041 4168 baereticae
1062 4106 1175 4182 pravi·
1229 4101 1420 4168 commoniti
1430 4101 1641 4180 resipuerint,
1650 4119 1726 4166 reos
1737 4118 1771 4163 se
1782 4085 1961 4168 divinojuinu

375 4193 464 4264 tatis,
474 4197 577 4258 etnos
588 4191 721 4276 propter
735 4199 798 4261 hoc
813 4200 927 4262 contra
944 4217 1019 4263 eum
1035 4201 1173 4266 forsitan
1229 4197 1268 4259 de
1283 4200 1471 4276 perpetrata
1486 4200 1661 4280 iniquitate
1676 4191 1872 4278 cognoscant
1883 4187 1907 4246 ti
1919 4191 1961 4240 ¹¹¹¹·

374 4292 593 4367 procedamus
618 4297 716 4372 prout
739 4297 854 4361 contra
891 4299 976 4360 tales
1003 4301 1175 4364 consuevit
1229 4296 1319 4356 neris
1332 4294 1530 4373 Apostolicae
1544 4295 1783 4360 benedictionis
1797 4281 1927 4366 expertes·
1941 4363 1951 4391 Γ

374 4388 520 4468 procedi,
542 4405 617 4451 cum
633 4393 667 4452 in
687 4393 750 4453 hoc
765 4396 897 4470 negotio
908 4411 1022 4471 pacem
1038 4397 1070 4459 et
1078 4398 1175 4474 iusti·
1269 4394 1386 4454 Datum
1417 4393 1574 4455 Laterani
1597 4395 1696 4457 tertio
1721 4404 1820 4454 nonas
1842 4379 1958 4443 leimam·

375 4484 455 4545 tiam
466 4486 704 4564 amplexemur,
716 4489 834 4566 quibus
844 4491 932 4552 idem
943 4493 1088 4554 Frardus
1099 4510 1173 4556 cum
1229 4489 1438 4570 pontificatus
1454 4490 1558 4554 nostri
1573 4507 1661 4554 anno
1676 4487 1825 4553 secundo.

411 4659 451 4732 (l)
467 4661 624 4732 Maurique,
640 4661 748 4720 Aaool.
762 4663 1170 4740 curceienses,t.1t⁷,p.lta‚
1228 4681 1282 4739 que
1304 4663 1545 4749 indulgentiarum
1561 4666 1698 4752 thesauro¹
1711 4658 1881 4734 locupletent·
1895 4702 1959 4775 (sequ

377 4731 477 4787 iterum
499 4733 606 4790 recudit
626 4733 781 4805 Epistulam
807 4737 923 4810 lionorii
945 4737 979 4793 ad
1000 4740 1171 4812 Raynerium
1264 4739 1334 4796 «Ul
1349 4739 1437 4809 insum
1452 4738 1565 4818 uminum,
1578 4723 1877 4846 aedaeauovenerrniif
1892 4786 1951 4842 bfqa

375 4802 506 4860 abbatem
521 4803 704 4863 Cesaeutcrini
720 4819 769 4878 per
785 4821 870 4878 quam
894 4807 1032 4879 promittit
1056 4825 1088 4868 se
1106 4825 1172 4868 cunr
1227 4815 1271 4864 tur
1283 4807 1436 4880 Honorius)
1461 4808 1584 4934 slnffiuhs
1605 4824 1688 4867 annis
1709 4808 1830 4866 devotius
1842 4804 1890 4850 ceo
1907 4812 1958 4906 soni}

374 4873 616 4932 honorabiliorem
629 4876 919 4950 archiepiscoporum,
933 4882 1030 4952 episto
1052 4889 1173 4942 orumet
1227 4878 1377 4960 universis,
1410 4879 1457 4950 uui
1492 4893 1506 4934 ¹¹
1564 4878 1756 4960 ⁰t¹⁹b¹¹¹³ie¹¹¹
1795 4867 1957 4975 ⁰⁰¹¹S⁴³⁰i³1¹rl

373 4945 557 5002 cardinalium
571 4946 675 5004 iturum
690 4963 754 5005 esse
767 4949 795 5004 in
817 4963 939 5021 persona
962 4949 1007 5007 dic
1033 4895 1085 5008 ilv
1104 4967 1169 5024 sep·
1226 4949 1354 5032 optrsdem
1369 4949 1440 5006 rnlra
1456 4963 1559 5034 neven]
1571 4947 1634 5032 dies
1649 4947 1750 5007 devote
1763 4941 1956 5048 convenerulissm'

373 5017 489 5074 terebris
516 5016 550 5074 ad
579 5019 730 5075 ecclesiam
760 5028 920 5077 conventus
947 5023 1171 5080 consecrandam
1227 5021 1675 5103 niluupiuiutumumiiuiquum'ffui
1685 5021 1851 5094 numium
1862 5012 1956 5118 renigeri·

372 5086 436 5144 tid.
454 5087 528 5145 lanc
543 5089 632 5159 Epist.
648 5089 703 5148 col.
718 5090 782 5162 inu,
798 5093 894 5164 nortl,
914 5092 976 5152 bb.
1000 5096 1037 5152 ll.
1062 5095 1171 5152 Deinde
1226 5090 1261 5148 ue
1276 5091 1410 5164 iniunctis
1422 5091 1475 5150 sui
1491 5099 1665 5164 poennunus
1680 5101 1782 5152 annun
1795 5081 1904 5140 ununn

374 5156 477 5231 adjecit
490 5159 661 5216 annalista:
1225 5161 1346 5218 corditer
1369 5161 1541 5218 relaxamus.
1615 5233 1641 5244 ..
1775 5227 1781 5238 ‚
1881 5197 1956 5262 mem,

409 5249 420 5278 ι
439 5231 506 5286 Hac
521 5231 663 5287 Honorius
676 5229 711 5287 de
722 5232 904 5293 damnarint
923 5234 1050 5291 Basilice
1067 5247 1168 5290 oense·
1262 5254 1274 5283 ‹
1296 5232 1433 5290 Nobiliori
1448 5231 1686 5289 deludebasdrcm
1700 5231 1782 5290 cultui
1802 5224 1879 5336 uiui}
1895 5265 1956 5328 nuru

372 5300 508 5367 oratione,
545 5315 610 5360 uum
634 5303 750 5374 insuper
776 5304 902 5375 pluribus
930 5305 994 5364 aliis
1015 5304 1171 5364 cumulavit
1224 5303 1386 5372 consulens,
1403 5303 1748 5386 monachisuiudulget,flut
1773 5298 1849 5378 nunu
1872 5292 1954 5405 luam,

371 5367 526 5428 beneficiis.
561 5372 819 5432 rimoeuinrinhoc
830 5375 890 5447 ipso
902 5375 1168 5448 sanxitdiplourate,
1225 5375 1292 5432 arani
1307 5374 1415 5444 diebus,
1432 5389 1531 5430 serrem
1547 5375 1630 5456 liceat
1643 5374 1764 5432 vestibus
1777 5380 1802 5424 rn
1818 5359 1872 5417 altu

372 5445 404 5494 ut
419 5439 479 5496 haec
491 5443 668 5500 consecratio
688 5457 781 5500 annua
805 5445 966 5504 nouendiali
990 5445 1169 5503 solemnitate
1225 5447 1370 5519 argenteis
1385 5444 1534 5502 thuribulis
1549 5451 1598 5501 nti.
1617 5467 1627 5495 ι

372 5509 570 5580 celebraretur,
580 5521 608 5571 et
621 5514 719 5572 ildeles
734 5515 976 5574 illucaccedentes
992 5529 1088 5574 annuo
1102 5531 1169 5588 quo
