4234 6442
309 442 370 504 335
935 439 1111 498 llONORll
1133 437 1177 496 111
1199 437 1348 496 OPERA.
1904 443 1967 502 336

312 602 414 664 tatem
427 615 611 677 aggravare
625 615 725 678 snper
740 600 781 661 iis
795 600 828 661 et
842 599 919 660 aliis
933 615 1000 662 non
1017 614 1108 677 praa·
1163 613 1248 666 mus,
1265 597 1365 676 atque
1382 597 1609 675 praecipimus,
1626 599 1790 675 quatenus
1803 597 1891 675 illos,
1906 599 1966 679 qui

314 699 464 770 sumant,
495 714 556 760 nec
584 698 757 776 imponant
789 698 919 776 aliquas
944 699 1109 760 indebitas
1164 695 1404 772 possessiones,
1424 696 1477 757 vel
1495 711 1561 769 ree,
1578 711 1638 758 seu
1654 696 1769 758 domos
1781 698 1964 775 praedicto-

312 797 504 860 exactiones
531 795 672 868 eisdem,
702 796 865 858 moneatis
893 795 1050 857 attentius
1077 797 1109 858 et
1163 808 1237 853 rum
1252 792 1404 864 fratrum,
1421 793 1473 854 vel
1489 793 1661 854 bominum
1681 809 1818 855 suorum
1835 795 1967 858 irreve-

312 895 492 957 efficaciter
514 893 692 966 inducatis,
716 895 806 971 ipsos
830 893 871 955 ad
893 893 967 966 lmc,
992 895 1021 954 si
1044 909 1107 954 ne·
1164 891 1481 962 renterinvaserint
1492 891 1551 954 aut
1561 907 1601 952 ea
1610 891 1734 969 injuste
1747 891 1963 968 detinuerint,

312 1008 406 1055 cesse
427 993 540 1064 luerit,
558 991 765 1053 districtione
780 1007 853 1068 quae
872 991 1037 1063 convenit,
1055 1007 1110 1067 ap·
1163 1005 1236 1066 quae
1251 989 1419 1066 praedictis
1435 988 1593 1052 iratribus
1608 1007 1652 1052 ex
1671 991 1869 1054 testamento
1893 991 1959 1054 de-

313 1091 493 1170 pellatione
508 1089 701 1168 postposita,
716 1089 950 1167 compellentes
968 1088 1111 1166 praedic-
1165 1087 1351 1149 cedentium
1372 1088 1617 1166 relinquuntur,
1640 1105 1700 1150 seu
1718 1089 1754 1148 in
1774 1090 1864 1167 ipsos
1888 1089 1964 1153 ira-

314 1191 383 1253 tum
397 1189 593 1250 Noviomen.
608 1187 799 1270 episcopum
814 1187 855 1248 ad
871 1185 1109 1248 restituendam
1164 1186 1232 1247 tres
1255 1187 1371 1248 contra
1391 1186 1591 1263 apostolicae
1616 1186 1710 1248 Sedis
1732 1186 1861 1250 indulta
1885 1205 1966 1252 sen-

314 1285 460 1365 praedam
476 1285 636 1358 eamdem,
658 1286 691 1348 et
710 1283 944 1348 satisfaciendo
964 1299 1110 1360 congrue
1164 1284 1302 1346 tentiam
1323 1284 1692 1359 excommunicationis,
1716 1287 1774 1348 aut
1795 1287 1965 1350 interdicti

313 1385 354 1446 de
376 1384 506 1446 damnis
529 1386 562 1445 et
581 1383 715 1462 injuriis
738 1382 953 1461 conquerenti
978 1382 1112 1444 distric-
1166 1383 1438 1460 praesumpserint
1450 1383 1672 1460 promulgare,
1688 1384 1742 1445 vel
1758 1384 1966 1447 decimasla·

313 1482 405 1545 tione
416 1481 519 1544 simili
528 1481 668 1544 veritate
677 1479 1110 1558 cognitacoercando.Quod
1127 1517 1130 1525 ·
1165 1478 1281 1540 borum
1297 1480 1338 1542 de
1356 1480 1456 1541 terris
1476 1479 1600 1542 habitis
1615 1480 1693 1543 ante
1708 1480 1892 1543 Concilium
1909 1498 1965 1559 ge-

314 1580 344 1642 si
360 1597 427 1642 non
442 1595 567 1652 omnes,
585 1579 662 1653 etc,
678 1579 743 1640 duo
758 1579 916 1652 vestrum,
933 1579 996 1640 etc.
1166 1578 1290 1650 norale,
1311 1593 1370 1640 seu
1385 1576 1664 1641 nutrimentorum
1678 1579 1827 1657 ipsorum
1842 1581 1963 1658 spretis

354 1678 473 1740 Datum
495 1677 662 1750 Laterani,
685 1679 776 1739 XVll
795 1675 957 1738 kalendas
980 1674 1108 1754 aprilis,
1164 1675 1364 1752 apostoncae
1374 1675 1468 1738 Sedis
1476 1677 1662 1755 privilegiis
1673 1679 1883 1756 extorquere,
1895 1695 1965 1741 mo·

315 1775 527 1854 pontificatus
542 1776 647 1838 nostri
663 1791 750 1838 anno
770 1775 889 1854 primo.
1166 1774 1293 1836 nitione
1314 1775 1498 1853 praemissa,
1519 1774 1549 1836 si
1571 1775 1651 1838 laici
1672 1775 1807 1848 tuerint,
1828 1776 1961 1853 publice

1167 1872 1314 1934 candelis
1333 1873 1498 1946 accensis,
1515 1874 1868 1936 excommunicationis
1883 1891 1964 1937 sen-

595 1989 819 2078 CGLXXHI
1165 1971 1270 2032 tentia
1289 1971 1490 2049 percellatis.
1509 1971 1544 2032 Si
1563 1987 1642 2034 vero
1657 1972 1770 2034 clerici
1789 1973 1841 2035 vel
1858 1990 1964 2036 cano-

1167 2068 1234 2130 nici
1260 2069 1448 2144 regulares,
1474 2086 1533 2132 seu
1558 2070 1714 2132 monachi
1737 2071 1876 2144 fuerint,
1902 2087 1962 2134 eos

317 2149 369 2211 Ad
395 2149 587 2226 Sidsiwum
613 2151 855 2227 MOWWWW
884 2156 1113 2230 arehiepisco-
1166 2166 1388 2244 appellatione
1409 2169 1535 2230 remota
1555 2167 1596 2229 ab
1615 2169 1723 2230 offlcio
1746 2171 1779 2232 et
1798 2168 1962 2234 beneficio

445 2261 549 2322 pum,
573 2248 607 2309 θί
629 2248 871 2325 tttfftadaltssoi
891 2253 977 2323 ejua
1166 2265 1395 2343 suspendatia3
1425 2267 1578 2327 neutram
1603 2267 1788 2329 relaxaturi
1821 2269 1961 2330 senten-

600 2397 731 2456 ,ΒΜ
748 2399 816 2458 „17
1165 2363 1261 2436 bam,
1292 2363 1396 2425 donec
1422 2363 1591 2442 praedictis
1621 2361 1779 2428 iratribus
1810 2366 1961 2443 plenarie

819 2442 826 2458 '
1166 2460 1383 2534 satisfaciant,
1396 2463 1429 2526 et
1439 2463 1506 2524 tam
1519 2463 1598 2524 laici
1610 2478 1709 2540 qnam
1723 2463 1838 2546 clerici
1853 2479 1962 2527 saecu-

1165 2557 1265 2632 lares,
1289 2559 1346 2637 qni
1365 2575 1424 2637 pro
1439 2559 1585 2623 violenta
1606 2577 1764 2622 mannum
1782 2562 1961 2639 injectione

1165 2657 1387 2719 anathematis
1406 2658 1539 2719 vinculo
1561 2659 1686 2721 inerint
1707 2658 1866 2733 innodati,
1884 2677 1960 2722 cum

1165 2754 1346 2817 dioecesani
1361 2754 1507 2833 episcopi
1522 2755 1643 2817 litteris
1662 2755 1705 2818 ad
1722 2757 1839 2819 Sedem
1853 2761 1961 2836 Apos-

1163 2852 1298 2914 tolicam
1322 2852 1492 2915 venientes
1518 2852 1560 2914 ab
1587 2853 1702 2916 eodem
1730 2855 1865 2920 vinculo
1888 2871 1962 2918 me-

355 2927 523 2990 H⁰11⁰Pi¹1⁸
555 2929 747 3007 Opimius,
782 2949 899 2995 servus
937 2953 1109 3001 servotum
1164 2952 1301 3012 reantur
1310 2950 1449 3012 absolvi.
1460 2951 1685 3014 Villasantem
1695 2952 1731 3014 in
1741 2953 1860 3030 quibus
1871 2952 1960 3016 bona

316 3022 388 3096 Dei,
403 3024 649 3087 venerabilibus
666 3027 825 3104 fratribus.
839 3033 1032 3108 MOe'Ussiisso
1048 3052 1107 3096 ar·
1164 3047 1395 3122 praedictorum
1422 3047 1583 3123 fratrum,
1606 3048 1659 3110 vel
1681 3049 1853 3112 hominum
1879 3067 1961 3112 suo-

316 3119 527 3199 cbiepiscopo
548 3122 581 3185 et
599 3121 821 3200 sumaganeis
840 3131 912 3206 ejus
931 3131 964 3193 et
978 3131 1108 3196 dilectis
1162 3160 1236 3205 rum
1253 3160 1312 3222 per
1331 3145 1524 3208 violentiam
1544 3146 1676 3210 detenta
1698 3147 1832 3222 suerint,
1847 3165 1961 3226 qnam.

315 3215 394 3278 filiii
417 3216 600 3293 abbatibus,
621 3221 798 3297 primibus,
822 3225 969 3302 decanis,
994 3231 1109 3292 archi·
1163 3241 1219 3302 diu
1242 3241 1290 3304 ibi
1309 3243 1396 3316 sunt,
1415 3243 1583 3307 interdicti
1601 3245 1774 3308 sententiae
1789 3261 1960 3324 suppona-

314 3313 464 3377 diaconis
485 3316 518 3378 et
538 3316 614 3378 aliis
638 3319 855 3384 ecclesiarum
878 3326 1026 3401 praelatis
1049 3346 1108 3406 per
1161 3339 1215 3402 fis.
1250 3342 1368 3402 Datum
1401 3343 1577 3415 Laterani,
1618 3345 1678 3406 XV
1717 3342 1785 3407 laal.
1817 3345 1957 3424 apriliS,

313 3411 542 3489 Mogontinam
561 3415 767 3492 provinciam
790 3422 988 3498 constitutis
1009 3426 1105 3488 salu·
1160 3437 1371 3515 pontificatus
1385 3441 1491 3504 nostri
1505 3456 1593 3504 anno
1607 3442 1726 3519 primo.

312 3511 379 3572 tem
394 3509 427 3572 et
439 3511 662 3588 apostolicam
677 3513 951 3582 benedictionem.

351 3607 426 3668 Non
439 3607 562 3686 absque
578 3609 692 3672 dolore
704 3613 814 3676 cordis
829 3617 862 3678 et
875 3618 1020 3694 plurima
1033 3622 1107 3684 tur-

310 3701 444 3765 batione
469 3705 663 3781 didicimus,
690 3711 776 3788 qnod
803 3713 849 3776 ita
875 3715 911 3776 in
937 3717 1103 3798 plerisque
1433 3672 1652 3759 CCLXXW

310 3799 460 3876 partibus
481 3803 709 3868 ecclesiastica
727 3823 868 3872 censura
891 3810 1101 3892 dissolvitur,

309 3896 343 3957 at
356 3896 526 3960 canonica
542 3900 713 3964 sententiaa
730 3906 891 3970 severitas
912 3915 1100 3988 enervatur,
1156 3879 1209 3940 Ad
1226 3883 1380 3940 ⁶⁰²²⁸ule⁸
1393 3879 1427 3942 εἰ
1436 3883 1603 3954 populum
1616 3882 1746 3943 mum
1759 3885 1954 3945 Pesmm'

309 3991 346 4054 ut
357 3993 423 4054 viri
437 3992 597 4072 religiosi,
612 3998 645 4059 et
657 3998 681 4059 ii
695 4002 917 4082 maxime,qui
932 4023 992 4083 per
1007 4011 1101 4072 Sedis

308 4089 507 4167 apostolicae
531 4093 707 4172 privilegia
737 4102 857 4178 majori
886 4101 999 4167 donati
1026 4110 1103 4172 sunt

307 4185 471 4262 libertate,
493 4190 617 4267 passim
632 4209 652 4254 a
669 4196 938 4262 malefactoribus
956 4203 1025 4264 suis
1042 4205 1100 4267 in-

303 4284 412 4362 jurias
427 4287 623 4362 sustineant,
637 4290 671 4353 et
681 4293 828 4370 rapinas,
843 4296 920 4358 dum
934 4300 991 4360 vix
1005 4301 1102 4364 inve-

305 4381 407 4453 nitur,
424 4384 481 4459 qui
502 4399 648 4462 congrua
668 4389 737 4451 illis
755 4394 959 4468 protectione
979 4398 1101 4462 subve-

306 4478 387 4551 niat,
406 4481 440 4541 et
452 4496 512 4556 pro
532 4482 672 4546 fovenda
691 4503 875 4565 pauperum
894 4494 1097 4570 innocentia,

306 4589 343 4635 se
362 4591 492 4636 murum
507 4577 710 4642 defensionis
731 4589 891 4672 opponat,
909 4594 1100 4668 specialiter
1194 4601 1372 4673 Honorius,
1399 4605 1474 4675 etc,
1501 4604 1630 4666 dilectis
1650 4605 1741 4680 tiliis,
1758 4607 1949 4670 consulibus

304 4671 415 4731 antem
441 4672 552 4736 dilecti
585 4675 646 4738 ulii
676 4677 778 4741 abbas
805 4685 838 4746 et
864 4685 985 4752 iratres
1013 4695 1097 4755 We·
1153 4698 1317 4774 etpopnlo
1333 4701 1640 4764 MontisPessulan.

304 4765 528 4844 lebradenses,
548 4773 777 4840 cisterciensis
797 4782 936 4858 ordinis,
953 4788 1097 4852 Holmu-
1191 4795 1295 4857 Justis
1328 4797 1520 4872 petentium,
1546 4801 1621 4873 etc,
1646 4817 1755 4876 tesqua
1795 4819 1946 4865 assensu.

304 4865 413 4926 censis
440 4866 693 4944 trecasinam
719 4875 760 4937 de
783 4878 1010 4958 frequentibus
1039 4889 1096 4950 in-
1151 4891 1199 4953 nd
1226 4894 1398 4970 exemplar
1431 4894 1540 4958 felicis
1564 4901 1734 4963 memoriae
1764 4903 1947 4965 innocentii

296 4963 398 5041 juriis
431 4981 531 5043 quam
564 4968 605 5030 de
638 4969 710 5048 ipso
740 4977 934 5052 quotidiano
966 4984 1096 5049 deiectu
1151 5005 1244 5068 papae
1255 4991 1510 5068 praedecessoris
1523 4997 1640 5065 nostri,
1653 5002 1947 5075 personasvestras

294 5061 436 5138 justitiae
456 5069 718 5143 conquaerentes,
744 5075 995 5143 universitatem
1019 5101 1096 5145 ves·
1150 5088 1183 5149 et
1200 5089 1324 5150 terram
1343 5090 1450 5168 ipsam
1464 5109 1536 5154 cum
1552 5094 1705 5157 omnibus
1718 5113 1792 5175 quan
1808 5099 1841 5158 in
1857 5115 1947 5175 praa-

296 5159 383 5220 tram
398 5160 518 5224 litteris
532 5165 699 5242 petierunt
716 5172 916 5247 apostolicis
938 5181 1091 5255 excitari,
1150 5187 1331 5248 sentiarum
1352 5189 1597 5253 rationabiliter
1617 5194 1807 5270 possidetis,
1831 5197 1888 5260 aut
1910 5197 1947 5258 in

296 5258 333 5317 ut
355 5257 401 5318 ita
421 5259 577 5323 videlicet
597 5267 646 5324 eis
668 5265 703 5326 in
727 5268 998 5338 tribulationibus
1023 5281 1093 5340 suis
1148 5282 1294 5345 futurum
1305 5287 1405 5363 justis
1420 5289 1526 5350 modis
1542 5292 1872 5367 praestanteDomino
1885 5311 1949 5373 po-

295 5356 411 5415 contra
427 5356 657 5422 malefactores
669 5379 784 5426 eorum
799 5374 950 5448 prompta
965 5375 1091 5438 debea-
1146 5381 1255 5444 teritis
1281 5384 1431 5462 adipisci,
1457 5385 1519 5448 sub
1544 5387 1633 5451 beati
1660 5391 1752 5452 Petri
1778 5396 1811 5454 et
1830 5393 1946 5456 nostra

292 5449 336 5512 tis
352 5455 623 5558 magnanimitate
638 5474 851 5539 consurgere,
866 5468 952 5545 quod
969 5471 1010 5533 ab
1023 5489 1089 5534 an·
1147 5480 1350 5555 protectione
1365 5485 1576 5560 suscipimus,
1593 5488 1626 5548 et
1638 5489 1812 5564 praesentis
1829 5491 1947 5567 scripti

294 5546 423 5656 gustus,
441 5565 524 5627 quas
544 5555 720 5625 sustinent,
742 5559 775 5622 et
793 5567 961 5638 pressuris
978 5575 1089 5635 vestro
1147 5579 1330 5653 patrocinio
1342 5583 1594 5646 communimus.
1612 5585 1660 5646 nd
1673 5589 1868 5664 perpetuum
1882 5604 1946 5650 au·-

292 5645 422 5719 possrnt
434 5649 589 5722 praesidio
603 5655 782 5730 respirare.
798 5659 940 5738 Ideoque
954 5667 1091 5732 nniver-
1144 5675 1210 5735 tem
1234 5673 1420 5738 devotionis
1436 5677 1595 5742 indicium
1611 5680 1693 5742 duas
1709 5699 1838 5745 marcas
1854 5687 1942 5760 auri,

290 5739 382 5803 sitati
398 5745 518 5806 vestrae
533 5752 796 5830 parapostolica
811 5759 934 5838 scripta
950 5767 1090 5831 manda·
1144 5773 1277 5834 centum
1320 5777 1568 5840 massamutinis
1610 5781 1839 5860 computandis
1881 5799 1944 5864 pro

316 2500 435 2565 fflocmk,
444 2501 527 2554 Codex
536 2501 716 2567 diplomaticus
726 2505 853 2564 libraria,
864 2511 885 2558 t.
893 2507 924 2567 ll,
933 2523 959 2574 p.
970 2508 1010 2570 al,
1021 2524 1047 2560 n.
1059 2509 1111 2577 it]

317 2617 460 2674 lionoriua
474 2618 552 2691 Papa
568 2619 608 2676 lll
623 2617 739 2678 mandat
756 2621 971 2699 archiepiscopo
986 2626 1109 2700 Mogon-

350 2705 428 2775 tino,
449 2711 481 2762 ut
499 2707 704 2766 monasterium
724 2709 949 2772 Welebradensa
973 2713 1111 2774 adversus

350 2793 561 2867 depredatores
574 2800 697 2854 tueatur.

1440 4055 1474 4114 le
1489 4063 1571 4114 mart.
1590 4057 1668 4114 tall.

1197 4159 1305 4224 [ngest.
1319 4159 1366 4212 lib.
1378 4161 1397 4220 l,
1412 4161 1487 4226 epist.
1498 4161 1554 4213 399.
1568 4163 1626 4214 llas.
1637 4163 1673 4214 la
1684 4164 1759 4216 Porta
1771 4164 1807 4216 dn
1820 4165 1912 4230 TbeilJ.

1155 4341 1339 4416 Recipiuntur
1360 4343 1412 4401 sub
1434 4346 1609 4418 protectione
1628 4349 1660 4404 Β.
1684 4348 1758 4404 Petri
1771 4364 1836 4406 curn
1855 4364 1952 4409 annuo

1309 4445 1398 4489 censu
1414 4432 1534 4490 duarum
1550 4449 1710 4492 marcarum
1725 4436 1795 4494 auri.
