4234 6408
751 279 979 344 EPISTOLAE.
1004 280 1081 340 LIB.
1105 282 1130 340 1.

493 448 542 537 CI

185 653 238 712 aa
256 651 465 711 abbatissam
479 651 623 723 raetiam,
639 654 844 714 moriasterti

430 752 467 808 tn
484 750 600 811 Natta.

413 861 445 918 16
459 861 521 920 dec.
538 863 616 920 rato.

176 985 286 1050 [Niesert
297 985 415 1036 blunster.
432 985 644 1037 urkundenbuch.
658 988 687 1037 Τ.
706 988 735 1041 ll.
748 1001 772 1050 p.
784 987 851 1048 336]

117 1139 201 1194 luttae
217 1135 367 1193 abbatissa
390 1137 555 1193 monasterii
577 1137 605 1192 in
625 1138 709 1194 llutlo
729 1137 909 1194 advocatiam

154 1226 324 1282 monosterii
344 1225 398 1294 sui,
416 1239 502 1296 quem
520 1223 640 1282 Adollus
659 1225 694 1282 de
709 1227 774 1284 llolt
793 1233 820 1284 et
844 1229 909 1284 1101·

152 1312 406 1386 gerusdeNutloei
416 1315 477 1370 rice
490 1314 532 1372 sui
542 1313 673 1383 coenobii,
682 1316 910 1388 resignaverant,

154 1401 315 1459 confirmat.

156 1525 324 1589 Honorius
357 1528 546 1606 episcopus,
587 1545 703 1591 servus
739 1545 911 1592 serrorum

114 1623 187 1696 Dei,
216 1624 343 1686 dilectae
367 1625 402 1686 lu
424 1627 555 1688 Christo
574 1625 651 1688 tiliae
668 1628 781 1698 Juttae,
805 1626 910 1688 abba-

114 1722 208 1783 tissa
224 1723 416 1784 monasterii
431 1723 467 1783 in
483 1723 595 1795 Nullo,
610 1725 751 1786 salutem
767 1727 799 1786 et
813 1741 913 1802 apos-

115 1820 252 1882 tolicam
267 1819 541 1882 benedictionem.

156 1919 238 1977 Cum
257 1932 278 1977 a
299 1917 394 1978 nobis
414 1919 538 1994 petitur
556 1917 642 1995 quod
660 1920 787 1996 justum
805 1922 855 1981 est
879 1922 912 1980 ot

115 2015 303 2086 honestum,
321 2015 389 2076 tum
410 2017 506 2090 rigor
523 2017 688 2093 equitius
708 2033 806 2094 quarn
830 2017 910 2080 ordo

114 2111 221 2188 exigit
239 2111 390 2184 rationis,
407 2113 443 2173 ut
456 2113 490 2173 id
504 2130 563 2190 per
581 2113 837 2180 sollicitudinem
860 2114 912 2176 01-

113 2207 183 2269 11011
205 2209 311 2272 nostri
332 2209 477 2270 debitum
501 2212 722 2288 consequatur
745 2212 908 2274 ellectum.

112 2307 308 2382 Eapropter,
334 2305 455 2368 dilecta
469 2308 503 2366 in
517 2309 656 2369 Domino
668 2309 748 2380 tilia,
764 2310 830 2370 tuis
841 2313 912 2387 jus·

112 2404 156 2464 tis
177 2403 457 2480 postulationibus
481 2406 576 2480 grato
592 2408 826 2469 concurrentes
850 2423 909 2468 as-

113 2517 226 2572 sensu,
242 2499 449 2562 advocatiam
463 2503 656 2564 monasterii
668 2504 729 2575 tui,
746 2521 911 2582 quamna-

113 2596 192 2657 bilis
211 2599 265 2658 rir
284 2597 421 2658 Adolfus
444 2599 484 2659 de
513 2600 591 2660 Holt
618 2601 651 2661 et
678 2603 841 2676 Rotgerns
870 2602 910 2662 de

114 2695 229 2765 Nutlo,
254 2695 456 2756 venerabilis
470 2695 583 2758 fratris
599 2698 703 2758 nostri
717 2698 864 2775 episcopi
879 2699 912 2760 et

110 2791 309 2853 dilectorum
323 2791 467 2854 filiorum
484 2794 621 2871 capituli
636 2795 909 2858 Monasteriensis

110 2889 265 2950 ecclesiae
289 2905 453 2951 consensu
473 2890 535 2952 tibi
558 2893 630 2952 rice
649 2893 699 2953 tui
716 2894 909 2955 monasterii

110 2987 339 3062 resignarunt,
351 2987 606 3066 sicuteamjuste
618 2989 745 3050 obtines
756 2992 908 3069 etquiete

110 3100 150 3146 ac
166 3085 204 3144 in
215 3084 322 3162 ipsius
335 3086 480 3162 episcopi
497 3087 686 3148 authentico
709 3089 906 3161 continetur,

109 3179 174 3242 tibi
187 3181 220 3242 et
232 3182 334 3257 perte
348 3181 485 3258 prierato
497 3185 699 3245 monasterIo
712 3185 908 3247 auctoritate

109 3277 305 3354 Apostolica
314 3279 557 3352 confirmamus
568 3282 782 3358 etpraesenus
793 3283 908 3360 scripti

108 3373 301 3451 patrocinio
322 3377 573 3438 communimus.
605 3378 692 3439 Nulli
720 3395 799 3455 ergo
834 3397 908 3441 om-

107 3474 204 3534 nium
227 3471 397 3534 hominum
419 3473 518 3536 liceat
540 3475 626 3536 hanc
650 3477 805 3552 paginam
829 3494 909 3539 nos-

107 3571 170 3632 trae
182 3569 643 3648 confirmationisinsringere,
656 3574 707 3634 rel
717 3573 747 3634 ei
759 3591 842 3635 ausu
853 3577 907 3636 te-

107 3667 257 3728 merarIo
273 3669 449 3730 contraire.
466 3669 588 3746 Siquis
604 3673 714 3732 autem
729 3671 791 3732 boc
806 3673 909 3733 atten-

107 3768 184 3827 tare
205 3768 463 3842 praesumpserit,
476 3767 736 3842 indignationem
757 3769 909 3846 omnipo·

105 3863 210 3924 tentis
229 3863 288 3924 Dei
308 3864 339 3924 et
354 3863 524 3924 beatorum
539 3865 628 3925 Petri
645 3867 676 3924 et
691 3865 785 3924 Pauli
802 3869 909 3941 Apos-

106 3959 256 4020 tolorum
272 3963 343 4036 ejus
359 3976 394 4022 se
409 3961 540 4021 noverit
552 3960 773 4022 incursurum.
789 3964 907 4024 Datum

105 4058 227 4117 Romae
247 4057 334 4132 apud
351 4061 383 4118 S.
401 4058 546 4128 Petrum,
563 4061 651 4118 XVII
664 4059 730 4118 kal.
743 4062 904 4136 januarii,

57 4171 61 4177 ·
105 4153 322 4230 pontificatus
337 4155 442 4254 nostri
457 4171 545 4218 anno
566 4155 682 4234 primo.

473 4371 542 4456 CII

289 4567 340 4626 Ad
354 4567 561 4628 abbatissam
579 4569 724 4628 Jattam.

403 4678 513 4736 161100.
530 4680 607 4737 1116.

212 4792 358 4856 [Wilmcns.
370 4794 560 4843 WestiaIIsclres
570 4795 784 4846 Urlrundenbuclr.

357 4875 402 4924 lib.
418 4873 459 4930 ΙΙΙ,
472 4889 497 4939 p.
510 4875 552 4934 50,
565 4889 591 4924 n.
604 4875 656 4939 67].

96 5009 263 5069 Confirmat
276 5007 516 5065 obbatissmluttre
527 5007 652 5064 decimas
664 5025 734 5080 quas
748 5010 849 5066 nobilis
861 5011 904 5067 rir

138 5099 257 5166 Simon,
274 5111 371 5154 coines
390 5095 425 5154 do
443 5094 647 5153 tekeneburch
669 5106 696 5153 et
720 5099 836 5170 quidam
856 5099 903 5156 alii

137 5188 238 5258 longis
254 5185 400 5244 retroacds
418 5183 594 5256 temporibus
615 5193 777 5255 tenuerunt,
803 5187 838 5244 de
859 5203 903 5244 as-

137 5289 229 5331 sensu
249 5273 403 5330 diaecesani
418 5273 544 5346 episcopi
557 5279 585 5328 ct
598 5273 713 5344 capituli
728 5275 771 5330 sui
787 5289 901 5332 monas·

138 5365 215 5420 torio
232 5371 282 5420 tuo
294 5364 421 5420 collatas.

142 5489 315 5551 Honorius
344 5490 537 5566 episcopus,
579 5505 695 5550 servus
731 5505 903 5550 serrorum

98 5587 519 5670 Dei,‡dilectae*irr,fflrristo
534 5585 736 5658 1111001011εο,
754 5584 904 5649 abbatis-

1706 251 1776 344 aar

968 457 1014 502 sae
1029 441 1224 503 monasterii
1243 441 1278 502 in
1299 439 1410 512 Nudo,
1423 441 1564 502 salutern
1577 443 1610 502 et
1628 443 1763 520 aposto-

968 537 1066 598 licam
1078 537 1352 600 benedictionem.

1006 636 1110 696 Justis
1141 636 1324 712 petentium
1351 635 1526 698 desideriis
1548 635 1684 712 dignum
1712 637 1764 699 est

968 747 1027 792 nos
1056 731 1187 793 tacitam
1214 732 1365 810 praebere
1394 749 1582 804 assensum,
1613 734 1645 797 et
1673 735 1760 806 vota,

947 865 948 868 =
968 845 1072 905 quaee
1088 831 1228 891 rationis
1242 831 1375 892 tramite
1390 847 1457 892 uon
1479 830 1680 903 discordant,
1707 831 1761 892 el·

967 925 1054 988 lectu
1080 929 1301 1005 prosequente
1331 929 1507 1005 complere.
1539 931 1585 989 Ea
1614 929 1758 1005 propter,

967 1024 1087 1085 dilecta
1105 1025 1139 1085 in
1153 1026 1292 1086 Domino
1308 1025 1395 1096 tilia,
1411 1026 1478 1086 tuis
1490 1026 1591 1102 justis
1606 1026 1759 1102 precibus

967 1121 1129 1191 inclinati,
1147 1121 1302 1195 decimae,
1319 1139 1401 1200 quas
1425 1123 1546 1185 nobilis
1569 1124 1622 1184 rir
1647 1124 1760 1184 Simon

968 1234 1076 1279 comes
1091 1219 1373 1281 deTekenebnrch
1389 1221 1422 1281 et
1434 1219 1633 1296 quidamalii
1649 1220 1759 1296 longis

967 1315 1139 1377 retroaeIIs
1151 1317 1351 1394 temporibus
1366 1319 1555 1389 tonuerunt,
1568 1317 1608 1378 de
1620 1334 1760 1379 assensu

967 1413 1146 1473 dioecesani
1178 1414 1323 1490 episcopi
1343 1415 1375 1475 et
1394 1414 1531 1490 capituli
1546 1415 1599 1474 sui
1621 1431 1759 1476 monas-

967 1510 1050 1570 terio
1071 1511 1128 1571 tuo
1150 1511 1299 1581 collatas,
1323 1510 1409 1571 sicut
1432 1525 1489 1571 eas
1505 1512 1595 1588 juste
1611 1513 1760 1587 possides

966 1609 999 1669 et
1019 1608 1129 1684 quiete
1150 1623 1189 1668 ac
1208 1608 1243 1669 in
1267 1608 1371 1684 ipsius
1396 1608 1542 1684 episcopi
1571 1609 1760 1671 authentico

967 1706 1163 1777 continetur,
1184 1705 1244 1766 tibi
1270 1705 1302 1766 et
1317 1721 1376 1784 per
1389 1707 1422 1768 te
1438 1705 1575 1783 praefato
1591 1707 1761 1768 monaste·

966 1803 1016 1862 rio
1043 1803 1239 1864 auctoritate
1261 1803 1450 1880 Apostolica
1468 1803 1713 1875 confirmamus,
1730 1805 1763 1865 et

967 1901 1139 1976 praesentis
1159 1900 1273 1975 scripti
1298 1900 1482 1976 patrocimo
1502 1902 1759 1961 communimus.

965 1997 1056 2056 Nulli
1083 2013 1161 2072 ergo
1191 1997 1325 2058 omnino
1353 1997 1523 2057 hominum
1547 1997 1646 2060 liceat
1674 1999 1761 2058 hano

965 2096 1121 2171 paginam
1139 2097 1261 2156 nostrae
1281 2094 1544 2155 confirmationis
1563 2093 1758 2170 intringere,

965 2193 1016 2254 rel
1040 2193 1072 2253 ei
1097 2208 1180 2252 ausu
1217 2191 1395 2253 temerario
1429 2192 1605 2253 contraire.
1631 2193 1665 2252 Si
1686 2191 1760 2269 quis

966 2291 1075 2352 autern
1099 2290 1161 2350 hoo
1190 2290 1353 2351 attentare
1379 2289 1642 2366 presumpserit,
1667 2289 1759 2350 indi-

965 2387 1155 2461 gnatiouem
1178 2387 1238 2447 Dei
1263 2386 1499 2462 omnipotentis
1528 2389 1561 2448 et
1586 2385 1759 2447 beatorum

966 2483 1055 2545 Petri
1071 2486 1104 2546 et
1117 2483 1214 2544 Pauli
1233 2483 1464 2559 Apostolorum
1477 2486 1549 2558 ejus
1571 2499 1607 2542 se
1631 2485 1761 2546 noverit

964 2583 1188 2643 incursurum.
1213 2582 1332 2642 Datum
1357 2583 1469 2640 Itomae
1498 2580 1584 2656 apud
1608 2582 1764 2642 Sanctum

966 2681 1110 2750 Petrum,
1136 2680 1226 2739 XVII
1248 2677 1417 2739 kalendas
1435 2677 1602 2754 januarii,
1633 2677 1766 2754 pontiti-

965 2777 1058 2838 catus
1073 2776 1178 2838 nostri
1196 2790 1283 2836 anno
1298 2775 1418 2852 primo,

1319 2989 1410 3075 CIII

1121 3189 1174 3246 Ait
1190 3189 1376 3263 burgenses
1390 3187 1431 3246 da
1445 3187 1596 3256 stipata.

1264 3299 1297 3354 16
1312 3295 1374 3353 dec.
1393 3297 1471 3354 tara.

964 3421 1151 3486 [Bibliothbque
1164 3422 1195 3472 de
1209 3421 1295 3471 I'e'cole
1313 3421 1358 3469 das
1379 3421 1488 3478 chortes,
1503 3417 1545 3468 l9⁰
1565 3417 1672 3475 an.‚ll'⁰
1685 3417 1757 3475 stria,

1217 3499 1375 3558 1866111,
1394 3513 1418 3562 p.
1436 3498 1499 3561 168].

963 3641 1157 3716 burgensibus
1183 3641 1219 3699 de
1259 3639 1376 3712 Rupella
1409 3640 1535 3708 intimat,
1561 3653 1756 3712 quoscumque

998 3745 1097 3788 eorum
1121 3732 1169 3802 qui
1192 3737 1307 3802 propter
1327 3729 1406 3786 varia
1425 3727 1629 3799 impedimenta
1649 3728 1678 3784 iu
1694 3742 1756 3800 per·

997 3822 1076 3877 sonis
1095 3819 1216 3892 propriis
1235 3817 1375 3892 proticisci
1393 3831 1450 3874 nou
1475 3817 1585 3888 possint
1613 3817 1642 3872 in
1661 3815 1754 3874 subsi-

998 3909 1074 3966 dium
1090 3907 1313 3975 TerraeSancte,
1326 3922 1376 3978 pro
1392 3921 1423 3962 sc
1439 3913 1533 3962 autern
1554 3911 1582 3961 et
1596 3906 1624 3960 in
1640 3908 1699 3962 suis
1708 3920 1755 3961 ex·

998 3997 1094 4070 pensis
1107 3997 1141 4054 ad
1156 3995 1283 4069 ejuslem
1297 3997 1389 4052 Terrae
1401 4009 1568 4052 succursum
1581 3995 1658 4052 viros
1667 4001 1757 4050 tmus-

997 4087 1109 4144 mittere
1119 4085 1269 4142 belticosos
1290 4083 1468 4151 destinarint,
1489 4082 1524 4138 do
1549 4083 1622 4139 sacri
1642 4083 1755 4138 concilii

996 4176 1182 4232 concessione
1191 4175 1304 4245 plenam
1316 4187 1432 4229 suorum
1444 4178 1625 4242 peccatorum
1640 4171 1754 4226 veniam

996 4263 1160 4321 obtenturos
1175 4277 1249 4318 esse.

1000 4407 1166 4468 Honorius
1175 4405 1360 4482 epscopus,
1371 4417 1486 4463 servus
1495 4415 1666 4462 servorum
1681 4400 1752 4474 Dei,

959 4503 1179 4590 brugensibus
1194 4503 1234 4564 de
1250 4501 1401 4578 Rupella,
1411 4501 1551 4562 salutem
1568 4500 1601 4559 et
1615 4499 1753 4575 aposto-

959 4604 1058 4664 licam
1073 4600 1348 4663 benedictionem.

999 4702 1048 4762 nd
1065 4701 1211 4761 nostram
1229 4697 1389 4760 noveritis
1406 4693 1610 4756 audientiam
1632 4709 1754 4770 perre-

959 4799 1048 4859 nisse
1071 4797 1157 4876 qued
1185 4796 1318 4873 quidam
1345 4797 1507 4866 restrum,
1539 4793 1594 4869 qui
1620 4793 1754 4868 propter

958 4897 1052 4957 raria
1066 4895 1300 4972 impedimenta
1314 4891 1349 4950 in
1361 4892 1510 4966 personis
1526 4889 1669 4966 propriis
1680 4905 1754 4964 pro-

960 4994 1063 5056 ticisci
1089 5007 1156 5052 uon
1194 4987 1332 5066 possunt
1368 4988 1403 5046 in
1431 4987 1615 5048 subsidium
1642 4987 1753 5044 Terrae

960 5092 1101 5160 Sancta,
1118 5104 1178 5164 pro
1194 5104 1228 5146 se
1243 5083 1473 5160 disponuntad
1490 5083 1637 5159 ejusdem
1655 5083 1752 5142 terrm

959 5202 1152 5250 succursum
1167 5185 1257 5245 riros
1278 5181 1501 5243 transmittere
1516 5179 1702 5250 bellicosos,
1719 5178 1755 5238 nt
1858 5203 1861 5210 ·

959 5283 1200 5360 indulgentiam
1240 5277 1478 5353 crucesignatis
1524 5273 1753 5354 (concessam)

959 5384 1093 5446 valeant
1114 5380 1273 5442 obtinere.
1294 5377 1449 5438 Volentes
1471 5374 1574 5449 igItur
1596 5374 1630 5434 ut
1655 5389 1754 5448 super

959 5483 1021 5542 boc
1045 5498 1102 5559 per
1120 5495 1180 5540 nos
1209 5473 1397 5538 reddamini
1424 5473 1595 5544 certiores,
1611 5487 1754 5548 praesen·

953 5581 1046 5666 *tibus
1073 5577 1192 5640 litteris
1218 5575 1311 5638 robis
1350 5571 1504 5633 duximus
1532 5570 1752 5632 intimandum
