4214 6400
926 305 1102 370 HONORII
1123 308 1168 370 111
1194 307 1342 370 OPERX.

309 715 362 776 Ad
380 715 575 788 episcopum
593 714 627 775 et
645 714 876 790 rnopntncm..
904 718 1107 777 concentorem

594 813 816 888 Apatnenscs.

611 924 706 982 31100.
725 925 803 982 lato.

430 1056 562 1120 [Analecta
569 1057 635 1122 juris
646 1057 776 1108 Pontiticii
787 1056 820 1108 ad
829 1071 892 1109 ann.
903 1057 987 1122 11111

310 1171 453 1244 Episcopo
467 1179 495 1230 et
507 1172 644 1244 magistro
658 1175 684 1231 J.
704 1173 843 1230 canonico
859 1172 1021 1247 Agatbensi
1030 1186 1107 1230 nran-

346 1259 408 1330 dat,
423 1267 454 1316 ut
478 1275 563 1332 super
582 1261 727 1318 ordinibus
743 1261 803 1333 jam
827 1263 968 1334 susceptis
993 1269 1022 1320 et
1044 1261 1109 1320 aliis

346 1348 536 1421 suscipiendis
550 1349 716 1422 dispensent
727 1351 760 1408 G.
773 1349 947 1408 monachum
960 1352 988 1408 S.
1003 1350 1106 1408 Pontii.

353 1493 532 1566 Honorius,
545 1493 624 1564 eto,
633 1493 819 1555 venerabili
832 1493 928 1556 tratri
943 1494 1107 1572 episcope,

312 1591 346 1653 et
366 1591 487 1653 dilecto
515 1591 585 1653 tilio
612 1591 808 1669 magistro...
835 1593 995 1654 canonico
1016 1595 1109 1668 Aga-

310 1688 434 1750 thensi.

353 1787 511 1848 Porreota
525 1785 621 1849 nobis
636 1791 673 1850 G.
696 1788 851 1851 monachi
867 1789 979 1850 Sancti
1000 1786 1111 1850 Pontii

313 1883 430 1959 petitio
451 1884 616 1961 patefecit,
640 1886 726 1962 quod
751 1901 825 1948 cum
850 1886 928 1948 olim
942 1885 1030 1946 inira
1045 1901 1110 1947 an-

316 1994 397 2040 num
420 1980 570 2055 quintum
585 1981 748 2044 decimum
763 1997 881 2044 manus
906 1983 1060 2062 injiciens
1077 1982 1110 2042 in

316 2075 456 2138 clericos
471 2078 645 2152 violentas,
661 2080 697 2141 in
712 2095 873 2141 canonem
888 2080 964 2142 latae
980 2082 1114 2142 senten-

315 2175 371 2237 tiae
387 2175 579 2252 incidissot;
594 2177 800 2254 postmodum
815 2177 905 2257 juris
918 2179 1066 2254 ignarus
1081 2177 1114 2239 et

315 2272 438 2334 tactum
452 2277 691 2348 nonrecolens‚
704 2279 881 2353 antequam
893 2275 1112 2337 absolutionis

317 2369 514 2433 beneficium
539 2372 711 2446 obtineret,
738 2390 773 2435 se
795 2373 835 2435 ad
854 2390 966 2436 sacros
980 2374 1113 2436 ordines

317 2467 396 2532 iecit
410 2470 607 2546 promoveri.
635 2472 732 2532 Nuno
756 2473 866 2534 autern
881 2487 941 2550 per
955 2471 1113 2550 quostiam

317 2565 408 2628 viros
448 2567 608 2630 discretos
645 2567 843 2645 ignorantiae
883 2585 952 2631 suae
994 2569 1113 2631 delicto

318 2665 701 2743 compectmasus'oeptis
713 2667 761 2729 sic
771 2666 943 2729 ordinibus
954 2666 1115 2730 abstinuit

318 2763 522 2835 reverenter,
550 2762 741 2841 supplicans
767 2762 863 2826 nobis
887 2764 1058 2827 humiliter
1082 2765 1116 2827 et

319 2859 452 2932 devote,
477 2859 514 2921 ut
538 2876 613 2922 cum
636 2877 675 2923 eo
698 2861 874 2939 superbis
901 2861 1116 2938 dignaremur

252 3033 253 3038 ἵ
320 2956 582 3019 misericorditer
602 2957 806 3035 dispensare.
823 2959 916 3020 lllius
938 2959 1041 3036 igitur
1059 2960 1115 3022 vi-

320 3067 392 3114 cem
413 3053 565 3130 gerentes
589 3053 624 3114 10
644 3054 755 3128 terris,
772 3058 866 3134 cujus
886 3057 1115 3118 miserationes

321 3151 543 3227 superomnia
554 3167 653 3228 opera
667 3153 743 3215 sunt
753 3154 911 3231 eJusdem,
925 3153 1115 3215 discretioni

320 3250 441 3311 vestrae
467 3263 526 3326 per
551 3251 732 3327 apostolica
759 3251 881 3329 scripta
907 3251 1114 3324 mandamus,

322 3347 486 3424 quatenus
507 3348 656 3425 injuncta
680 3349 743 3410 sibi
765 3349 959 3426 poenitentia
979 3366 1115 3427 compe-

321 3445 415 3518 tenti,
429 3461 516 3519 eum,
540 3439 568 3506 s'i
586 3446 672 3507 nibil
697 3447 787 3507 aliud
812 3444 924 3509 obviat
942 3446 982 3508 de
1015 3463 1119 3509 0000-

322 3543 409 3604 01010
442 3543 618 3616 institutis,
646 3545 843 3607 auctoritate
875 3544 987 3606 nostra
1016 3561 1116 3622 supra

324 3641 485 3718 susceptis
501 3642 549 3702 sic
568 3641 751 3714 ordinibus,
765 3642 797 3703 ot
812 3641 1033 3719 suscipiendis
1049 3643 1116 3703 mi-

323 3738 536 3799 sericorditer
548 3737 756 3815 dispensetis.
771 3741 890 3802 Datum
903 3743 1015 3802 Romae
1030 3739 1117 3817 apud

324 3836 358 3896 S.
384 3835 530 3905 Petrum,
546 3837 592 3895 ΙΙΙ
607 3850 713 3895 00000
734 3834 928 3908 decembris,
944 3836 1116 3915 pontifica-

323 3933 378 3994 tus
392 3931 498 3993 nostri
513 3947 602 3994 0000
617 3933 736 4010 primo.

641 4155 801 4243 LXXXI

323 4337 379 4396 Ad
414 4334 574 4396 concitent
604 4337 811 4407 Penebroclr,
848 4335 1119 4396 marescotcbum

652 4435 794 4509 Anplioe.

625 4543 816 4601 31001116.

419 4667 528 4731 [lisgsst.
538 4666 585 4717 lib.
591 4665 610 4725 1,
621 4667 695 4731 epist.
701 4667 741 4717 81.
751 4667 788 4717 La
801 4665 874 4718 Porta
886 4665 920 4716 du
934 4664 1028 4730 Tbsil.]

325 4802 460 4859 Hortatur
477 4807 509 4859 ut
523 4799 698 4858 infidelitate
711 4799 789 4873 regia
813 4798 931 4856 tirmiter
945 4805 1118 4872 perseveret.

331 4987 335 4994 .
363 4937 543 5011 Honorius,
559 4937 634 5009 etc,
648 4935 767 4998 dilecto
780 4934 849 4998 filio
865 4934 967 4996 nobili
979 4935 1052 4997 viro
1065 4937 1119 4996 W,

323 5037 436 5101 comiti
460 5035 656 5108 Pembrock,
671 5034 896 5096 marescalcho
909 5033 1049 5111 Angliae,
1066 5049 1122 5094 sa-

323 5133 439 5203 lutem,
455 5133 517 5194 etc.

364 5234 500 5294 Gratum
517 5231 675 5307 gerimus,
689 5229 723 5291 et
737 5228 918 5305 acceptum,
935 5227 1021 5306 quod
1037 5226 1122 5288 sicut

323 5330 377 5391 vir
391 5329 547 5391 constans
562 5331 596 5390 et
610 5326 833 5399 strenuus,in
855 5325 1013 5387 fidelitate
1028 5324 1121 5400 regia

325 5426 465 5488 tirmiter
485 5441 720 5504 perseverans,
742 5424 802 5485 tibi
824 5423 955 5486 titulum
976 5422 1122 5498 ingentis

324 5523 434 5585 laudis
457 5524 654 5600 acquirens,
675 5522 818 5585 viriliter
844 5520 997 5582 restitisti
1020 5518 1122 5596 regiis

324 5621 482 5684 inimicis.
498 5624 622 5683 Verum
637 5621 716 5700 quia
731 5619 808 5682 finis
826 5635 892 5682 non
909 5631 1018 5696 pugna
1032 5631 1124 5680 coro·

1900 307 2078 398 108ss

1160 467 1228 540 nat,
1243 467 1321 529 lioet
1338 481 1398 530 rex
1413 465 1501 528 viam
1525 465 1569 528 sit
1590 465 1756 528 universae
1772 465 1887 530 carnis
1901 469 1957 528 in·
2077 511 2078 520 .

1160 581 1305 642 gressus,
1332 565 1410 642 quia
1432 566 1545 626 tamen
1571 563 1812 641 quodammodo
1825 565 1911 626 vivit
1924 567 1957 626 in
2076 555 2078 568 ’

1161 662 1250 733 tiliis,
1274 678 1356 741 quos
1378 661 1441 721 sibi
1462 659 1598 738 reliquit
1619 661 1825 737 superstites,
1843 661 1960 724 011100-

1161 760 1268 821 redes.
1290 759 1504 822 Nobilitatem
1527 759 1619 820 tuam
1643 774 1827 832 monemus,
1850 760 1883 821 et
1901 775 1960 821 er-

1160 857 1501 920 lrortamurattentius
1509 855 1758 933 perapostolica
1766 855 1827 918 tibi
1837 855 1960 934 scripta

1160 955 1368 1020 mandantes,
1380 954 1543 1032 quatenus
1555 954 1644 1016 circa
1654 955 1730 1015 illos
1744 969 1812 1016 non
1829 953 1961 1016 deficiat

1162 1051 1243 1112 tides
1257 1053 1325 1124 tua,
1343 1051 1400 1112 sed
1418 1053 1453 1112 in
1469 1067 1583 1113 eorum
1603 1052 1761 1113 fidelitate
1781 1051 1961 1112 immobilis

1161 1163 1370 1227 perseveres,
1391 1149 1427 1212 ut
1450 1165 1493 1210 ex
1513 1149 1576 1212 boc
1597 1150 1629 1212 10
1654 1149 1776 1210 divinae
1794 1149 1959 1226 majestati

1162 1246 1282 1308 reddas
1305 1248 1487 1323 acceptum,
1506 1247 1541 1309 01
1566 1247 1754 1309 constantia
1775 1247 1845 1318 tua,
1865 1247 1958 1324 quasi

1163 1361 1281 1406 aurum
1294 1345 1380 1422 quod
1393 1345 1574 1422 perignem
1586 1344 1756 1423 probatur,
1768 1343 1958 1406 bominibus

1164 1443 1340 1511 elucescat,
1363 1457 1586 1520 magnumque
1612 1442 1717 1504 facias
1739 1441 1802 1503 tibi
1825 1457 1956 1503 nomen.

1164 1540 1282 1601 Datum
1302 1542 1415 1602 Romae
1428 1540 1514 1617 apud
1531 1542 1564 1600 S.
1581 1540 1726 1612 Petrum,
1742 1541 1842 1603 tertio
1857 1555 1959 1602 nonas

1164 1636 1359 1710 decembris,
1374 1637 1586 1714 pontificatus
1608 1637 1713 1700 nostri
1735 1653 1825 1699 anno
1842 1637 1958 1715 primo.

1165 1792 1208 1851 In
1223 1791 1385 1850 eumdum
1398 1791 1540 1851 modum
1548 1786 1659 1851 Nobili
1670 1789 1742 1850 viro
1752 1787 1910 1850 savarico
1922 1787 1961 1848 de

1166 1886 1363 1947 Maloleone.

1206 1985 1291 2044 Item
1303 1982 1415 2044 Nobili
1429 1983 1503 2046 viro
1517 1983 1628 2046 comiti
1643 1983 1683 2046 de
1699 1981 1901 2046 1000101110.

1205 2081 1295 2143 Item
1310 2079 1421 2142 Nobili
1435 2082 1508 2143 niro
1523 2081 1636 2144 comiti
1648 2083 1836 2143 Guarenen.

1205 2178 1296 2239 Item
1307 2178 1419 2239 Nobili
1434 2180 1506 2240 viro
1523 2178 1669 2240 Huberto
1685 2178 1728 2240 de
1742 2179 1853 2254 Burgo
1864 2175 1964 2255 10011-

1166 2273 1268 2337 tiario
1280 2275 1424 2352 angliae.

1477 2444 1654 2532 LXXXH

1277 2625 1329 2685 Ad
1349 2623 1537 2696 capitulum
1556 2623 1854 2686 Beneventanum.

1468 2737 1486 2794 3
1504 2736 1662 2796 1001116.

1285 2877 1417 2944 [Analecta
1425 2879 1491 2944 juris
1503 2879 1631 2930 Pontidcii
1645 2879 1677 2930 ad
1689 2891 1749 2928 ann.
1762 2877 1845 2940 1111]Ι

1169 3015 1298 3073 Castrum
1311 3013 1459 3087 Cepparon
1473 3028 1538 3072 cum
1555 3013 1687 3071 omnibus
1693 3012 1872 3087 pertinentiis
1884 3013 1963 3086 capi-

1452 3103 1511 3161 tulo
1521 3101 1680 3171 oontlrmat.

1210 3229 1389 3299 Honorius,
1406 3229 1481 3300 010,
1499 3229 1643 3307 capitulo
1657 3227 1905 3291 Beneventano.

1209 3327 1315 3390 lustis
1341 3327 1539 3404 petentium,
1566 3327 1648 3397 eto,
1677 3341 1784 3400 usquc
1812 3341 1965 3387 assensu.

1171 3426 1322 3486 Castrum
1357 3424 1541 3501 cepparoni
1571 3439 1647 3484 cum
1676 3422 1829 3484 omnibus
1864 3423 1969 3501 perti-

1171 3522 1293 3584 nentiis
1306 3521 1338 3583 01
1350 3521 1537 3583 rationibus
1546 3522 1626 3593 suis,
1639 3520 1815 3583 sicutillud
1827 3519 1967 3581 ecclesia

1170 3619 1281 3682 vestra
1303 3619 1458 3696 possidet,
1482 3619 1515 3681 et
1535 3619 1655 3696 quiete,
1669 3617 1766 3679 robis
1783 3619 1816 3679 et
1836 3633 1895 3695 per
1908 3633 1967 3678 vos

1172 3717 1278 3778 eidem
1295 3717 1446 3778 ecelesiae
1470 3716 1667 3778 auctoritate
1680 3714 1869 3792 Apostolica
1887 3730 1968 3775 con-

1173 3815 1343 3876 firmamus
1367 3814 1401 3875 et
1425 3813 1599 3891 praesentis
1631 3812 1747 3890 scripti
1780 3813 1967 3890 patrocinio

1172 3911 1425 3974 communimus.
1443 3911 1534 3973 Nulli
1550 3925 1640 3986 erg0,
1659 3910 1734 3982 010,
1750 3911 1971 3972 000100000-

1173 4009 1459 4082 11000110010,010.
1487 4008 1522 4069 Si
1543 4007 1617 4085 quis
1641 4009 1837 4077 autemetc.
1851 4007 1968 4067 Datum

1173 4110 1285 4172 Romae
1298 4107 1383 4183 apud
1399 4108 1433 4167 S.
1444 4106 1589 4178 Petrum,
1601 4107 1647 4167 Ill
1657 4121 1765 4166 nonas
1773 4101 1968 4174 decembris,

1173 4204 1384 4283 pontificatus
1403 4203 1510 4266 nostri
1524 4219 1614 4266 anno
1628 4203 1747 4282 primo.

1470 4369 1671 4486 nnnnnr

1174 4583 1226 4644 Act
1252 4581 1523 4653 archiepiscopos
1548 4579 1582 4640 et
1600 4581 1774 4654 episcopos
1796 4579 1967 4638 Franctcc.

1470 4691 1569 4750 3100.
1592 4691 1670 4749 talo.

1230 4813 1338 4882 [liegest.
1349 4816 1394 4867 lib.
1407 4816 1429 4877 l,
1440 4816 1514 4880 epist.
1524 4815 1564 4866 79.
1574 4842 1607 4853 -
1616 4815 1743 4879 bouquet,
1758 4813 1861 4866 liecusil
1871 4812 1915 4864 des

1388 4896 1534 4954 historiens,
1545 4901 1566 4946 t.
1579 4895 1645 4956 iix,
1655 4911 1681 4960 p.
1690 4895 1758 4960 1111

1175 5014 1416 5086 Nemoratisquac
1431 5011 1466 5069 de
1485 5011 1603 5069 dissidio
1613 5012 1687 5070 circa
1703 5009 1868 5084 Campaniae
1880 5008 1965 5066 comi·

1211 5110 1301 5161 tatum
1318 5101 1501 5161 Innocentius
1518 5105 1545 5157 et
1563 5115 1611 5157 rex
1631 5100 1778 5172 Philippus
1797 5105 1962 5163 statuerunt,

1211 5191 1330 5250 mandat
1339 5192 1481 5249 Honorius
1491 5196 1522 5247 ut
1531 5188 1656 5247 Erardus
1667 5187 1703 5245 de
1714 5189 1804 5245 Brena
1818 5187 1964 5245 ecclesias-

1213 5283 1275 5340 ticis
1289 5288 1486 5353 compescatur
1497 5279 1636 5336 censuris.

1217 5417 1384 5480 Honorius
1428 5415 1602 5492 episcopus
1606 5457 1679 5486 ......
1724 5410 1964 5474 venerabilibus

1176 5515 1335 5578 tratribus
1366 5512 1626 5590 archiepiscopis
1655 5510 1687 5572 et
1718 5511 1880 5588 episcopis
1910 5521 1966 5585 per

1177 5631 1316 5690 regnum
1332 5612 1483 5675 Francia)
1497 5609 1683 5674 constitutis
1698 5609 1850 5681 salutem,
1866 5605 1927 5668 etc.
