<?xml version="1.0" encoding="UTF-8"?>
<!DOCTYPE html PUBLIC "-//W3C//DTD XHTML 1.0 Transitional//EN"
    "http://www.w3.org/TR/xhtml1/DTD/xhtml1-transitional.dtd">
<html xmlns="http://www.w3.org/1999/xhtml" xml:lang="en" lang="en">
 <head>
  <title>
</title>
<meta http-equiv="Content-Type" content="text/html;charset=utf-8" />
  <meta name='ocr-system' content='tesseract 3.04.00' />
  <meta name='ocr-capabilities' content='ocr_page ocr_carea ocr_par ocr_line ocrx_word'/>
</head>
<body>
  <div class='ocr_page' id='page_1' title='image "./mediiaevibiblio02unkngoog_0366.png"; bbox 0 0 4234 6408; ppageno 0'>
   <div class='ocr_carea' id='block_1_1' title="bbox 121 252 1862 329">
    <p class='ocr_par' dir='ltr' id='par_1_1' title="bbox 121 252 1862 329">
     <span class='ocr_line' id='line_1_1' title="bbox 121 252 1862 329; baseline -0.013 -2"><span class='ocrx_word' id='word_1_1' title='bbox 121 263 181 329; x_wconf 78' lang='lat' dir='ltr'><strong>aro</strong></span> <span class='ocrx_word' id='word_1_2' title='bbox 339 310 341 314; x_wconf 94' lang='lat'><strong>.</strong></span> <span class='ocrx_word' id='word_1_3' title='bbox 756 252 986 320; x_wconf 77' lang='lat' dir='ltr'><strong>srrsroum.</strong></span> <span class='ocrx_word' id='word_1_4' title='bbox 1010 255 1088 316; x_wconf 78' lang='lat' dir='ltr'><strong>urs.</strong></span> <span class='ocrx_word' id='word_1_5' title='bbox 1112 253 1137 316; x_wconf 90' lang='lat'><strong>1.</strong></span> <span class='ocrx_word' id='word_1_6' title='bbox 1711 260 1773 323; x_wconf 75' lang='lat'><strong>250</strong></span> <span class='ocrx_word' id='word_1_7' title='bbox 1861 259 1862 262; x_wconf 10' lang='grc' dir='ltr'><strong><em>κ</em></strong></span> 
     </span>
    </p>
   </div>
   <div class='ocr_carea' id='block_1_2' title="bbox 120 415 1776 3622">
    <p class='ocr_par' dir='ltr' id='par_1_2' title="bbox 120 415 1776 3580">
     <span class='ocr_line' id='line_1_2' title="bbox 122 415 1771 500; baseline -0.002 -14"><span class='ocrx_word' id='word_1_8' title='bbox 122 433 306 500; x_wconf 84' lang='lat' dir='ltr'><strong>ganearum</strong></span> <span class='ocrx_word' id='word_1_9' title='bbox 341 417 490 497; x_wconf 85' lang='lat' dir='ltr'><strong>ejusdem</strong></span> <span class='ocrx_word' id='word_1_10' title='bbox 528 416 678 480; x_wconf 78' lang='lat' dir='ltr'><strong>ecclesias</strong></span> <span class='ocrx_word' id='word_1_11' title='bbox 720 417 833 478; x_wconf 91' lang='lat' dir='ltr'><strong>nostro</strong></span> <span class='ocrx_word' id='word_1_12' title='bbox 868 419 919 479; x_wconf 90' lang='lat' dir='ltr'><strong>est</strong></span> <span class='ocrx_word' id='word_1_13' title='bbox 972 415 1213 478; x_wconf 92' lang='lat' dir='ltr'><strong>recordationis</strong></span> <span class='ocrx_word' id='word_1_14' title='bbox 1242 415 1428 477; x_wconf 87' lang='lat' dir='ltr'><strong>innocentii</strong></span> <span class='ocrx_word' id='word_1_15' title='bbox 1458 433 1552 494; x_wconf 81' lang='lat' dir='ltr'><strong>papae</strong></span> <span class='ocrx_word' id='word_1_16' title='bbox 1583 419 1771 496; x_wconf 76' lang='lat' dir='ltr'><strong>praedeces-</strong></span> 
     </span>
     <span class='ocr_line' id='line_1_3' title="bbox 122 513 1771 598; baseline -0.002 -16"><span class='ocrx_word' id='word_1_17' title='bbox 122 517 324 598; x_wconf 89' lang='lat' dir='ltr'><strong>apostolatui</strong></span> <span class='ocrx_word' id='word_1_18' title='bbox 353 515 549 587; x_wconf 89' lang='lat' dir='ltr'><strong>reseratum,</strong></span> <span class='ocrx_word' id='word_1_19' title='bbox 567 515 653 592; x_wconf 85' lang='lat' dir='ltr'><strong>quod</strong></span> <span class='ocrx_word' id='word_1_20' title='bbox 673 531 747 576; x_wconf 91' lang='lat' dir='ltr'><strong>cum</strong></span> <span class='ocrx_word' id='word_1_21' title='bbox 775 531 834 574; x_wconf 91' lang='lat' dir='ltr'><strong>nos</strong></span> <span class='ocrx_word' id='word_1_22' title='bbox 859 530 917 574; x_wconf 91' lang='lat' dir='ltr'><strong>re·</strong></span> <span class='ocrx_word' id='word_1_23' title='bbox 974 514 1060 576; x_wconf 87' lang='lat' dir='ltr'><strong>soris</strong></span> <span class='ocrx_word' id='word_1_24' title='bbox 1073 514 1178 574; x_wconf 81' lang='lat' dir='ltr'>nostri</span> <span class='ocrx_word' id='word_1_25' title='bbox 1194 513 1415 591; x_wconf 91' lang='lat' dir='ltr'><strong>episcopalem</strong></span> <span class='ocrx_word' id='word_1_26' title='bbox 1429 515 1650 592; x_wconf 82' lang='lat' dir='ltr'><strong>resignaverit</strong></span> <span class='ocrx_word' id='word_1_27' title='bbox 1664 517 1771 594; x_wconf 87' lang='lat' dir='ltr'><strong>digni-</strong></span> 
     </span>
     <span class='ocr_line' id='line_1_4' title="bbox 122 612 1770 695; baseline -0.001 -16"><span class='ocrx_word' id='word_1_28' title='bbox 122 612 917 695; x_wconf 85' lang='lat' dir='ltr'><strong>ceptacessioneMicbaelis‚qnondamArelaten.</strong></span> <span class='ocrx_word' id='word_1_29' title='bbox 973 612 1085 682; x_wconf 88' lang='lat' dir='ltr'><strong>tatem,</strong></span> <span class='ocrx_word' id='word_1_30' title='bbox 1096 627 1135 672; x_wconf 90' lang='lat' dir='ltr'><strong>ac</strong></span> <span class='ocrx_word' id='word_1_31' title='bbox 1146 612 1233 673; x_wconf 93' lang='lat' dir='ltr'><strong>idem</strong></span> <span class='ocrx_word' id='word_1_32' title='bbox 1245 612 1470 688; x_wconf 87' lang='lat' dir='ltr'><strong>praedecessor</strong></span> <span class='ocrx_word' id='word_1_33' title='bbox 1480 615 1664 676; x_wconf 90' lang='lat' dir='ltr'><strong>venerabili</strong></span> <span class='ocrx_word' id='word_1_34' title='bbox 1675 615 1770 677; x_wconf 86' lang='lat' dir='ltr'><strong>iratri</strong></span> 
     </span>
     <span class='ocr_line' id='line_1_5' title="bbox 123 709 1769 790; baseline -0.002 -12"><span class='ocrx_word' id='word_1_35' title='bbox 123 711 377 790; x_wconf 87' lang='lat' dir='ltr'><strong>archiepiscopi,</strong></span> <span class='ocrx_word' id='word_1_36' title='bbox 394 710 519 771; x_wconf 90' lang='lat' dir='ltr'><strong>eisdem</strong></span> <span class='ocrx_word' id='word_1_37' title='bbox 535 709 711 787; x_wconf 73' lang='lat' dir='ltr'><strong>praeposito</strong></span> <span class='ocrx_word' id='word_1_38' title='bbox 727 710 759 772; x_wconf 90' lang='lat' dir='ltr'><strong>et</strong></span> <span class='ocrx_word' id='word_1_39' title='bbox 773 710 918 786; x_wconf 90' lang='lat' dir='ltr'><strong>capitulo</strong></span> <span class='ocrx_word' id='word_1_40' title='bbox 974 709 1087 770; x_wconf 91' lang='lat' dir='ltr'><strong>nostro</strong></span> <span class='ocrx_word' id='word_1_41' title='bbox 1099 711 1236 770; x_wconf 89' lang='lat' dir='ltr'><strong>Trecen.</strong></span> <span class='ocrx_word' id='word_1_42' title='bbox 1252 710 1419 787; x_wconf 88' lang='lat' dir='ltr'><strong>episcopo,</strong></span> <span class='ocrx_word' id='word_1_43' title='bbox 1437 711 1469 772; x_wconf 87' lang='lat' dir='ltr'><strong>et</strong></span> <span class='ocrx_word' id='word_1_44' title='bbox 1488 711 1619 773; x_wconf 89' lang='lat' dir='ltr'><strong>dilectis</strong></span> <span class='ocrx_word' id='word_1_45' title='bbox 1636 713 1714 774; x_wconf 90' lang='lat' dir='ltr'><strong>liliis</strong></span> <span class='ocrx_word' id='word_1_46' title='bbox 1730 717 1769 775; x_wconf 90' lang='lat' dir='ltr'><strong>R.</strong></span> 
     </span>
     <span class='ocr_line' id='line_1_6' title="bbox 122 807 1771 888; baseline -0.001 -14"><span class='ocrx_word' id='word_1_47' title='bbox 122 813 311 874; x_wconf 84' lang='lat' dir='ltr'>dederimus</span> <span class='ocrx_word' id='word_1_48' title='bbox 337 809 372 869; x_wconf 95' lang='lat' dir='ltr'><strong>in</strong></span> <span class='ocrx_word' id='word_1_49' title='bbox 397 808 577 880; x_wconf 89' lang='lat' dir='ltr'><strong>mandatis,</strong></span> <span class='ocrx_word' id='word_1_50' title='bbox 606 809 642 869; x_wconf 93' lang='lat' dir='ltr'><strong>ut</strong></span> <span class='ocrx_word' id='word_1_51' title='bbox 664 808 814 869; x_wconf 89' lang='lat' dir='ltr'><strong>ecclesiae</strong></span> <span class='ocrx_word' id='word_1_52' title='bbox 844 823 918 867; x_wconf 89' lang='lat' dir='ltr'><strong>mc·</strong></span> <span class='ocrx_word' id='word_1_53' title='bbox 973 807 1060 868; x_wconf 90' lang='lat' dir='ltr'><strong>tituli</strong></span> <span class='ocrx_word' id='word_1_54' title='bbox 1080 809 1187 868; x_wconf 88' lang='lat' dir='ltr'><strong>sancti</strong></span> <span class='ocrx_word' id='word_1_55' title='bbox 1204 809 1363 884; x_wconf 85' lang='lat' dir='ltr'><strong>Stephani</strong></span> <span class='ocrx_word' id='word_1_56' title='bbox 1379 809 1413 868; x_wconf 94' lang='lat' dir='ltr'><strong>in</strong></span> <span class='ocrx_word' id='word_1_57' title='bbox 1429 810 1533 870; x_wconf 89' lang='lat' dir='ltr'><strong>Coelio</strong></span> <span class='ocrx_word' id='word_1_58' title='bbox 1551 813 1660 872; x_wconf 91' lang='lat' dir='ltr'><strong>monte</strong></span> <span class='ocrx_word' id='word_1_59' title='bbox 1676 827 1771 888; x_wconf 87' lang='lat' dir='ltr'><strong>pres-</strong></span> 
     </span>
     <span class='ocr_line' id='line_1_7' title="bbox 122 904 1770 984; baseline -0.001 -12"><span class='ocrx_word' id='word_1_60' title='bbox 122 911 260 972; x_wconf 82' lang='lat' dir='ltr'><strong>moratae</strong></span> <span class='ocrx_word' id='word_1_61' title='bbox 294 907 334 968; x_wconf 90' lang='lat' dir='ltr'><strong>de</strong></span> <span class='ocrx_word' id='word_1_62' title='bbox 369 921 512 983; x_wconf 88' lang='lat' dir='ltr'><strong>persona</strong></span> <span class='ocrx_word' id='word_1_63' title='bbox 545 905 681 977; x_wconf 91' lang='lat' dir='ltr'><strong>idonea,</strong></span> <span class='ocrx_word' id='word_1_64' title='bbox 718 921 791 983; x_wconf 85' lang='lat' dir='ltr'><strong>quae</strong></span> <span class='ocrx_word' id='word_1_65' title='bbox 827 904 919 966; x_wconf 90' lang='lat' dir='ltr'><strong>tanto</strong></span> <span class='ocrx_word' id='word_1_66' title='bbox 973 904 1088 980; x_wconf 80' lang='lat' dir='ltr'><strong>hytero</strong></span> <span class='ocrx_word' id='word_1_67' title='bbox 1115 906 1289 978; x_wconf 83' lang='lat' dir='ltr'>cardinali,</span> <span class='ocrx_word' id='word_1_68' title='bbox 1326 907 1404 968; x_wconf 87' lang='lat' dir='ltr'><strong>tuno</strong></span> <span class='ocrx_word' id='word_1_69' title='bbox 1439 907 1638 984; x_wconf 72' lang='lat' dir='ltr'><strong>spostolicae</strong></span> <span class='ocrx_word' id='word_1_70' title='bbox 1675 909 1770 970; x_wconf 88' lang='lat' dir='ltr'><strong>Sedis</strong></span> 
     </span>
     <span class='ocr_line' id='line_1_8' title="bbox 123 1003 1772 1084; baseline -0.001 -14"><span class='ocrx_word' id='word_1_71' title='bbox 123 1005 319 1084; x_wconf 76' lang='lat' dir='ltr'><strong>congrueret</strong></span> <span class='ocrx_word' id='word_1_72' title='bbox 343 1004 438 1066; x_wconf 90' lang='lat' dir='ltr'><strong>oneri</strong></span> <span class='ocrx_word' id='word_1_73' title='bbox 461 1005 493 1065; x_wconf 91' lang='lat' dir='ltr'><strong>et</strong></span> <span class='ocrx_word' id='word_1_74' title='bbox 514 1004 645 1076; x_wconf 90' lang='lat' dir='ltr'><strong>honori,</strong></span> <span class='ocrx_word' id='word_1_75' title='bbox 661 1004 821 1064; x_wconf 90' lang='lat' dir='ltr'><strong>canonice</strong></span> <span class='ocrx_word' id='word_1_76' title='bbox 835 1018 917 1081; x_wconf 90' lang='lat' dir='ltr'><strong>pro·</strong></span> <span class='ocrx_word' id='word_1_77' title='bbox 974 1003 1094 1077; x_wconf 88' lang='lat' dir='ltr'><strong>legato,</strong></span> <span class='ocrx_word' id='word_1_78' title='bbox 1108 1007 1141 1065; x_wconf 93' lang='lat' dir='ltr'><strong>et</strong></span> <span class='ocrx_word' id='word_1_79' title='bbox 1160 1005 1199 1064; x_wconf 90' lang='lat' dir='ltr'><strong>H.</strong></span> <span class='ocrx_word' id='word_1_80' title='bbox 1221 1004 1457 1066; x_wconf 86' lang='lat' dir='ltr'><strong>archidiacono</strong></span> <span class='ocrx_word' id='word_1_81' title='bbox 1482 1009 1618 1066; x_wconf 89' lang='lat' dir='ltr'><strong>Remen.</strong></span> <span class='ocrx_word' id='word_1_82' title='bbox 1644 1006 1772 1069; x_wconf 84' lang='lat' dir='ltr'><strong>dederit</strong></span> 
     </span>
     <span class='ocr_line' id='line_1_9' title="bbox 121 1101 1774 1180; baseline -0.001 -13"><span class='ocrx_word' id='word_1_83' title='bbox 121 1105 271 1169; x_wconf 91' lang='lat' dir='ltr'><strong>viderent</strong></span> <span class='ocrx_word' id='word_1_84' title='bbox 292 1123 299 1162; x_wconf 92' lang='lat'><strong>:</strong></span> <span class='ocrx_word' id='word_1_85' title='bbox 322 1103 387 1180; x_wconf 89' lang='lat' dir='ltr'><strong>ipsi</strong></span> <span class='ocrx_word' id='word_1_86' title='bbox 407 1101 642 1162; x_wconf 90' lang='lat' dir='ltr'><strong>convenientes</strong></span> <span class='ocrx_word' id='word_1_87' title='bbox 666 1102 701 1161; x_wconf 91' lang='lat' dir='ltr'><strong>in</strong></span> <span class='ocrx_word' id='word_1_88' title='bbox 725 1117 843 1173; x_wconf 89' lang='lat' dir='ltr'><strong>unum,</strong></span> <span class='ocrx_word' id='word_1_89' title='bbox 860 1118 919 1162; x_wconf 91' lang='lat' dir='ltr'><strong>ve·</strong></span> <span class='ocrx_word' id='word_1_90' title='bbox 974 1101 1008 1161; x_wconf 92' lang='lat' dir='ltr'><strong>in</strong></span> <span class='ocrx_word' id='word_1_91' title='bbox 1024 1102 1200 1174; x_wconf 91' lang='lat' dir='ltr'><strong>mandatis,</strong></span> <span class='ocrx_word' id='word_1_92' title='bbox 1218 1103 1254 1163; x_wconf 93' lang='lat' dir='ltr'><strong>ut</strong></span> <span class='ocrx_word' id='word_1_93' title='bbox 1268 1102 1375 1164; x_wconf 91' lang='lat' dir='ltr'><strong>eidem</strong></span> <span class='ocrx_word' id='word_1_94' title='bbox 1394 1103 1492 1179; x_wconf 84' lang='lat' dir='ltr'><strong>juxta</strong></span> <span class='ocrx_word' id='word_1_95' title='bbox 1513 1103 1687 1165; x_wconf 79' lang='lat' dir='ltr'><strong>facultates</strong></span> <span class='ocrx_word' id='word_1_96' title='bbox 1709 1107 1774 1165; x_wconf 87' lang='lat' dir='ltr'><strong>Ca-</strong></span> 
     </span>
     <span class='ocr_line' id='line_1_10' title="bbox 122 1199 1771 1276; baseline -0.001 -12"><span class='ocrx_word' id='word_1_97' title='bbox 122 1201 305 1264; x_wconf 89' lang='lat' dir='ltr'><strong>nerabilem</strong></span> <span class='ocrx_word' id='word_1_98' title='bbox 325 1199 463 1260; x_wconf 86' lang='lat' dir='ltr'><strong>fratrem</strong></span> <span class='ocrx_word' id='word_1_99' title='bbox 485 1199 635 1259; x_wconf 88' lang='lat' dir='ltr'><strong>nostrum</strong></span> <span class='ocrx_word' id='word_1_100' title='bbox 654 1201 827 1275; x_wconf 88' lang='lat' dir='ltr'><strong>Hugonem</strong></span> <span class='ocrx_word' id='word_1_101' title='bbox 846 1201 917 1259; x_wconf 90' lang='lat' dir='ltr'><strong>Va·</strong></span> <span class='ocrx_word' id='word_1_102' title='bbox 972 1199 1141 1260; x_wconf 90' lang='lat' dir='ltr'><strong>talaunen.</strong></span> <span class='ocrx_word' id='word_1_103' title='bbox 1170 1199 1380 1276; x_wconf 85' lang='lat' dir='ltr'><strong>episcopatus</strong></span> <span class='ocrx_word' id='word_1_104' title='bbox 1404 1202 1439 1262; x_wconf 91' lang='lat' dir='ltr'><strong>in</strong></span> <span class='ocrx_word' id='word_1_105' title='bbox 1465 1202 1544 1263; x_wconf 87' lang='lat' dir='ltr'><strong>vitae</strong></span> <span class='ocrx_word' id='word_1_106' title='bbox 1571 1203 1771 1263; x_wconf 89' lang='lat' dir='ltr'><strong>necessariis</strong></span> 
     </span>
     <span class='ocr_line' id='line_1_11' title="bbox 122 1297 1772 1378; baseline 0 -18"><span class='ocrx_word' id='word_1_107' title='bbox 122 1301 253 1378; x_wconf 82' lang='lat' dir='ltr'><strong>pinnen.</strong></span> <span class='ocrx_word' id='word_1_108' title='bbox 291 1297 498 1374; x_wconf 88' lang='lat' dir='ltr'><strong>episcopum,</strong></span> <span class='ocrx_word' id='word_1_109' title='bbox 528 1297 653 1369; x_wconf 92' lang='lat' dir='ltr'><strong>virum,</strong></span> <span class='ocrx_word' id='word_1_110' title='bbox 684 1297 720 1357; x_wconf 87' lang='lat' dir='ltr'><strong>ut</strong></span> <span class='ocrx_word' id='word_1_111' title='bbox 748 1297 916 1370; x_wconf 92' lang='lat' dir='ltr'><strong>asserunt,</strong></span> <span class='ocrx_word' id='word_1_112' title='bbox 973 1297 1141 1374; x_wconf 89' lang='lat' dir='ltr'><strong>provideri</strong></span> <span class='ocrx_word' id='word_1_113' title='bbox 1176 1297 1325 1360; x_wconf 88' lang='lat' dir='ltr'><strong>lacerent</strong></span> <span class='ocrx_word' id='word_1_114' title='bbox 1359 1299 1545 1372; x_wconf 88' lang='lat' dir='ltr'><strong>moderate,</strong></span> <span class='ocrx_word' id='word_1_115' title='bbox 1583 1299 1772 1377; x_wconf 85' lang='lat' dir='ltr'><strong>provisores</strong></span> 
     </span>
     <span class='ocr_line' id='line_1_12' title="bbox 122 1393 1769 1471; baseline -0.001 -12"><span class='ocrx_word' id='word_1_116' title='bbox 122 1399 303 1460; x_wconf 88' lang='lat' dir='ltr'><strong>litteratum</strong></span> <span class='ocrx_word' id='word_1_117' title='bbox 340 1399 372 1457; x_wconf 90' lang='lat' dir='ltr'><strong>et</strong></span> <span class='ocrx_word' id='word_1_118' title='bbox 407 1393 581 1471; x_wconf 90' lang='lat' dir='ltr'><strong>providum</strong></span> <span class='ocrx_word' id='word_1_119' title='bbox 623 1394 765 1471; x_wconf 90' lang='lat' dir='ltr'><strong>Spiritus</strong></span> <span class='ocrx_word' id='word_1_120' title='bbox 806 1393 918 1455; x_wconf 88' lang='lat' dir='ltr'><strong>Sancti</strong></span> <span class='ocrx_word' id='word_1_121' title='bbox 974 1395 1038 1471; x_wconf 87' lang='lat' dir='ltr'><strong>ipsi</strong></span> <span class='ocrx_word' id='word_1_122' title='bbox 1067 1411 1132 1454; x_wconf 91' lang='lat' dir='ltr'><strong>non</strong></span> <span class='ocrx_word' id='word_1_123' title='bbox 1159 1395 1366 1456; x_wconf 89' lang='lat' dir='ltr'><strong>attendentes</strong></span> <span class='ocrx_word' id='word_1_124' title='bbox 1393 1396 1617 1458; x_wconf 88' lang='lat' dir='ltr'><strong>sollicitudine</strong></span> <span class='ocrx_word' id='word_1_125' title='bbox 1646 1397 1769 1470; x_wconf 91' lang='lat' dir='ltr'><strong>debita,</strong></span> 
     </span>
     <span class='ocr_line' id='line_1_13' title="bbox 121 1491 1771 1572; baseline -0.001 -16"><span class='ocrx_word' id='word_1_126' title='bbox 121 1495 228 1572; x_wconf 88' lang='lat' dir='ltr'><strong>gratia</strong></span> <span class='ocrx_word' id='word_1_127' title='bbox 243 1493 407 1564; x_wconf 88' lang='lat' dir='ltr'><strong>invocata,</strong></span> <span class='ocrx_word' id='word_1_128' title='bbox 425 1491 488 1552; x_wconf 90' lang='lat' dir='ltr'><strong>sibi</strong></span> <span class='ocrx_word' id='word_1_129' title='bbox 503 1492 663 1552; x_wconf 90' lang='lat' dir='ltr'><strong>canonice</strong></span> <span class='ocrx_word' id='word_1_130' title='bbox 678 1491 713 1552; x_wconf 91' lang='lat' dir='ltr'><strong>in</strong></span> <span class='ocrx_word' id='word_1_131' title='bbox 729 1492 918 1568; x_wconf 85' lang='lat' dir='ltr'><strong>pontificem</strong></span> <span class='ocrx_word' id='word_1_132' title='bbox 974 1491 1059 1569; x_wconf 84' lang='lat' dir='ltr'><strong>quod</strong></span> <span class='ocrx_word' id='word_1_133' title='bbox 1084 1491 1299 1553; x_wconf 81' lang='lat' dir='ltr'><strong>catalaunen.</strong></span> <span class='ocrx_word' id='word_1_134' title='bbox 1321 1492 1463 1553; x_wconf 90' lang='lat' dir='ltr'><strong>ecclesia</strong></span> <span class='ocrx_word' id='word_1_135' title='bbox 1484 1494 1518 1554; x_wconf 92' lang='lat' dir='ltr'><strong>in</strong></span> <span class='ocrx_word' id='word_1_136' title='bbox 1537 1494 1682 1555; x_wconf 89' lang='lat' dir='ltr'><strong>continio</strong></span> <span class='ocrx_word' id='word_1_137' title='bbox 1703 1496 1771 1556; x_wconf 93' lang='lat' dir='ltr'><strong>im-</strong></span> 
     </span>
     <span class='ocr_line' id='line_1_14' title="bbox 123 1589 1774 1672; baseline -0.001 -18"><span class='ocrx_word' id='word_1_138' title='bbox 123 1591 332 1672; x_wconf 90' lang='lat' dir='ltr'><strong>postularunt</strong></span> <span class='ocrx_word' id='word_1_139' title='bbox 359 1589 455 1650; x_wconf 91' lang='lat' dir='ltr'><strong>nobis</strong></span> <span class='ocrx_word' id='word_1_140' title='bbox 484 1590 655 1650; x_wconf 90' lang='lat' dir='ltr'><strong>humiliter</strong></span> <span class='ocrx_word' id='word_1_141' title='bbox 681 1590 917 1666; x_wconf 84' lang='lat' dir='ltr'><strong>supplicantes,</strong></span> <span class='ocrx_word' id='word_1_142' title='bbox 974 1589 1060 1669; x_wconf 91' lang='lat' dir='ltr'><strong>perii</strong></span> <span class='ocrx_word' id='word_1_143' title='bbox 1079 1591 1112 1653; x_wconf 89' lang='lat' dir='ltr'><strong>et</strong></span> <span class='ocrx_word' id='word_1_144' title='bbox 1133 1591 1228 1666; x_wconf 89' lang='lat' dir='ltr'><strong>regni</strong></span> <span class='ocrx_word' id='word_1_145' title='bbox 1251 1591 1401 1652; x_wconf 80' lang='lat' dir='ltr'><strong>Franciae</strong></span> <span class='ocrx_word' id='word_1_146' title='bbox 1423 1591 1613 1664; x_wconf 87' lang='lat' dir='ltr'><strong>constituta,</strong></span> <span class='ocrx_word' id='word_1_147' title='bbox 1639 1593 1774 1668; x_wconf 88' lang='lat' dir='ltr'><strong>propter</strong></span> 
     </span>
     <span class='ocr_line' id='line_1_15' title="bbox 124 1687 1770 1768; baseline 0 -17"><span class='ocrx_word' id='word_1_148' title='bbox 124 1692 160 1753; x_wconf 91' lang='lat' dir='ltr'><strong>ut</strong></span> <span class='ocrx_word' id='word_1_149' title='bbox 186 1689 438 1768; x_wconf 82' lang='lat' dir='ltr'><strong>postulationem</strong></span> <span class='ocrx_word' id='word_1_150' title='bbox 463 1688 571 1765; x_wconf 90' lang='lat' dir='ltr'><strong>ipsam</strong></span> <span class='ocrx_word' id='word_1_151' title='bbox 598 1687 771 1748; x_wconf 88' lang='lat' dir='ltr'><strong>admittere</strong></span> <span class='ocrx_word' id='word_1_152' title='bbox 797 1687 919 1763; x_wconf 88' lang='lat' dir='ltr'><strong>digna·</strong></span> <span class='ocrx_word' id='word_1_153' title='bbox 973 1689 1163 1764; x_wconf 87' lang='lat' dir='ltr'><strong>inopinatas</strong></span> <span class='ocrx_word' id='word_1_154' title='bbox 1173 1704 1314 1764; x_wconf 91' lang='lat' dir='ltr'><strong>guerras</strong></span> <span class='ocrx_word' id='word_1_155' title='bbox 1327 1705 1425 1766; x_wconf 78' lang='lat' dir='ltr'><strong>saepe,</strong></span> <span class='ocrx_word' id='word_1_156' title='bbox 1436 1689 1770 1766; x_wconf 84' lang='lat' dir='ltr'><strong>saepiusingruentes,</strong></span> 
     </span>
     <span class='ocr_line' id='line_1_16' title="bbox 124 1785 1774 1865; baseline 0.001 -17"><span class='ocrx_word' id='word_1_157' title='bbox 124 1804 246 1850; x_wconf 92' lang='lat' dir='ltr'><strong>remur.</strong></span> <span class='ocrx_word' id='word_1_158' title='bbox 260 1789 381 1848; x_wconf 89' lang='lat' dir='ltr'><strong>Verum</strong></span> <span class='ocrx_word' id='word_1_159' title='bbox 394 1785 470 1863; x_wconf 90' lang='lat' dir='ltr'><strong>quia</strong></span> <span class='ocrx_word' id='word_1_160' title='bbox 476 1787 575 1861; x_wconf 86' lang='lat' dir='ltr'><strong>juxta</strong></span> <span class='ocrx_word' id='word_1_161' title='bbox 586 1801 711 1846; x_wconf 91' lang='lat' dir='ltr'><strong>morem</strong></span> <span class='ocrx_word' id='word_1_162' title='bbox 721 1785 919 1862; x_wconf 78' lang='lat' dir='ltr'><strong>Apostolicae</strong></span> <span class='ocrx_word' id='word_1_163' title='bbox 974 1786 1165 1863; x_wconf 82' lang='lat' dir='ltr'><strong>frequenter</strong></span> <span class='ocrx_word' id='word_1_164' title='bbox 1190 1787 1398 1865; x_wconf 91' lang='lat' dir='ltr'><strong>opprimitur,</strong></span> <span class='ocrx_word' id='word_1_165' title='bbox 1428 1787 1460 1849; x_wconf 87' lang='lat' dir='ltr'><strong>et</strong></span> <span class='ocrx_word' id='word_1_166' title='bbox 1486 1801 1528 1848; x_wconf 83' lang='lat' dir='ltr'><strong>ex</strong></span> <span class='ocrx_word' id='word_1_167' title='bbox 1550 1803 1589 1849; x_wconf 90' lang='lat' dir='ltr'><strong>oo</strong></span> <span class='ocrx_word' id='word_1_168' title='bbox 1613 1789 1774 1864; x_wconf 87' lang='lat' dir='ltr'><strong>gravatur</strong></span> 
     </span>
     <span class='ocr_line' id='line_1_17' title="bbox 126 1883 1773 1962; baseline -0.001 -16"><span class='ocrx_word' id='word_1_169' title='bbox 126 1885 308 1962; x_wconf 77' lang='lat' dir='ltr'><strong>sedisque</strong></span> <span class='ocrx_word' id='word_1_170' title='bbox 327 1883 515 1944; x_wconf 80' lang='lat' dir='ltr'><strong>examinari</strong></span> <span class='ocrx_word' id='word_1_171' title='bbox 536 1883 709 1950; x_wconf 85' lang='lat' dir='ltr'><strong>consuevit</strong></span> <span class='ocrx_word' id='word_1_172' title='bbox 726 1883 844 1944; x_wconf 87' lang='lat' dir='ltr'><strong>electio</strong></span> <span class='ocrx_word' id='word_1_173' title='bbox 860 1899 920 1943; x_wconf 93' lang='lat' dir='ltr'><strong>seu</strong></span> <span class='ocrx_word' id='word_1_174' title='bbox 975 1883 1144 1945; x_wconf 89' lang='lat' dir='ltr'><strong>laboribus</strong></span> <span class='ocrx_word' id='word_1_175' title='bbox 1174 1885 1207 1946; x_wconf 92' lang='lat' dir='ltr'><strong>et</strong></span> <span class='ocrx_word' id='word_1_176' title='bbox 1235 1887 1410 1962; x_wconf 79' lang='lat' dir='ltr'><strong>expensis3</strong></span> <span class='ocrx_word' id='word_1_177' title='bbox 1439 1885 1525 1962; x_wconf 87' lang='lat' dir='ltr'><strong>quod</strong></span> <span class='ocrx_word' id='word_1_178' title='bbox 1557 1885 1591 1946; x_wconf 92' lang='lat' dir='ltr'><strong>in</strong></span> <span class='ocrx_word' id='word_1_179' title='bbox 1621 1886 1773 1946; x_wconf 81' lang='lat' dir='ltr'><strong>exercitu</strong></span> 
     </span>
     <span class='ocr_line' id='line_1_18' title="bbox 125 1980 1774 2060; baseline -0.001 -16"><span class='ocrx_word' id='word_1_180' title='bbox 125 1982 302 2060; x_wconf 88' lang='lat' dir='ltr'><strong>postulatio</strong></span> <span class='ocrx_word' id='word_1_181' title='bbox 324 1981 364 2041; x_wconf 94' lang='lat' dir='ltr'><strong>de</strong></span> <span class='ocrx_word' id='word_1_182' title='bbox 386 1995 539 2058; x_wconf 90' lang='lat' dir='ltr'><strong>persona,</strong></span> <span class='ocrx_word' id='word_1_183' title='bbox 558 1981 590 2040; x_wconf 93' lang='lat' dir='ltr'><strong>id</strong></span> <span class='ocrx_word' id='word_1_184' title='bbox 615 1980 688 2042; x_wconf 85' lang='lat' dir='ltr'><strong>fieri</strong></span> <span class='ocrx_word' id='word_1_185' title='bbox 712 1996 778 2041; x_wconf 90' lang='lat' dir='ltr'><strong>non</strong></span> <span class='ocrx_word' id='word_1_186' title='bbox 800 1981 917 2057; x_wconf 89' lang='lat' dir='ltr'><strong>potuit,</strong></span> <span class='ocrx_word' id='word_1_187' title='bbox 975 1981 1068 2056; x_wconf 87' lang='lat' dir='ltr'><strong>regio</strong></span> <span class='ocrx_word' id='word_1_188' title='bbox 1084 1983 1183 2059; x_wconf 83' lang='lat' dir='ltr'><strong>juxta</strong></span> <span class='ocrx_word' id='word_1_189' title='bbox 1206 1982 1301 2059; x_wconf 88' lang='lat' dir='ltr'><strong>regni</strong></span> <span class='ocrx_word' id='word_1_190' title='bbox 1325 1982 1598 2042; x_wconf 88' lang='lat' dir='ltr'><strong>consuetudinem</strong></span> <span class='ocrx_word' id='word_1_191' title='bbox 1621 1997 1699 2043; x_wconf 89' lang='lat' dir='ltr'><strong>suos</strong></span> <span class='ocrx_word' id='word_1_192' title='bbox 1721 1984 1774 2043; x_wconf 91' lang='lat' dir='ltr'><strong>te-</strong></span> 
     </span>
     <span class='ocr_line' id='line_1_19' title="bbox 125 2077 1771 2157; baseline -0.001 -16"><span class='ocrx_word' id='word_1_193' title='bbox 125 2097 199 2142; x_wconf 92' lang='lat' dir='ltr'><strong>cum</strong></span> <span class='ocrx_word' id='word_1_194' title='bbox 213 2095 355 2156; x_wconf 88' lang='lat' dir='ltr'><strong>persona</strong></span> <span class='ocrx_word' id='word_1_195' title='bbox 370 2093 519 2155; x_wconf 86' lang='lat' dir='ltr'><strong>praesens</strong></span> <span class='ocrx_word' id='word_1_196' title='bbox 534 2093 600 2138; x_wconf 92' lang='lat' dir='ltr'><strong>non</strong></span> <span class='ocrx_word' id='word_1_197' title='bbox 614 2078 711 2146; x_wconf 88' lang='lat' dir='ltr'><strong>esset,</strong></span> <span class='ocrx_word' id='word_1_198' title='bbox 725 2077 919 2139; x_wconf 89' lang='lat' dir='ltr'><strong>discretioni</strong></span> <span class='ocrx_word' id='word_1_199' title='bbox 975 2081 1073 2140; x_wconf 92' lang='lat' dir='ltr'><strong>netur</strong></span> <span class='ocrx_word' id='word_1_200' title='bbox 1087 2079 1208 2140; x_wconf 88' lang='lat' dir='ltr'><strong>milites</strong></span> <span class='ocrx_word' id='word_1_201' title='bbox 1222 2079 1366 2157; x_wconf 90' lang='lat' dir='ltr'><strong>propriis</strong></span> <span class='ocrx_word' id='word_1_202' title='bbox 1382 2079 1556 2156; x_wconf 89' lang='lat' dir='ltr'><strong>stipendiis</strong></span> <span class='ocrx_word' id='word_1_203' title='bbox 1572 2080 1771 2151; x_wconf 89' lang='lat' dir='ltr'><strong>sustentare,</strong></span> 
     </span>
     <span class='ocr_line' id='line_1_20' title="bbox 123 2175 1774 2255; baseline -0.002 -15"><span class='ocrx_word' id='word_1_204' title='bbox 123 2181 190 2240; x_wconf 82' lang='lat' dir='ltr'><strong>tuae</strong></span> <span class='ocrx_word' id='word_1_205' title='bbox 206 2193 263 2254; x_wconf 89' lang='lat' dir='ltr'><strong>per</strong></span> <span class='ocrx_word' id='word_1_206' title='bbox 277 2177 458 2254; x_wconf 89' lang='lat' dir='ltr'><strong>apostolica</strong></span> <span class='ocrx_word' id='word_1_207' title='bbox 474 2176 598 2252; x_wconf 88' lang='lat' dir='ltr'><strong>scripta</strong></span> <span class='ocrx_word' id='word_1_208' title='bbox 612 2175 819 2246; x_wconf 90' lang='lat' dir='ltr'><strong>mandamus,</strong></span> <span class='ocrx_word' id='word_1_209' title='bbox 837 2191 920 2253; x_wconf 86' lang='lat' dir='ltr'><strong>qua·</strong></span> <span class='ocrx_word' id='word_1_210' title='bbox 975 2177 1113 2253; x_wconf 72' lang='lat' dir='ltr'><strong>praelato</strong></span> <span class='ocrx_word' id='word_1_211' title='bbox 1135 2181 1173 2237; x_wconf 82' lang='lat' dir='ltr'><strong>G.</strong></span> <span class='ocrx_word' id='word_1_212' title='bbox 1196 2177 1237 2238; x_wconf 89' lang='lat' dir='ltr'><strong>de</strong></span> <span class='ocrx_word' id='word_1_213' title='bbox 1262 2177 1359 2239; x_wconf 89' lang='lat' dir='ltr'><strong>bonis</strong></span> <span class='ocrx_word' id='word_1_214' title='bbox 1382 2177 1488 2255; x_wconf 92' lang='lat' dir='ltr'><strong>ipsius</strong></span> <span class='ocrx_word' id='word_1_215' title='bbox 1512 2177 1663 2238; x_wconf 73' lang='lat' dir='ltr'><strong>ecclesia</strong></span> <span class='ocrx_word' id='word_1_216' title='bbox 1688 2192 1774 2254; x_wconf 86' lang='lat' dir='ltr'><strong>qua-</strong></span> 
     </span>
     <span class='ocr_line' id='line_1_21' title="bbox 125 2272 1775 2352; baseline -0.001 -15"><span class='ocrx_word' id='word_1_217' title='bbox 125 2279 221 2337; x_wconf 85' lang='lat' dir='ltr'><strong>tenus</strong></span> <span class='ocrx_word' id='word_1_218' title='bbox 245 2275 500 2352; x_wconf 89' lang='lat' dir='ltr'><strong>postulationem</strong></span> <span class='ocrx_word' id='word_1_219' title='bbox 528 2273 634 2350; x_wconf 88' lang='lat' dir='ltr'><strong>ipsam</strong></span> <span class='ocrx_word' id='word_1_220' title='bbox 661 2275 693 2334; x_wconf 89' lang='lat' dir='ltr'><strong>et</strong></span> <span class='ocrx_word' id='word_1_221' title='bbox 719 2272 919 2350; x_wconf 88' lang='lat' dir='ltr'><strong>postulatum</strong></span> <span class='ocrx_word' id='word_1_222' title='bbox 974 2275 1168 2352; x_wconf 89' lang='lat' dir='ltr'><strong>dringentas</strong></span> <span class='ocrx_word' id='word_1_223' title='bbox 1194 2275 1298 2336; x_wconf 88' lang='lat' dir='ltr'><strong>libras</strong></span> <span class='ocrx_word' id='word_1_224' title='bbox 1319 2277 1416 2336; x_wconf 90' lang='lat' dir='ltr'><strong>annis</strong></span> <span class='ocrx_word' id='word_1_225' title='bbox 1443 2273 1673 2352; x_wconf 90' lang='lat' dir='ltr'><strong>percipiendas</strong></span> <span class='ocrx_word' id='word_1_226' title='bbox 1702 2275 1775 2336; x_wconf 88' lang='lat' dir='ltr'><strong>sin-</strong></span> 
     </span>
     <span class='ocr_line' id='line_1_22' title="bbox 123 2371 1773 2450; baseline -0.002 -15"><span class='ocrx_word' id='word_1_227' title='bbox 123 2373 319 2435; x_wconf 80' lang='lat' dir='ltr'><strong>examinans</strong></span> <span class='ocrx_word' id='word_1_228' title='bbox 335 2373 522 2449; x_wconf 86' lang='lat' dir='ltr'><strong>diligenter,</strong></span> <span class='ocrx_word' id='word_1_229' title='bbox 540 2377 568 2432; x_wconf 92' lang='lat' dir='ltr'><strong>si</strong></span> <span class='ocrx_word' id='word_1_230' title='bbox 586 2371 735 2433; x_wconf 91' lang='lat' dir='ltr'><strong>eamdem</strong></span> <span class='ocrx_word' id='word_1_231' title='bbox 750 2371 919 2431; x_wconf 90' lang='lat' dir='ltr'><strong>inveneris</strong></span> <span class='ocrx_word' id='word_1_232' title='bbox 974 2372 1061 2448; x_wconf 75' lang='lat' dir='ltr'><strong>girlis</strong></span> <span class='ocrx_word' id='word_1_233' title='bbox 1082 2373 1328 2442; x_wconf 88' lang='lat' dir='ltr'><strong>concesserunt,</strong></span> <span class='ocrx_word' id='word_1_234' title='bbox 1344 2389 1545 2450; x_wconf 83' lang='lat' dir='ltr'><strong>quamquam</strong></span> <span class='ocrx_word' id='word_1_235' title='bbox 1559 2372 1646 2434; x_wconf 89' lang='lat' dir='ltr'><strong>idem</strong></span> <span class='ocrx_word' id='word_1_236' title='bbox 1662 2376 1699 2433; x_wconf 80' lang='lat' dir='ltr'><strong>G.</strong></span> <span class='ocrx_word' id='word_1_237' title='bbox 1716 2373 1773 2450; x_wconf 85' lang='lat' dir='ltr'><strong>qui</strong></span> 
     </span>
     <span class='ocr_line' id='line_1_23' title="bbox 123 2467 1772 2550; baseline -0.002 -18"><span class='ocrx_word' id='word_1_238' title='bbox 123 2471 163 2532; x_wconf 92' lang='lat' dir='ltr'><strong>de</strong></span> <span class='ocrx_word' id='word_1_239' title='bbox 196 2487 338 2550; x_wconf 89' lang='lat' dir='ltr'><strong>persona</strong></span> <span class='ocrx_word' id='word_1_240' title='bbox 366 2469 486 2531; x_wconf 91' lang='lat' dir='ltr'><strong>idonea</strong></span> <span class='ocrx_word' id='word_1_241' title='bbox 515 2470 675 2530; x_wconf 88' lang='lat' dir='ltr'><strong>canonice</strong></span> <span class='ocrx_word' id='word_1_242' title='bbox 705 2467 916 2538; x_wconf 89' lang='lat' dir='ltr'><strong>celebratam,</strong></span> <span class='ocrx_word' id='word_1_243' title='bbox 974 2470 1057 2540; x_wconf 81' lang='lat' dir='ltr'><strong>adeo</strong></span> <span class='ocrx_word' id='word_1_244' title='bbox 1072 2470 1295 2532; x_wconf 91' lang='lat' dir='ltr'><strong>membrorum</strong></span> <span class='ocrx_word' id='word_1_245' title='bbox 1309 2486 1445 2532; x_wconf 92' lang='lat' dir='ltr'><strong>suorum</strong></span> <span class='ocrx_word' id='word_1_246' title='bbox 1463 2471 1670 2544; x_wconf 90' lang='lat' dir='ltr'><strong>dignoscitur</strong></span> <span class='ocrx_word' id='word_1_247' title='bbox 1684 2471 1772 2530; x_wconf 92' lang='lat' dir='ltr'><strong>ami-</strong></span> 
     </span>
     <span class='ocr_line' id='line_1_24' title="bbox 122 2566 1774 2648; baseline -0.002 -18"><span class='ocrx_word' id='word_1_248' title='bbox 122 2570 230 2648; x_wconf 91' lang='lat' dir='ltr'><strong>ipsam</strong></span> <span class='ocrx_word' id='word_1_249' title='bbox 245 2568 442 2630; x_wconf 89' lang='lat' dir='ltr'><strong>auctoritate</strong></span> <span class='ocrx_word' id='word_1_250' title='bbox 457 2569 570 2628; x_wconf 91' lang='lat' dir='ltr'><strong>nostra</strong></span> <span class='ocrx_word' id='word_1_251' title='bbox 583 2567 738 2627; x_wconf 83' lang='lat' dir='ltr'><strong>suffultus</strong></span> <span class='ocrx_word' id='word_1_252' title='bbox 751 2566 916 2638; x_wconf 89' lang='lat' dir='ltr'><strong>admittas,</strong></span> <span class='ocrx_word' id='word_1_253' title='bbox 974 2567 1059 2627; x_wconf 90' lang='lat' dir='ltr'><strong>sisse</strong></span> <span class='ocrx_word' id='word_1_254' title='bbox 1074 2566 1195 2640; x_wconf 86' lang='lat' dir='ltr'><strong>osticia,</strong></span> <span class='ocrx_word' id='word_1_255' title='bbox 1212 2567 1298 2645; x_wconf 89' lang='lat' dir='ltr'><strong>quod</strong></span> <span class='ocrx_word' id='word_1_256' title='bbox 1318 2583 1379 2628; x_wconf 90' lang='lat' dir='ltr'><strong>nec</strong></span> <span class='ocrx_word' id='word_1_257' title='bbox 1399 2568 1534 2644; x_wconf 87' lang='lat' dir='ltr'><strong>equitat,</strong></span> <span class='ocrx_word' id='word_1_258' title='bbox 1550 2569 1583 2627; x_wconf 89' lang='lat' dir='ltr'><strong>et</strong></span> <span class='ocrx_word' id='word_1_259' title='bbox 1600 2567 1701 2627; x_wconf 87' lang='lat' dir='ltr'><strong>etiam</strong></span> <span class='ocrx_word' id='word_1_260' title='bbox 1715 2567 1774 2626; x_wconf 85' lang='lat' dir='ltr'><strong>vix</strong></span> 
     </span>
     <span class='ocr_line' id='line_1_25' title="bbox 121 2663 1770 2742; baseline -0.004 -13"><span class='ocrx_word' id='word_1_261' title='bbox 121 2669 155 2731; x_wconf 92' lang='lat' dir='ltr'><strong>et</strong></span> <span class='ocrx_word' id='word_1_262' title='bbox 179 2684 254 2728; x_wconf 88' lang='lat' dir='ltr'><strong>eum</strong></span> <span class='ocrx_word' id='word_1_263' title='bbox 275 2683 296 2727; x_wconf 95' lang='lat' dir='ltr'><strong>a</strong></span> <span class='ocrx_word' id='word_1_264' title='bbox 316 2665 451 2729; x_wconf 92' lang='lat' dir='ltr'><strong>vinculo</strong></span> <span class='ocrx_word' id='word_1_265' title='bbox 473 2681 537 2742; x_wconf 85' lang='lat' dir='ltr'><strong>quo</strong></span> <span class='ocrx_word' id='word_1_266' title='bbox 564 2664 713 2726; x_wconf 83' lang='lat' dir='ltr'><strong>ecclesiae</strong></span> <span class='ocrx_word' id='word_1_267' title='bbox 736 2663 916 2740; x_wconf 85' lang='lat' dir='ltr'><strong>vapincen.</strong></span> <span class='ocrx_word' id='word_1_268' title='bbox 974 2664 1082 2740; x_wconf 89' lang='lat' dir='ltr'><strong>potest</strong></span> <span class='ocrx_word' id='word_1_269' title='bbox 1104 2665 1206 2742; x_wconf 91' lang='lat' dir='ltr'><strong>loqui,</strong></span> <span class='ocrx_word' id='word_1_270' title='bbox 1224 2665 1337 2726; x_wconf 89' lang='lat' dir='ltr'><strong>multis</strong></span> <span class='ocrx_word' id='word_1_271' title='bbox 1352 2664 1549 2741; x_wconf 86' lang='lat' dir='ltr'><strong>equitaturis</strong></span> <span class='ocrx_word' id='word_1_272' title='bbox 1575 2679 1641 2724; x_wconf 91' lang='lat' dir='ltr'><strong>non</strong></span> <span class='ocrx_word' id='word_1_273' title='bbox 1663 2664 1770 2739; x_wconf 87' lang='lat' dir='ltr'><strong>egeat,</strong></span> 
     </span>
     <span class='ocr_line' id='line_1_26' title="bbox 120 2761 1772 2840; baseline -0.004 -14"><span class='ocrx_word' id='word_1_274' title='bbox 120 2767 255 2826; x_wconf 88' lang='lat' dir='ltr'><strong>tenetur</strong></span> <span class='ocrx_word' id='word_1_275' title='bbox 266 2763 453 2831; x_wconf 91' lang='lat' dir='ltr'><strong>absolvens,</strong></span> <span class='ocrx_word' id='word_1_276' title='bbox 467 2763 622 2840; x_wconf 89' lang='lat' dir='ltr'><strong>injungas</strong></span> <span class='ocrx_word' id='word_1_277' title='bbox 637 2761 781 2838; x_wconf 90' lang='lat' dir='ltr'><strong>capitulo</strong></span> <span class='ocrx_word' id='word_1_278' title='bbox 798 2777 919 2821; x_wconf 91' lang='lat' dir='ltr'><strong>memo-</strong></span> <span class='ocrx_word' id='word_1_279' title='bbox 974 2777 1035 2823; x_wconf 89' lang='lat' dir='ltr'><strong>nec</strong></span> <span class='ocrx_word' id='word_1_280' title='bbox 1051 2762 1261 2824; x_wconf 89' lang='lat' dir='ltr'><strong>multitudine</strong></span> <span class='ocrx_word' id='word_1_281' title='bbox 1281 2763 1458 2833; x_wconf 91' lang='lat' dir='ltr'><strong>sociorum,</strong></span> <span class='ocrx_word' id='word_1_282' title='bbox 1476 2763 1511 2822; x_wconf 94' lang='lat' dir='ltr'><strong>in</strong></span> <span class='ocrx_word' id='word_1_283' title='bbox 1530 2777 1671 2840; x_wconf 90' lang='lat' dir='ltr'><strong>quorum</strong></span> <span class='ocrx_word' id='word_1_284' title='bbox 1694 2776 1772 2821; x_wconf 90' lang='lat' dir='ltr'><strong>sus-</strong></span> 
     </span>
     <span class='ocr_line' id='line_1_27' title="bbox 120 2858 1770 2939; baseline -0.003 -15"><span class='ocrx_word' id='word_1_285' title='bbox 120 2867 208 2935; x_wconf 87' lang='lat' dir='ltr'><strong>rato,</strong></span> <span class='ocrx_word' id='word_1_286' title='bbox 219 2864 256 2924; x_wconf 92' lang='lat' dir='ltr'><strong>ut</strong></span> <span class='ocrx_word' id='word_1_287' title='bbox 266 2863 421 2939; x_wconf 91' lang='lat' dir='ltr'><strong>tanquam</strong></span> <span class='ocrx_word' id='word_1_288' title='bbox 431 2859 557 2937; x_wconf 90' lang='lat' dir='ltr'><strong>pastori</strong></span> <span class='ocrx_word' id='word_1_289' title='bbox 567 2861 599 2921; x_wconf 87' lang='lat' dir='ltr'><strong>et</strong></span> <span class='ocrx_word' id='word_1_290' title='bbox 609 2859 757 2936; x_wconf 77' lang='lat' dir='ltr'><strong>eJusdem</strong></span> <span class='ocrx_word' id='word_1_291' title='bbox 769 2858 919 2919; x_wconf 79' lang='lat' dir='ltr'><strong>ecclesiae</strong></span> <span class='ocrx_word' id='word_1_292' title='bbox 975 2861 1156 2924; x_wconf 88' lang='lat' dir='ltr'><strong>tentatione</strong></span> <span class='ocrx_word' id='word_1_293' title='bbox 1177 2863 1225 2924; x_wconf 88' lang='lat' dir='ltr'><strong>tot</strong></span> <span class='ocrx_word' id='word_1_294' title='bbox 1240 2861 1385 2922; x_wconf 73' lang='lat' dir='ltr'><strong>existant</strong></span> <span class='ocrx_word' id='word_1_295' title='bbox 1402 2860 1465 2920; x_wconf 90' lang='lat' dir='ltr'><strong>sibi</strong></span> <span class='ocrx_word' id='word_1_296' title='bbox 1480 2859 1628 2920; x_wconf 88' lang='lat' dir='ltr'><strong>redditus</strong></span> <span class='ocrx_word' id='word_1_297' title='bbox 1643 2875 1770 2936; x_wconf 93' lang='lat' dir='ltr'><strong>oppor-</strong></span> 
     </span>
     <span class='ocr_line' id='line_1_28' title="bbox 121 2956 1774 3036; baseline 0.001 -19"><span class='ocrx_word' id='word_1_298' title='bbox 121 2959 356 3036; x_wconf 84' lang='lat' dir='ltr'><strong>suffraganeis‚</strong></span> <span class='ocrx_word' id='word_1_299' title='bbox 374 2957 460 3036; x_wconf 88' lang='lat' dir='ltr'><strong>quod</strong></span> <span class='ocrx_word' id='word_1_300' title='bbox 483 2959 642 3034; x_wconf 86' lang='lat' dir='ltr'><strong>tanquam</strong></span> <span class='ocrx_word' id='word_1_301' title='bbox 666 2956 919 3034; x_wconf 89' lang='lat' dir='ltr'><strong>metropolitano</strong></span> <span class='ocrx_word' id='word_1_302' title='bbox 974 2962 1057 3024; x_wconf 93' lang='lat' dir='ltr'><strong>tuni.</strong></span> <span class='ocrx_word' id='word_1_303' title='bbox 1077 2961 1170 3023; x_wconf 89' lang='lat' dir='ltr'><strong>Unde</strong></span> <span class='ocrx_word' id='word_1_304' title='bbox 1183 2959 1279 3020; x_wconf 92' lang='lat' dir='ltr'><strong>nobis</strong></span> <span class='ocrx_word' id='word_1_305' title='bbox 1292 2959 1399 3021; x_wconf 91' lang='lat' dir='ltr'><strong>dictus</strong></span> <span class='ocrx_word' id='word_1_306' title='bbox 1412 2958 1587 3036; x_wconf 89' lang='lat' dir='ltr'><strong>episcopus</strong></span> <span class='ocrx_word' id='word_1_307' title='bbox 1602 2956 1774 3018; x_wconf 88' lang='lat' dir='ltr'><strong>humiliter</strong></span> 
     </span>
     <span class='ocr_line' id='line_1_29' title="bbox 121 3054 1776 3137; baseline -0.002 -18"><span class='ocrx_word' id='word_1_308' title='bbox 121 3074 184 3120; x_wconf 90' lang='lat' dir='ltr'><strong>suo</strong></span> <span class='ocrx_word' id='word_1_309' title='bbox 200 3058 373 3120; x_wconf 88' lang='lat' dir='ltr'><strong>intendant</strong></span> <span class='ocrx_word' id='word_1_310' title='bbox 387 3056 506 3128; x_wconf 91' lang='lat' dir='ltr'><strong>eidem,</strong></span> <span class='ocrx_word' id='word_1_311' title='bbox 523 3058 556 3117; x_wconf 90' lang='lat' dir='ltr'><strong>et</strong></span> <span class='ocrx_word' id='word_1_312' title='bbox 570 3055 749 3116; x_wconf 84' lang='lat' dir='ltr'><strong>exhibeant</strong></span> <span class='ocrx_word' id='word_1_313' title='bbox 762 3054 921 3116; x_wconf 88' lang='lat' dir='ltr'><strong>obedien·</strong></span> <span class='ocrx_word' id='word_1_314' title='bbox 975 3060 1176 3137; x_wconf 90' lang='lat' dir='ltr'><strong>supplicavit</strong></span> <span class='ocrx_word' id='word_1_315' title='bbox 1199 3059 1235 3120; x_wconf 88' lang='lat' dir='ltr'><strong>ui</strong></span> <span class='ocrx_word' id='word_1_316' title='bbox 1256 3074 1356 3135; x_wconf 92' lang='lat' dir='ltr'><strong>super</strong></span> <span class='ocrx_word' id='word_1_317' title='bbox 1377 3057 1441 3118; x_wconf 90' lang='lat' dir='ltr'><strong>boc</strong></span> <span class='ocrx_word' id='word_1_318' title='bbox 1463 3056 1637 3132; x_wconf 91' lang='lat' dir='ltr'><strong>providere</strong></span> <span class='ocrx_word' id='word_1_319' title='bbox 1659 3054 1723 3115; x_wconf 92' lang='lat' dir='ltr'><strong>sibi</strong></span> <span class='ocrx_word' id='word_1_320' title='bbox 1742 3055 1776 3116; x_wconf 91' lang='lat' dir='ltr'><strong>et</strong></span> 
     </span>
     <span class='ocr_line' id='line_1_30' title="bbox 123 3152 1776 3235; baseline -0.008 -10"><span class='ocrx_word' id='word_1_321' title='bbox 123 3157 203 3218; x_wconf 78' lang='lat' dir='ltr'><strong>iiam</strong></span> <span class='ocrx_word' id='word_1_322' title='bbox 220 3155 363 3216; x_wconf 69' lang='lat' dir='ltr'><strong>debitam</strong></span> <span class='ocrx_word' id='word_1_323' title='bbox 381 3155 413 3216; x_wconf 77' lang='grc' dir='ltr'><strong>θῐ</strong></span> <span class='ocrx_word' id='word_1_324' title='bbox 429 3154 591 3215; x_wconf 69' lang='lat' dir='ltr'><strong>dOVOiam·</strong></span> <span class='ocrx_word' id='word_1_325' title='bbox 611 3155 729 3214; x_wconf 72' lang='lat' dir='ltr'><strong>Datum</strong></span> <span class='ocrx_word' id='word_1_326' title='bbox 750 3152 917 3224; x_wconf 69' lang='lat' dir='ltr'><strong>Laterani,</strong></span> <span class='ocrx_word' id='word_1_327' title='bbox 974 3158 1039 3235; x_wconf 90' lang='lat' dir='ltr'><strong>ipsi</strong></span> <span class='ocrx_word' id='word_1_328' title='bbox 1054 3158 1204 3219; x_wconf 81' lang='lat' dir='ltr'><strong>ecclesiae</strong></span> <span class='ocrx_word' id='word_1_329' title='bbox 1222 3156 1449 3232; x_wconf 89' lang='lat' dir='ltr'><strong>dignaremur.</strong></span> <span class='ocrx_word' id='word_1_330' title='bbox 1471 3154 1633 3225; x_wconf 87' lang='lat' dir='ltr'><strong>Quocirca</strong></span> <span class='ocrx_word' id='word_1_331' title='bbox 1648 3153 1776 3213; x_wconf 89' lang='lat' dir='ltr'><strong>discre-</strong></span> 
     </span>
     <span class='ocr_line' id='line_1_31' title="bbox 120 3249 1776 3332; baseline -0.013 0"><span class='ocrx_word' id='word_1_332' title='bbox 120 3255 243 3332; x_wconf 62' lang='lat' dir='ltr'><strong>‘lllffl&#39;w</strong></span> <span class='ocrx_word' id='word_1_333' title='bbox 270 3253 345 3314; x_wconf 69' lang='lat' dir='ltr'><strong>idus</strong></span> <span class='ocrx_word' id='word_1_334' title='bbox 373 3252 548 3324; x_wconf 64' lang='lat' dir='ltr'><strong>februarii,</strong></span> <span class='ocrx_word' id='word_1_335' title='bbox 575 3251 786 3330; x_wconf 66' lang='lat' dir='ltr'><strong>P011fifl0³ius</strong></span> <span class='ocrx_word' id='word_1_336' title='bbox 812 3250 920 3312; x_wconf 89' lang='lat' dir='ltr'><strong>nostri</strong></span> <span class='ocrx_word' id='word_1_337' title='bbox 975 3256 1057 3318; x_wconf 91' lang='lat' dir='ltr'><strong>tioni</strong></span> <span class='ocrx_word' id='word_1_338' title='bbox 1075 3257 1194 3317; x_wconf 88' lang='lat' dir='ltr'><strong>vestrae</strong></span> <span class='ocrx_word' id='word_1_339' title='bbox 1210 3271 1269 3331; x_wconf 90' lang='lat' dir='ltr'><strong>per</strong></span> <span class='ocrx_word' id='word_1_340' title='bbox 1284 3253 1466 3330; x_wconf 89' lang='lat' dir='ltr'><strong>apostolica</strong></span> <span class='ocrx_word' id='word_1_341' title='bbox 1487 3253 1611 3328; x_wconf 88' lang='lat' dir='ltr'><strong>scripta</strong></span> <span class='ocrx_word' id='word_1_342' title='bbox 1635 3249 1776 3311; x_wconf 89' lang='lat' dir='ltr'><strong>manda-</strong></span> 
     </span>
     <span class='ocr_line' id='line_1_32' title="bbox 120 3346 1775 3428; baseline -0.005 -14"><span class='ocrx_word' id='word_1_343' title='bbox 120 3368 213 3414; x_wconf 90' lang='lat' dir='ltr'><strong>anno</strong></span> <span class='ocrx_word' id='word_1_344' title='bbox 228 3351 345 3428; x_wconf 90' lang='lat' dir='ltr'><strong>primo.</strong></span> <span class='ocrx_word' id='word_1_345' title='bbox 977 3356 1231 3428; x_wconf 86' lang='lat' dir='ltr'><strong>musqnatenus,</strong></span> <span class='ocrx_word' id='word_1_346' title='bbox 1242 3351 1401 3428; x_wconf 88' lang='lat' dir='ltr'><strong>inquisita</strong></span> <span class='ocrx_word' id='word_1_347' title='bbox 1412 3349 1573 3426; x_wconf 88' lang='lat' dir='ltr'><strong>superbis</strong></span> <span class='ocrx_word' id='word_1_348' title='bbox 1582 3346 1775 3422; x_wconf 90' lang='lat' dir='ltr'><strong>diligentius</strong></span> 
     </span>
     <span class='ocr_line' id='line_1_33' title="bbox 465 3444 1775 3580; baseline -0.011 -62"><span class='ocrx_word' id='word_1_349' title='bbox 465 3492 580 3580; x_wconf 68' lang='lat' dir='ltr'>CCIV</span> <span class='ocrx_word' id='word_1_350' title='bbox 976 3453 1134 3522; x_wconf 89' lang='lat' dir='ltr'><strong>veritate,</strong></span> <span class='ocrx_word' id='word_1_351' title='bbox 1171 3449 1396 3525; x_wconf 88' lang='lat' dir='ltr'><strong>provisionem</strong></span> <span class='ocrx_word' id='word_1_352' title='bbox 1436 3445 1627 3523; x_wconf 88' lang='lat' dir='ltr'><strong>hujusmodi</strong></span> <span class='ocrx_word' id='word_1_353' title='bbox 1665 3444 1775 3508; x_wconf 84' lang='lat' dir='ltr'><strong>solum</strong></span> 
     </span>
    </p>

    <p class='ocr_par' dir='ltr' id='par_1_3' title="bbox 977 3539 1775 3622">
     <span class='ocr_line' id='line_1_34' title="bbox 977 3539 1775 3622; baseline -0.013 -13"><span class='ocrx_word' id='word_1_354' title='bbox 977 3553 1080 3610; x_wconf 91' lang='lat' dir='ltr'><strong>Deum</strong></span> <span class='ocrx_word' id='word_1_355' title='bbox 1113 3546 1274 3607; x_wconf 89' lang='lat' dir='ltr'><strong>habentes</strong></span> <span class='ocrx_word' id='word_1_356' title='bbox 1304 3560 1373 3622; x_wconf 88' lang='lat' dir='ltr'><strong>prae</strong></span> <span class='ocrx_word' id='word_1_357' title='bbox 1400 3541 1522 3613; x_wconf 85' lang='lat' dir='ltr'><strong>oculis,</strong></span> <span class='ocrx_word' id='word_1_358' title='bbox 1552 3539 1775 3616; x_wconf 90' lang='lat' dir='ltr'><strong>appellatione</strong></span> 
     </span>
    </p>
   </div>
   <div class='ocr_carea' id='block_1_3' title="bbox 116 3638 1774 3826">
    <p class='ocr_par' dir='ltr' id='par_1_4' title="bbox 116 3638 1774 3826">
     <span class='ocr_line' id='line_1_35' title="bbox 116 3638 1774 3742; baseline -0.012 -11"><span class='ocrx_word' id='word_1_359' title='bbox 116 3672 172 3731; x_wconf 86' lang='lat' dir='ltr'><strong>Ad</strong></span> <span class='ocrx_word' id='word_1_360' title='bbox 194 3671 390 3742; x_wconf 81' lang='lat' dir='ltr'><strong>episcopam</strong></span> <span class='ocrx_word' id='word_1_361' title='bbox 405 3669 605 3734; x_wconf 79' lang='lat' dir='ltr'><strong>Tallcosem,</strong></span> <span class='ocrx_word' id='word_1_362' title='bbox 617 3666 658 3723; x_wconf 87' lang='lat' dir='ltr'><strong>B.</strong></span> <span class='ocrx_word' id='word_1_363' title='bbox 671 3663 874 3722; x_wconf 74' lang='lat' dir='ltr'><strong>Rerrzcnscm</strong></span> <span class='ocrx_word' id='word_1_364' title='bbox 889 3659 922 3720; x_wconf 84' lang='lat' dir='ltr'><strong>ct</strong></span> <span class='ocrx_word' id='word_1_365' title='bbox 977 3647 1115 3716; x_wconf 70' lang='lat' dir='ltr'><strong>remota,</strong></span> <span class='ocrx_word' id='word_1_366' title='bbox 1132 3659 1236 3720; x_wconf 87' lang='lat' dir='ltr'><strong>usque</strong></span> <span class='ocrx_word' id='word_1_367' title='bbox 1249 3641 1290 3702; x_wconf 66' lang='lat' dir='ltr'><strong>ad</strong></span> <span class='ocrx_word' id='word_1_368' title='bbox 1306 3655 1468 3701; x_wconf 65' lang='lat' dir='ltr'><strong>summam</strong></span> <span class='ocrx_word' id='word_1_369' title='bbox 1489 3638 1707 3698; x_wconf 63' lang='lat' dir='ltr'><strong>ducentarum</strong></span> <span class='ocrx_word' id='word_1_370' title='bbox 1727 3638 1774 3697; x_wconf 74' lang='lat' dir='ltr'><strong>li·</strong></span> 
     </span>
     <span class='ocr_line' id='line_1_36' title="bbox 252 3734 1774 3826; baseline -0.016 -7"><span class='ocrx_word' id='word_1_371' title='bbox 252 3769 284 3826; x_wconf 81' lang='lat' dir='ltr'><strong>J.</strong></span> <span class='ocrx_word' id='word_1_372' title='bbox 300 3767 502 3825; x_wconf 63' lang='lat' dir='ltr'><strong>Ariamenen.</strong></span> <span class='ocrx_word' id='word_1_373' title='bbox 520 3763 792 3822; x_wconf 66' lang='grc' dir='ltr'><strong>ανρηῑαῑαοοηοε.</strong></span> <span class='ocrx_word' id='word_1_374' title='bbox 976 3743 1111 3804; x_wconf 90' lang='lat' dir='ltr'><strong>brarum</strong></span> <span class='ocrx_word' id='word_1_375' title='bbox 1127 3740 1323 3802; x_wconf 91' lang='lat' dir='ltr'><strong>auctoritate</strong></span> <span class='ocrx_word' id='word_1_376' title='bbox 1335 3739 1448 3799; x_wconf 90' lang='lat' dir='ltr'><strong>nostra</strong></span> <span class='ocrx_word' id='word_1_377' title='bbox 1462 3735 1623 3797; x_wconf 88' lang='lat' dir='ltr'><strong>moderati</strong></span> <span class='ocrx_word' id='word_1_378' title='bbox 1637 3734 1774 3797; x_wconf 88' lang='lat' dir='ltr'><strong>curetis.</strong></span> 
     </span>
    </p>
   </div>
   <div class='ocr_carea' id='block_1_4' title="bbox 115 3832 1776 4402">
    <p class='ocr_par' dir='ltr' id='par_1_5' title="bbox 115 3832 1776 4402">
     <span class='ocr_line' id='line_1_37' title="bbox 977 3832 1776 3912; baseline -0.01 -10"><span class='ocrx_word' id='word_1_379' title='bbox 977 3841 1052 3902; x_wconf 92' lang='lat' dir='ltr'><strong>Non</strong></span> <span class='ocrx_word' id='word_1_380' title='bbox 1077 3837 1284 3902; x_wconf 90' lang='lat' dir='ltr'><strong>obstantibus</strong></span> <span class='ocrx_word' id='word_1_381' title='bbox 1309 3835 1475 3912; x_wconf 89' lang='lat' dir='ltr'><strong>aliquibus</strong></span> <span class='ocrx_word' id='word_1_382' title='bbox 1503 3833 1622 3895; x_wconf 88' lang='lat' dir='ltr'><strong>litteris</strong></span> <span class='ocrx_word' id='word_1_383' title='bbox 1652 3832 1776 3894; x_wconf 86' lang='lat' dir='ltr'><strong>contir-</strong></span> 
     </span>
     <span class='ocr_line' id='line_1_38' title="bbox 977 3929 1776 4010; baseline -0.011 -10"><span class='ocrx_word' id='word_1_384' title='bbox 977 3938 1133 4000; x_wconf 91' lang='lat' dir='ltr'><strong>mationis</strong></span> <span class='ocrx_word' id='word_1_385' title='bbox 1157 3953 1216 3998; x_wconf 92' lang='lat' dir='ltr'><strong>seu</strong></span> <span class='ocrx_word' id='word_1_386' title='bbox 1239 3936 1315 3996; x_wconf 85' lang='lat' dir='ltr'><strong>aliis</strong></span> <span class='ocrx_word' id='word_1_387' title='bbox 1335 3949 1436 4010; x_wconf 90' lang='lat' dir='ltr'><strong>super</strong></span> <span class='ocrx_word' id='word_1_388' title='bbox 1451 3933 1523 4009; x_wconf 90' lang='lat' dir='ltr'><strong>ipsa</strong></span> <span class='ocrx_word' id='word_1_389' title='bbox 1545 3929 1736 4008; x_wconf 90' lang='lat' dir='ltr'><strong>provisione</strong></span> <span class='ocrx_word' id='word_1_390' title='bbox 1756 3946 1776 3991; x_wconf 89' lang='lat' dir='ltr'><strong>a</strong></span> 
     </span>
     <span class='ocr_line' id='line_1_39' title="bbox 979 4029 1774 4114; baseline -0.016 -14"><span class='ocrx_word' id='word_1_391' title='bbox 979 4038 1063 4100; x_wconf 88' lang='lat' dir='ltr'><strong>Sede</strong></span> <span class='ocrx_word' id='word_1_392' title='bbox 1077 4035 1266 4114; x_wconf 70' lang='lat' dir='ltr'><strong>apostolica</strong></span> <span class='ocrx_word' id='word_1_393' title='bbox 1280 4033 1487 4109; x_wconf 80' lang='lat' dir='ltr'><strong>impetratis3</strong></span> <span class='ocrx_word' id='word_1_394' title='bbox 1502 4029 1774 4099; x_wconf 90' lang='lat' dir='ltr'><strong>contradictores,</strong></span> 
     </span>
     <span class='ocr_line' id='line_1_40' title="bbox 115 4129 1776 4212; baseline -0.014 -3"><span class='ocrx_word' id='word_1_395' title='bbox 115 4136 327 4200; x_wconf 76' lang='lat' dir='ltr'><strong>catalaunensi</strong></span> <span class='ocrx_word' id='word_1_396' title='bbox 342 4135 486 4207; x_wconf 65' lang='lat' dir='ltr'><strong>eli⁵⁰⁰lb</strong></span> <span class='ocrx_word' id='word_1_397' title='bbox 503 4131 615 4189; x_wconf 85' lang='lat' dir='ltr'><strong>cedenti</strong></span> <span class='ocrx_word' id='word_1_398' title='bbox 630 4133 826 4204; x_wconf 65' lang='lat' dir='ltr'><strong>elisfflldfflffl</strong></span> <span class='ocrx_word' id='word_1_399' title='bbox 843 4145 923 4203; x_wconf 87' lang='lat' dir='ltr'><strong>prop</strong></span> <span class='ocrx_word' id='word_1_400' title='bbox 979 4136 1007 4197; x_wconf 92' lang='lat' dir='ltr'><strong>si</strong></span> <span class='ocrx_word' id='word_1_401' title='bbox 1034 4135 1090 4212; x_wconf 87' lang='lat' dir='ltr'><strong>qni</strong></span> <span class='ocrx_word' id='word_1_402' title='bbox 1117 4133 1241 4194; x_wconf 85' lang='lat' dir='ltr'><strong>luerint</strong></span> <span class='ocrx_word' id='word_1_403' title='bbox 1260 4131 1312 4191; x_wconf 91' lang='lat' dir='ltr'><strong>vel</strong></span> <span class='ocrx_word' id='word_1_404' title='bbox 1331 4129 1484 4200; x_wconf 89' lang='lat' dir='ltr'><strong>rebelles,</strong></span> <span class='ocrx_word' id='word_1_405' title='bbox 1512 4143 1573 4203; x_wconf 91' lang='lat' dir='ltr'><strong>per</strong></span> <span class='ocrx_word' id='word_1_406' title='bbox 1598 4141 1776 4187; x_wconf 89' lang='lat' dir='ltr'><strong>censuram</strong></span> 
     </span>
     <span class='ocr_line' id='line_1_41' title="bbox 149 4219 1774 4303; baseline -0.015 -15"><span class='ocrx_word' id='word_1_407' title='bbox 149 4240 203 4288; x_wconf 75' lang='lat' dir='ltr'><strong>ter</strong></span> <span class='ocrx_word' id='word_1_408' title='bbox 218 4221 526 4291; x_wconf 86' lang='lat' dir='ltr'><strong>senectutem,iueraut</strong></span> <span class='ocrx_word' id='word_1_409' title='bbox 541 4227 692 4278; x_wconf 77' lang='lat' dir='ltr'><strong>reservatae</strong></span> <span class='ocrx_word' id='word_1_410' title='bbox 706 4219 923 4293; x_wconf 74' lang='lat' dir='ltr'><strong>quadringentae</strong></span> <span class='ocrx_word' id='word_1_411' title='bbox 979 4231 1240 4295; x_wconf 62' lang='lat' dir='ltr'>ecclesiasticam</span> <span class='ocrx_word' id='word_1_412' title='bbox 1264 4227 1521 4303; x_wconf 65' lang='lat' dir='ltr'><strong>compescentes,</strong></span> <span class='ocrx_word' id='word_1_413' title='bbox 1545 4223 1637 4294; x_wconf 73' lang='lat' dir='ltr'>Quod</span> <span class='ocrx_word' id='word_1_414' title='bbox 1657 4223 1686 4282; x_wconf 68' lang='lat' dir='ltr'><strong>Sp</strong></span> <span class='ocrx_word' id='word_1_415' title='bbox 1706 4235 1774 4281; x_wconf 75' lang='lat' dir='ltr'><strong>non</strong></span> 
     </span>
     <span class='ocr_line' id='line_1_42' title="bbox 149 4307 1776 4402; baseline -0.014 -28"><span class='ocrx_word' id='word_1_416' title='bbox 149 4318 240 4375; x_wconf 77' lang='lat' dir='ltr'><strong>librae</strong></span> <span class='ocrx_word' id='word_1_417' title='bbox 266 4327 317 4387; x_wconf 90' lang='lat' dir='ltr'><strong>pro</strong></span> <span class='ocrx_word' id='word_1_418' title='bbox 345 4312 421 4370; x_wconf 88' lang='lat' dir='ltr'><strong>victu</strong></span> <span class='ocrx_word' id='word_1_419' title='bbox 453 4325 539 4383; x_wconf 86' lang='lat' dir='ltr'><strong>super</strong></span> <span class='ocrx_word' id='word_1_420' title='bbox 566 4307 702 4366; x_wconf 81' lang='lat' dir='ltr'><strong>[ructibus</strong></span> <span class='ocrx_word' id='word_1_421' title='bbox 730 4309 922 4380; x_wconf 88' lang='lat' dir='ltr'><strong>episcopatus.</strong></span> <span class='ocrx_word' id='word_1_422' title='bbox 979 4347 1104 4402; x_wconf 50' lang='lat' dir='ltr'>omnes,</span> <span class='ocrx_word' id='word_1_423' title='bbox 1121 4332 1196 4398; x_wconf 42' lang='lat' dir='ltr'><strong>etc„</strong></span> <span class='ocrx_word' id='word_1_424' title='bbox 1212 4329 1248 4388; x_wconf 65' lang='lat' dir='ltr'><strong>tu</strong></span> <span class='ocrx_word' id='word_1_425' title='bbox 1264 4325 1386 4386; x_wconf 56' lang='lat' dir='ltr'><strong>fratrer</strong></span> <span class='ocrx_word' id='word_1_426' title='bbox 1401 4321 1640 4398; x_wconf 47' lang='lat' dir='ltr'><strong>episcopm·</strong></span> <span class='ocrx_word' id='word_1_427' title='bbox 1657 4319 1776 4378; x_wconf 64' lang='lat' dir='ltr'><strong>Datum</strong></span> 
     </span>
    </p>
   </div>
   <div class='ocr_carea' id='block_1_5' title="bbox 152 4397 1775 4565">
    <p class='ocr_par' dir='ltr' id='par_1_6' title="bbox 152 4397 1775 4565">
     <span class='ocr_line' id='line_1_43' title="bbox 152 4397 1775 4504; baseline -0.015 -3"><span class='ocrx_word' id='word_1_428' title='bbox 152 4410 283 4464; x_wconf 65' lang='lat' dir='ltr'><strong>nemum</strong></span> <span class='ocrx_word' id='word_1_429' title='bbox 297 4417 363 4504; x_wconf 54' lang='grc' dir='ltr'><strong>ΟΨ</strong></span> <span class='ocrx_word' id='word_1_430' title='bbox 378 4401 450 4501; x_wconf 55' lang='lat'><strong>“¹⁶9</strong></span> <span class='ocrx_word' id='word_1_431' title='bbox 465 4399 592 4457; x_wconf 52' lang='lat' dir='ltr'><strong>”num</strong></span> <span class='ocrx_word' id='word_1_432' title='bbox 607 4405 638 4498; x_wconf 70' lang='lat'><strong>¹¹².</strong></span> <span class='ocrx_word' id='word_1_433' title='bbox 653 4397 776 4470; x_wconf 57' lang='lat' dir='ltr'><strong>”mmm</strong></span> <span class='ocrx_word' id='word_1_434' title='bbox 796 4397 924 4497; x_wconf 34' lang='lat' dir='ltr'><strong>equum</strong></span> <span class='ocrx_word' id='word_1_435' title='bbox 979 4427 1145 4498; x_wconf 87' lang='lat' dir='ltr'><strong>Laterani,</strong></span> <span class='ocrx_word' id='word_1_436' title='bbox 1165 4426 1258 4486; x_wconf 79' lang='lat' dir='ltr'><strong>sexto</strong></span> <span class='ocrx_word' id='word_1_437' title='bbox 1281 4422 1355 4483; x_wconf 90' lang='lat' dir='ltr'><strong>idus</strong></span> <span class='ocrx_word' id='word_1_438' title='bbox 1373 4419 1546 4491; x_wconf 81' lang='lat' dir='ltr'><strong>februarii,</strong></span> <span class='ocrx_word' id='word_1_439' title='bbox 1563 4416 1775 4496; x_wconf 85' lang='lat' dir='ltr'><strong>pontificatus</strong></span> 
     </span>
     <span class='ocr_line' id='line_1_44' title="bbox 155 4486 922 4565; baseline -0.017 -12"><span class='ocrx_word' id='word_1_440' title='bbox 155 4509 220 4552; x_wconf 89' lang='lat' dir='ltr'><strong>non</strong></span> <span class='ocrx_word' id='word_1_441' title='bbox 237 4498 326 4565; x_wconf 83' lang='lat' dir='ltr'><strong>possit</strong></span> <span class='ocrx_word' id='word_1_442' title='bbox 339 4504 391 4548; x_wconf 90' lang='lat' dir='ltr'><strong>nec</strong></span> <span class='ocrx_word' id='word_1_443' title='bbox 406 4490 460 4546; x_wconf 85' lang='lat' dir='ltr'><strong>alra</strong></span> <span class='ocrx_word' id='word_1_444' title='bbox 474 4489 579 4553; x_wconf 83' lang='lat' dir='ltr'><strong>iacere,</strong></span> <span class='ocrx_word' id='word_1_445' title='bbox 594 4501 729 4560; x_wconf 82' lang='lat' dir='ltr'><strong>episcopo</strong></span> <span class='ocrx_word' id='word_1_446' title='bbox 741 4486 877 4554; x_wconf 82' lang='lat' dir='ltr'><strong>Tuliassi,</strong></span> <span class='ocrx_word' id='word_1_447' title='bbox 891 4486 922 4542; x_wconf 91' lang='lat' dir='ltr'><strong>B.</strong></span> 
     </span>
    </p>
   </div>
   <div class='ocr_carea' id='block_1_6' title="bbox 155 4572 1422 4787">
    <p class='ocr_par' dir='ltr' id='par_1_7' title="bbox 155 4572 1422 4787">
     <span class='ocr_line' id='line_1_45' title="bbox 156 4572 924 4642; baseline -0.017 0"><span class='ocrx_word' id='word_1_448' title='bbox 156 4581 298 4642; x_wconf 79' lang='lat' dir='ltr'><strong>ilamensi</strong></span> <span class='ocrx_word' id='word_1_449' title='bbox 311 4585 340 4636; x_wconf 86' lang='lat' dir='ltr'><strong>et</strong></span> <span class='ocrx_word' id='word_1_450' title='bbox 350 4581 374 4636; x_wconf 91' lang='lat' dir='ltr'><strong>l.</strong></span> <span class='ocrx_word' id='word_1_451' title='bbox 387 4577 574 4636; x_wconf 70' lang='lat' dir='ltr'><strong>ambianensi</strong></span> <span class='ocrx_word' id='word_1_452' title='bbox 585 4574 794 4633; x_wconf 85' lang='lat' dir='ltr'><strong>archidiaconis</strong></span> <span class='ocrx_word' id='word_1_453' title='bbox 808 4572 924 4630; x_wconf 89' lang='lat' dir='ltr'><strong>mandat</strong></span> 
     </span>
     <span class='ocr_line' id='line_1_46' title="bbox 155 4665 1422 4787; baseline -0.014 -57"><span class='ocrx_word' id='word_1_454' title='bbox 155 4681 190 4732; x_wconf 86' lang='lat' dir='ltr'><strong>ul</strong></span> <span class='ocrx_word' id='word_1_455' title='bbox 203 4671 361 4728; x_wconf 87' lang='lat' dir='ltr'><strong>limitantur</strong></span> <span class='ocrx_word' id='word_1_456' title='bbox 377 4666 413 4725; x_wconf 88' lang='lat' dir='ltr'><strong>ad</strong></span> <span class='ocrx_word' id='word_1_457' title='bbox 424 4667 563 4724; x_wconf 86' lang='lat' dir='ltr'><strong>ducentas</strong></span> <span class='ocrx_word' id='word_1_458' title='bbox 575 4665 671 4723; x_wconf 89' lang='lat' dir='ltr'><strong>libras.</strong></span> <span class='ocrx_word' id='word_1_459' title='bbox 1327 4698 1422 4787; x_wconf 69' lang='lat' dir='ltr'><strong>CCV</strong></span> 
     </span>
    </p>
   </div>
   <div class='ocr_carea' id='block_1_7' title="bbox 147 3891 890 4070">
    <p class='ocr_par' dir='ltr' id='par_1_8' title="bbox 147 3891 890 4070">
     <span class='ocr_line' id='line_1_47' title="bbox 424 3891 624 3950; baseline -0.02 0"><span class='ocrx_word' id='word_1_460' title='bbox 424 3891 526 3950; x_wconf 78' lang='lat' dir='ltr'><strong>sicar.</strong></span> <span class='ocrx_word' id='word_1_461' title='bbox 544 3892 624 3948; x_wconf 73' lang='lat'><strong>1217.</strong></span> 
     </span>
     <span class='ocr_line' id='line_1_48' title="bbox 147 3993 890 4070; baseline -0.015 -16"><span class='ocrx_word' id='word_1_462' title='bbox 147 4005 267 4070; x_wconf 76' lang='lat' dir='ltr'><strong>[Regest.</strong></span> <span class='ocrx_word' id='word_1_463' title='bbox 283 4001 327 4051; x_wconf 90' lang='lat' dir='ltr'><strong>lib.</strong></span> <span class='ocrx_word' id='word_1_464' title='bbox 343 4000 363 4058; x_wconf 89' lang='lat'><strong>1,</strong></span> <span class='ocrx_word' id='word_1_465' title='bbox 379 3999 453 4062; x_wconf 84' lang='lat' dir='ltr'><strong>epist.</strong></span> <span class='ocrx_word' id='word_1_466' title='bbox 469 3997 523 4047; x_wconf 73' lang='lat'><strong>28².</strong></span> <span class='ocrx_word' id='word_1_467' title='bbox 536 3997 593 4046; x_wconf 88' lang='lat' dir='ltr'><strong>llss.</strong></span> <span class='ocrx_word' id='word_1_468' title='bbox 612 3997 648 4047; x_wconf 83' lang='lat' dir='ltr'><strong>La</strong></span> <span class='ocrx_word' id='word_1_469' title='bbox 662 3996 738 4046; x_wconf 76' lang='lat' dir='ltr'><strong>Poste</strong></span> <span class='ocrx_word' id='word_1_470' title='bbox 751 3995 785 4046; x_wconf 89' lang='lat' dir='ltr'><strong>du</strong></span> <span class='ocrx_word' id='word_1_471' title='bbox 798 3993 890 4058; x_wconf 69' lang='lat' dir='ltr'><strong>rualli.</strong></span> 
     </span>
    </p>
   </div>
   <div class='ocr_carea' id='block_1_8' title="bbox 980 4521 1321 4600">
    <p class='ocr_par' dir='ltr' id='par_1_9' title="bbox 980 4521 1321 4600">
     <span class='ocr_line' id='line_1_49' title="bbox 980 4521 1321 4600; baseline -0.021 -12"><span class='ocrx_word' id='word_1_472' title='bbox 980 4525 1085 4588; x_wconf 87' lang='lat' dir='ltr'><strong>nostri</strong></span> <span class='ocrx_word' id='word_1_473' title='bbox 1100 4540 1188 4586; x_wconf 91' lang='lat' dir='ltr'><strong>anno</strong></span> <span class='ocrx_word' id='word_1_474' title='bbox 1203 4521 1321 4600; x_wconf 92' lang='lat' dir='ltr'><strong>primo.</strong></span> 
     </span>
    </p>
   </div>
   <div class='ocr_carea' id='block_1_9' title="bbox 121 4811 924 4994">
    <p class='ocr_par' dir='ltr' id='par_1_10' title="bbox 121 4811 924 4994">
     <span class='ocr_line' id='line_1_50' title="bbox 162 4811 921 4887; baseline -0.013 -6"><span class='ocrx_word' id='word_1_475' title='bbox 162 4814 348 4887; x_wconf 70' lang='lat' dir='ltr'><strong>Honorius</strong></span> <span class='ocrx_word' id='word_1_476' title='bbox 372 4815 448 4887; x_wconf 80' lang='lat' dir='ltr'><strong>eto,</strong></span> <span class='ocrx_word' id='word_1_477' title='bbox 468 4811 653 4874; x_wconf 90' lang='lat' dir='ltr'><strong>venerabili</strong></span> <span class='ocrx_word' id='word_1_478' title='bbox 675 4811 771 4874; x_wconf 86' lang='lat' dir='ltr'><strong>fratri</strong></span> <span class='ocrx_word' id='word_1_479' title='bbox 793 4811 921 4874; x_wconf 90' lang='lat' dir='ltr'><strong>Tullen.</strong></span> 
     </span>
     <span class='ocr_line' id='line_1_51' title="bbox 121 4909 924 4994; baseline -0.01 -16"><span class='ocrx_word' id='word_1_480' title='bbox 121 4919 294 4994; x_wconf 87' lang='lat' dir='ltr'><strong>episcopo,</strong></span> <span class='ocrx_word' id='word_1_481' title='bbox 310 4917 347 4974; x_wconf 91' lang='grc' dir='ltr'><strong>Β.</strong></span> <span class='ocrx_word' id='word_1_482' title='bbox 368 4915 504 4974; x_wconf 91' lang='lat' dir='ltr'><strong>Remen.</strong></span> <span class='ocrx_word' id='word_1_483' title='bbox 529 4911 563 4971; x_wconf 90' lang='lat' dir='ltr'><strong>et</strong></span> <span class='ocrx_word' id='word_1_484' title='bbox 584 4912 614 4972; x_wconf 84' lang='lat' dir='ltr'><strong>J.</strong></span> <span class='ocrx_word' id='word_1_485' title='bbox 640 4909 835 4972; x_wconf 86' lang='lat' dir='ltr'><strong>Ambianen.</strong></span> <span class='ocrx_word' id='word_1_486' title='bbox 864 4925 924 4970; x_wconf 90' lang='lat' dir='ltr'><strong>ar-</strong></span> 
     </span>
    </p>
   </div>
   <div class='ocr_carea' id='block_1_10' title="bbox 121 4997 1778 5666">
    <p class='ocr_par' dir='ltr' id='par_1_11' title="bbox 121 4997 1474 5077">
     <span class='ocr_line' id='line_1_52' title="bbox 121 4997 1474 5077; baseline -0.018 0"><span class='ocrx_word' id='word_1_487' title='bbox 121 5012 345 5077; x_wconf 89' lang='lat' dir='ltr'><strong>chidiaconis.</strong></span> <span class='ocrx_word' id='word_1_488' title='bbox 1280 5001 1298 5058; x_wconf 90' lang='lat'><em>8</em></span> <span class='ocrx_word' id='word_1_489' title='bbox 1313 4997 1384 5056; x_wconf 87' lang='lat' dir='ltr'><strong>lebr.</strong></span> <span class='ocrx_word' id='word_1_490' title='bbox 1395 4998 1474 5056; x_wconf 78' lang='lat' dir='ltr'><strong>llll.</strong></span> 
     </span>
    </p>

    <p class='ocr_par' dir='ltr' id='par_1_12' title="bbox 123 5103 1778 5666">
     <span class='ocr_line' id='line_1_53' title="bbox 163 5103 1746 5186; baseline -0.011 -14"><span class='ocrx_word' id='word_1_491' title='bbox 163 5115 219 5173; x_wconf 78' lang='lat' dir='ltr'><strong>Ex</strong></span> <span class='ocrx_word' id='word_1_492' title='bbox 233 5107 458 5170; x_wconf 91' lang='lat' dir='ltr'><strong>insinuatione</strong></span> <span class='ocrx_word' id='word_1_493' title='bbox 474 5103 675 5166; x_wconf 89' lang='lat' dir='ltr'><strong>venerabilis</strong></span> <span class='ocrx_word' id='word_1_494' title='bbox 692 5103 806 5165; x_wconf 84' lang='lat' dir='ltr'><strong>fratris</strong></span> <span class='ocrx_word' id='word_1_495' title='bbox 819 5103 925 5164; x_wconf 89' lang='lat' dir='ltr'><strong>nostri</strong></span> <span class='ocrx_word' id='word_1_496' title='bbox 1013 5119 1084 5186; x_wconf 83' lang='lat' dir='ltr'><strong>[cod.</strong></span> <span class='ocrx_word' id='word_1_497' title='bbox 1099 5119 1143 5168; x_wconf 75' lang='lat' dir='ltr'><strong>lat.</strong></span> <span class='ocrx_word' id='word_1_498' title='bbox 1158 5115 1229 5174; x_wconf 78' lang='lat' dir='ltr'><strong>soar,</strong></span> <span class='ocrx_word' id='word_1_499' title='bbox 1241 5128 1267 5179; x_wconf 78' lang='lat' dir='ltr'><strong>p.</strong></span> <span class='ocrx_word' id='word_1_500' title='bbox 1282 5115 1321 5162; x_wconf 86' lang='lat' dir='ltr'><strong>eo.</strong></span> <span class='ocrx_word' id='word_1_501' title='bbox 1332 5113 1389 5162; x_wconf 72' lang='lat' dir='ltr'><strong>ns.</strong></span> <span class='ocrx_word' id='word_1_502' title='bbox 1402 5110 1583 5172; x_wconf 72' lang='lat' dir='ltr'><strong>stationeque</strong></span> <span class='ocrx_word' id='word_1_503' title='bbox 1593 5105 1746 5170; x_wconf 65' lang='lat' dir='ltr'><strong>nationale]</strong></span> 
     </span>
     <span class='ocr_line' id='line_1_54' title="bbox 123 5201 927 5280; baseline -0.01 -10"><span class='ocrx_word' id='word_1_504' title='bbox 123 5208 345 5272; x_wconf 83' lang='lat' dir='ltr'><strong>catalaunen.</strong></span> <span class='ocrx_word' id='word_1_505' title='bbox 375 5203 523 5280; x_wconf 89' lang='lat' dir='ltr'><strong>episcopi</strong></span> <span class='ocrx_word' id='word_1_506' title='bbox 552 5218 611 5263; x_wconf 92' lang='lat' dir='ltr'><strong>nos</strong></span> <span class='ocrx_word' id='word_1_507' title='bbox 637 5201 798 5263; x_wconf 91' lang='lat' dir='ltr'><strong>noveritis</strong></span> <span class='ocrx_word' id='word_1_508' title='bbox 829 5216 927 5262; x_wconf 90' lang='lat' dir='ltr'><strong>acce-</strong></span> 
     </span>
     <span class='ocr_line' id='line_1_55' title="bbox 123 5299 924 5386; baseline -0.015 -17"><span class='ocrx_word' id='word_1_509' title='bbox 123 5310 229 5386; x_wconf 88' lang='lat' dir='ltr'><strong>pisse,</strong></span> <span class='ocrx_word' id='word_1_510' title='bbox 259 5303 345 5382; x_wconf 84' lang='lat' dir='ltr'><strong>quod</strong></span> <span class='ocrx_word' id='word_1_511' title='bbox 377 5301 580 5365; x_wconf 87' lang='lat' dir='ltr'><strong>venerabilis</strong></span> <span class='ocrx_word' id='word_1_512' title='bbox 610 5299 713 5360; x_wconf 85' lang='lat' dir='ltr'><strong>irater</strong></span> <span class='ocrx_word' id='word_1_513' title='bbox 740 5299 855 5360; x_wconf 88' lang='lat' dir='ltr'><strong>noster</strong></span> <span class='ocrx_word' id='word_1_514' title='bbox 886 5301 924 5358; x_wconf 83' lang='lat' dir='ltr'><strong>G.</strong></span> 
     </span>
     <span class='ocr_line' id='line_1_56' title="bbox 123 5395 927 5484; baseline -0.015 -16"><span class='ocrx_word' id='word_1_515' title='bbox 123 5408 305 5484; x_wconf 88' lang='lat' dir='ltr'><strong>episcopus</strong></span> <span class='ocrx_word' id='word_1_516' title='bbox 315 5398 707 5479; x_wconf 81' lang='lat' dir='ltr'><strong>quondamcatalaunen.</strong></span> <span class='ocrx_word' id='word_1_517' title='bbox 716 5395 843 5458; x_wconf 93' lang='lat' dir='ltr'><strong>viribus</strong></span> <span class='ocrx_word' id='word_1_518' title='bbox 856 5411 927 5456; x_wconf 86' lang='lat' dir='ltr'><strong>cor-</strong></span> 
     </span>
     <span class='ocr_line' id='line_1_57' title="bbox 123 5479 1777 5581; baseline -0.021 -15"><span class='ocrx_word' id='word_1_519' title='bbox 123 5504 220 5581; x_wconf 89' lang='lat' dir='ltr'><strong>poris</strong></span> <span class='ocrx_word' id='word_1_520' title='bbox 236 5501 425 5572; x_wconf 86' lang='lat' dir='ltr'><strong>destitutus,</strong></span> <span class='ocrx_word' id='word_1_521' title='bbox 437 5499 469 5560; x_wconf 91' lang='lat' dir='ltr'><strong>et</strong></span> <span class='ocrx_word' id='word_1_522' title='bbox 481 5497 644 5575; x_wconf 87' lang='lat' dir='ltr'><strong>impotens</strong></span> <span class='ocrx_word' id='word_1_523' title='bbox 658 5495 699 5557; x_wconf 88' lang='lat' dir='ltr'><strong>ad</strong></span> <span class='ocrx_word' id='word_1_524' title='bbox 714 5493 926 5572; x_wconf 84' lang='lat' dir='ltr'><strong>pontificatus</strong></span> <span class='ocrx_word' id='word_1_525' title='bbox 1022 5490 1102 5550; x_wconf 87' lang='lat' dir='ltr'><strong>Cum</strong></span> <span class='ocrx_word' id='word_1_526' title='bbox 1116 5502 1135 5548; x_wconf 91' lang='lat' dir='ltr'><strong>a</strong></span> <span class='ocrx_word' id='word_1_527' title='bbox 1149 5484 1244 5547; x_wconf 93' lang='lat' dir='ltr'><strong>nobis</strong></span> <span class='ocrx_word' id='word_1_528' title='bbox 1259 5479 1488 5560; x_wconf 89' lang='lat' dir='ltr'><strong>pet&#39;tur,etc...</strong></span> <span class='ocrx_word' id='word_1_529' title='bbox 1505 5489 1612 5550; x_wconf 73' lang='lat' dir='ltr'><strong>aspare</strong></span> <span class='ocrx_word' id='word_1_530' title='bbox 1627 5488 1777 5536; x_wconf 89' lang='lat' dir='ltr'><strong>assensu.</strong></span> 
     </span>
     <span class='ocr_line' id='line_1_58' title="bbox 124 5571 1778 5666; baseline -0.019 -2"><span class='ocrx_word' id='word_1_531' title='bbox 124 5601 299 5664; x_wconf 88' lang='lat' dir='ltr'><strong>sarcinam</strong></span> <span class='ocrx_word' id='word_1_532' title='bbox 323 5596 562 5666; x_wconf 90' lang='lat' dir='ltr'><strong>sustinendam,</strong></span> <span class='ocrx_word' id='word_1_533' title='bbox 588 5595 628 5657; x_wconf 93' lang='lat' dir='ltr'><strong>de</strong></span> <span class='ocrx_word' id='word_1_534' title='bbox 651 5607 794 5656; x_wconf 88' lang='lat' dir='ltr'><strong>assensu</strong></span> <span class='ocrx_word' id='word_1_535' title='bbox 819 5590 927 5655; x_wconf 83' lang='lat' dir='ltr'><strong>felicis</strong></span> <span class='ocrx_word' id='word_1_536' title='bbox 982 5585 1149 5650; x_wconf 79' lang='lat' dir='ltr'><strong>Ecclesiae</strong></span> <span class='ocrx_word' id='word_1_537' title='bbox 1163 5582 1223 5646; x_wconf 79' lang='lat' dir='ltr'><strong>liei</strong></span> <span class='ocrx_word' id='word_1_538' title='bbox 1237 5581 1382 5645; x_wconf 88' lang='lat' dir='ltr'><strong>Alcaran</strong></span> <span class='ocrx_word' id='word_1_539' title='bbox 1406 5593 1481 5640; x_wconf 88' lang='lat' dir='ltr'><strong>oum</strong></span> <span class='ocrx_word' id='word_1_540' title='bbox 1503 5571 1656 5638; x_wconf 88' lang='lat' dir='ltr'><strong>omnibus</strong></span> <span class='ocrx_word' id='word_1_541' title='bbox 1671 5572 1778 5650; x_wconf 88' lang='lat' dir='ltr'><strong>perti-</strong></span> 
     </span>
    </p>
   </div>
   <div class='ocr_carea' id='block_1_11' title="bbox 1089 4850 1671 4929">
    <p class='ocr_par' dir='ltr' id='par_1_13' title="bbox 1089 4850 1671 4929">
     <span class='ocr_line' id='line_1_59' title="bbox 1089 4850 1671 4929; baseline -0.024 -9"><span class='ocrx_word' id='word_1_542' title='bbox 1089 4861 1141 4920; x_wconf 83' lang='lat' dir='ltr'><strong>Ad</strong></span> <span class='ocrx_word' id='word_1_543' title='bbox 1155 4856 1449 4929; x_wconf 80' lang='lat' dir='ltr'><strong>arclrtcptscopunt</strong></span> <span class='ocrx_word' id='word_1_544' title='bbox 1462 4850 1671 4912; x_wconf 82' lang='lat' dir='ltr'><strong>Toletanam.</strong></span> 
     </span>
    </p>
   </div>
   <div class='ocr_carea' id='block_1_12' title="bbox 981 5240 1778 5404">
    <p class='ocr_par' dir='ltr' id='par_1_14' title="bbox 981 5240 1778 5404">
     <span class='ocr_line' id='line_1_60' title="bbox 981 5240 1778 5328; baseline -0.023 -13"><span class='ocrx_word' id='word_1_545' title='bbox 981 5254 1203 5328; x_wconf 85' lang='lat' dir='ltr'><strong>Arcbiepiscopo</strong></span> <span class='ocrx_word' id='word_1_546' title='bbox 1215 5249 1351 5307; x_wconf 82' lang='lat' dir='ltr'><strong>Toletano</strong></span> <span class='ocrx_word' id='word_1_547' title='bbox 1366 5245 1516 5303; x_wconf 89' lang='lat' dir='ltr'><strong>conlirmat</strong></span> <span class='ocrx_word' id='word_1_548' title='bbox 1531 5243 1626 5316; x_wconf 91' lang='lat' dir='ltr'><strong>plures</strong></span> <span class='ocrx_word' id='word_1_549' title='bbox 1640 5240 1778 5298; x_wconf 90' lang='lat' dir='ltr'><strong>ecclesias</strong></span> 
     </span>
     <span class='ocr_line' id='line_1_61' title="bbox 1016 5331 1695 5404; baseline -0.025 -1"><span class='ocrx_word' id='word_1_550' title='bbox 1016 5359 1081 5404; x_wconf 92' lang='lat' dir='ltr'><strong>cum</strong></span> <span class='ocrx_word' id='word_1_551' title='bbox 1096 5341 1215 5400; x_wconf 90' lang='lat' dir='ltr'><strong>decimis</strong></span> <span class='ocrx_word' id='word_1_552' title='bbox 1229 5337 1358 5395; x_wconf 92' lang='lat' dir='ltr'><strong>omnium</strong></span> <span class='ocrx_word' id='word_1_553' title='bbox 1371 5333 1531 5392; x_wconf 75' lang='lat' dir='ltr'><strong>reddituum</strong></span> <span class='ocrx_word' id='word_1_554' title='bbox 1544 5331 1695 5404; x_wconf 87' lang='lat' dir='ltr'><strong>regalium.</strong></span> 
     </span>
    </p>
   </div>
   <div class='ocr_carea' id='block_1_13' title="bbox 0 0 2123 6404">
    <p class='ocr_par' dir='ltr' id='par_1_15' title="bbox 0 0 2123 6404">
     <span class='ocr_line' id='line_1_62' title="bbox 0 0 2123 6404; baseline 0 0"><span class='ocrx_word' id='word_1_555' title='bbox 0 0 2123 6404; x_wconf 95' lang='lat' dir='ltr'><strong> </strong></span> 
     </span>
    </p>
   </div>
  </div>
 </body>
</html>
