4214 6400
131 285 196 346 313
271 285 405 344 XXXII.
420 315 461 330 -
476 283 520 345 IN
542 285 884 346 rusffllvrrnuisus
906 287 1085 348 PASCHAE
1108 287 1246 360 USQUE
1265 288 1320 348 AD
1344 286 1654 348 PENTECOSTEN.
1730 289 1790 350 sil

131 444 202 506 Alii
216 443 344 506 iaciunt
369 441 512 506 fructum
536 442 593 506 sed
618 459 684 506 non
704 442 840 518 bonum,
857 445 934 522 quia
989 446 1124 520 mitate,
1167 446 1334 524 spirituali
1364 445 1566 510 visitatione.
1602 445 1792 522 remporan

131 543 352 618 corrumpunt
388 541 470 602 illud
512 541 655 620 alictn'us
696 542 845 604 criminis
881 542 935 604 ad·
989 545 1193 607 adversitate
1219 545 1297 622 quia
1323 543 1452 623 quoties
1483 543 1667 606 adversitas
1689 544 1790 620 huJus

131 639 307 711 mixtione,
335 639 381 701 ita
408 639 444 700 ut
472 641 539 700 Deo
561 656 629 702 non
654 639 698 701 sit
718 639 931 717 acceptabile.
990 643 1104 704 saeouli
1127 643 1292 719 patienter
1320 643 1361 704 ab
1385 643 1490 704 electo
1511 643 1703 714 sustinetur,
1730 657 1789 718 pro

70 789 75 796 .
132 737 228 800 Unde
241 737 275 797 in
290 737 470 813 Evangelio
487 759 494 796 ι
512 739 630 800 Omnis
644 741 759 806 arbor,
771 755 848 812 quae
866 753 934 800 aava
989 739 1170 802 afflictione
1196 743 1330 816 peccata
1353 741 1575 809 dimittuntur,
1601 739 1695 800 Unde
1723 741 1790 800 Ec-

133 836 381 910 soottstacotum
392 838 529 907 donatia,
540 837 723 896 caecetur
733 837 766 897 ct
776 840 935 911 inionem
989 837 1196 899 clesiasticus
1211 858 1219 897 :
1236 843 1324 900 Piros
1338 839 1371 901 et
1387 841 1589 900 misericors
1600 839 1652 899 est
1666 841 1789 900 boat-

130 933 294 994 :aiitetar
310 931 440 1010 (Mattlr.
457 949 506 1004 ιη,
524 931 587 1010 10).
605 933 679 994 Non
692 933 776 996 dixit
793 956 800 993 :
818 935 935 996 Omnis
989 950 1066 1007 raas,
1089 937 1124 997 ei
1150 937 1305 998 remittet
1326 936 1535 1011 intempore
1560 934 1793 996 tribulationis

48 1022 79 1069 -’
129 1033 327 1104 arborque
341 1031 934 1105 nontacitsiuciam,sedpaaeaon
985 1035 1129 1106 peccata
1142 1032 1256 1114 (Eucti.
1274 1049 1310 1106 11,
1328 1032 1584 1114 15);corporall
1597 1031 1791 1093 infirmitate

130 1128 216 1202 facit
230 1129 385 1202 tructam
397 1131 535 1196 bovium,
549 1127 666 1190 volens
686 1128 829 1204 intelligi
848 1129 934 1206 quod
990 1131 1022 1192 ot
1046 1131 1213 1208 spirituaii
1239 1131 1442 1200 visitatione,
1470 1132 1548 1208 quia
1569 1131 1698 1208 quoties
1726 1128 1792 1190 ali-

131 1225 261 1287 iaciunt
285 1225 417 1302 quidem
444 1225 601 1299 fructum,
630 1226 687 1288 sed
712 1243 780 1288 uon
799 1227 931 1288 bouum.
990 1228 1064 1303 quis
1087 1228 1212 1290 electus
1234 1229 1371 1306 punitur
1396 1227 1563 1306 corporali
1583 1227 1788 1297 infirmitate,

131 1323 235 1385 Verbi
247 1323 356 1400 gratia
371 1323 582 1402 eleemosyna
598 1323 724 1386 boatus
744 1326 809 1396 est,
826 1324 882 1386 sed
906 1325 934 1384 si
990 1325 1042 1386 vel
1054 1341 1073 1385 a
1085 1328 1153 1386 Deo
1165 1326 1367 1388 intrinsecus
1379 1326 1534 1388 visitatur
1549 1326 1585 1387 ut
1597 1325 1718 1386 babeat
1733 1339 1793 1386 cor

132 1420 208 1498 quis
223 1421 317 1484 daret
330 1421 935 1498 eleemosynamderapinis,detortis
990 1421 1181 1495 contritum,
1206 1423 1304 1484 toties
1326 1426 1399 1500 eJus
1421 1425 1634 1500 peccatorum
1651 1421 1790 1482 macule

130 1518 188 1580 vel
212 1518 252 1579 do
281 1518 477 1594 sacrilegiis,
502 1519 557 1580 vei
579 1519 615 1580 in
639 1519 803 1581 adulterio
825 1519 881 1580 vel
899 1520 934 1580 in
990 1519 1218 1596 deterguntur.
1242 1522 1335 1582 Unde
1351 1520 1434 1582 bene
1452 1521 1628 1597 utrumque
1641 1534 1793 1596 compre-

131 1616 247 1692 aliquo
275 1615 443 1678 criminali
475 1618 611 1694 peccato
639 1617 779 1689 defixus,
809 1617 843 1678 et
876 1632 936 1695 per
990 1617 1106 1678 hendit
1132 1617 1288 1680 Salomon
1318 1634 1385 1679 uno
1418 1617 1595 1690 versiculo,
1622 1633 1696 1678 curn
1720 1617 1790 1678 ait:

132 1715 376 1790 eleemosynas,
396 1714 528 1776 sumsit
552 1715 772 1791 impenitens,
787 1729 826 1776 se
843 1715 936 1792 putet
990 1720 1095 1777 livor
1109 1721 1263 1778 otiacris
1273 1717 1446 1793 discerpet
1458 1722 1561 1788 naam,
1580 1715 1615 1777 et
1626 1720 1738 1790 piapoe
1753 1718 1791 1776 ia

132 1813 240 1872 Deum
260 1811 452 1887 propitiare,
481 1811 607 1873 tructus
623 1812 841 1890 eleemosyna
868 1829 934 1876 non
989 1815 1233 1876 secretioribus
1254 1815 1388 1876 veniris
1408 1813 1521 1893 (Prov.
1533 1830 1591 1885 xx,
1605 1811 1671 1890 30).
1689 1812 1789 1872 Livor

132 1908 242 1970 bonus
256 1909 410 1981 efficitur,
434 1910 511 1987 quia
526 1923 586 1986 per
607 1907 836 1986 eleemosynas
857 1927 935 1970 suas
990 1910 1138 1973 vulneris
1160 1912 1211 1972 est
1224 1911 1412 1984 infirmitas,
1430 1911 1483 1972 vel
1501 1910 1659 1989 quaelibet
1680 1909 1791 1986 passio

133 2006 231 2084 quasi
257 2006 329 2069 vuit
351 2022 462 2068 emere
487 2007 673 2080 Dominum,
698 2009 734 2070 ut
754 2007 855 2070 liceat
872 2007 936 2070 sibi
990 2010 1150 2086 corporis,
1177 2011 1255 2087 quia
1279 2010 1367 2072 livor
1387 2009 1547 2085 abstergit
1568 2008 1667 2079 mala,
1692 2006 1789 2078 idest,

133 2105 270 2181 impune
294 2121 444 2182 peccare.
475 2105 568 2166 Unde
596 2107 831 2182 Augustinus:
861 2107 936 2168 Vita
991 2109 1136 2184 peccata.
1166 2108 1278 2184 Plagae
1309 2107 1345 2168 in
1372 2105 1609 2169 secretioribus
1637 2105 1789 2176 ventris,

132 2205 284 2264 bominis
296 2204 525 2265 cstmuiaada
537 2207 575 2264 ia
586 2208 719 2276 accitas,
731 2206 766 2267 et
775 2219 841 2279 por
855 2209 937 2267 eice·
991 2205 1085 2277 idest,
1101 2207 1258 2268 contritio
1273 2207 1306 2267 et
1319 2205 1507 2266 humiliatio
1527 2203 1731 2282 poenitentiae
1756 2202 1791 2263 in

132 2303 304 2375 mosanas
317 2303 562 2376 propitiandus
585 2303 638 2364 asi
660 2306 764 2364 Deus.
793 2305 868 2362 Non
893 2302 935 2363 ad
990 2303 1226 2364 secretioribus
1242 2293 1362 2364 animae
1373 2303 1568 2378 abstergunt
1581 2301 1679 2372 mala,
1694 2299 1790 2372 idest,

133 2397 197 2460 boo
219 2399 460 2476 quodammodo
484 2399 653 2474 emendus,
678 2403 714 2462 ut
737 2416 776 2461 ea
806 2416 937 2478 semper
991 2401 1137 2477 peccata.
1156 2401 1190 2463 Si
1205 2402 1280 2479 quis
1293 2402 1395 2476 igitur
1407 2400 1612 2463 christianus
1628 2398 1692 2460 lert
1706 2397 1793 2458 truc-

133 2496 236 2557 liceat
250 2497 387 2574 impune
401 2498 618 2560 committere.
990 2499 1059 2559 tum
1070 2496 1201 2569 bonurn,
1219 2499 1252 2558 et
1264 2498 1391 2575 patitur
1404 2497 1550 2574 aliquam
1564 2495 1792 2556 infirmitatem

174 2593 241 2654 Alii
267 2592 395 2656 faciunt
421 2592 567 2657 iruetum
599 2593 744 2666 bonum,
770 2595 828 2656 sed
857 2610 935 2656 earo
991 2595 1151 2671 corporis,
1169 2595 1220 2656 vel
1233 2594 1448 2672 temporalem
1465 2594 1710 2664 adversitatem,
1725 2607 1792 2652 non

134 2691 322 2762 marcescit,
339 2692 376 2754 ut
388 2692 535 2765 suntilli,
552 2693 610 2770 qui
625 2709 700 2753 curn
715 2693 783 2754 sint
797 2693 934 2754 serven-
991 2693 1214 2764 contristetur,
1230 2693 1307 2770 quia
1326 2691 1481 2770 purgatio
1495 2691 1556 2752 est.
1571 2691 1609 2752 at
1621 2690 1697 2751 ideo
1712 2705 1795 2766 pur-

133 2791 185 2850 tos
205 2789 240 2849 in
255 2788 431 2866 principio,
453 2791 642 2866 emergente
655 2790 768 2868 aliqua
783 2791 936 2852 adversi·
990 2791 1048 2867 gat
1061 2806 1137 2851 oum
1161 2789 1304 2852 coelestis
1320 2789 1479 2866 agricola,
1505 2791 1542 2850 ut
1555 2788 1698 2850 fructum
1716 2787 1793 2864 plus

134 2887 203 2946 tate
216 2885 316 2963 hujus
328 2887 454 2958 saeculi,
476 2887 533 2947 vel
547 2887 752 2959 difficultate,
774 2887 938 2949 desistunt
991 2887 1120 2960 afferat,
1138 2889 1215 2966 quia
1237 2888 1322 2950 sicut
1341 2888 1463 2964 legitur
1477 2909 1484 2948 :
1499 2889 1569 2948 Nec
1586 2900 1745 2965 prospera
1761 2887 1793 2947 te

134 2999 157 3045 a
184 2983 272 3045 bono
287 2999 398 3061 opere,
420 2986 455 3047 et
473 2985 644 3046 declinant
665 2985 706 3046 ad
727 2986 862 3048 malum.
889 2987 936 3046 De
991 2986 1145 3058 allevent,
1169 3001 1231 3048 uec
1258 2987 1400 3048 adversa
1425 2985 1458 3047 te
1473 2983 1680 3055 conturbent,
1701 2983 1792 3061 quia,

135 3081 256 3159 quibus
281 3081 316 3143 in
345 3081 408 3144 iob
424 3103 431 3141 :
448 3083 609 3146 Laetetur
638 3087 738 3158 quasi
769 3087 871 3146 vivaco
898 3086 937 3144 ia
992 3085 1077 3148 siout
1092 3085 1218 3148 exaltat
1232 3085 1337 3146 malos
1352 3085 1388 3146 in
1405 3085 1469 3146 boc
1492 3083 1617 3145 saeculo
1635 3084 1671 3143 ut
1686 3081 1720 3142 in
1735 3079 1793 3140 iu-

132 3183 252 3254 primo
263 3181 350 3252 tiore
364 3181 481 3242 botrus
493 3184 569 3252 aius
582 3179 670 3260 (iob.
685 3197 740 3253 xv,
752 3181 818 3261 33).
831 3181 936 3243 Vinea
990 3182 1066 3245 turo
1085 3182 1313 3255 humilientur,
1342 3183 1389 3245 ita
1412 3181 1566 3244 humiliat
1585 3182 1618 3242 et
1631 3178 1794 3257 opprimit

136 3277 270 3338 laeditur
281 3277 316 3338 in
334 3278 444 3354 primo
457 3277 550 3352 tiore,
565 3278 594 3339 si
609 3279 740 3356 quando
756 3279 859 3340 nimio
872 3279 937 3340 tri-
991 3280 1096 3342 bonos
1107 3281 1139 3342 et
1151 3283 1258 3358 justos
1273 3281 1512 3342 tentationibus
1527 3281 1562 3340 in
1573 3278 1636 3340 hoo
1657 3275 1791 3348 mundo,
1871 3297 1873 3302 ·

134 3391 228 3450 gore,
243 3375 533 3452 tangiturAEodem
550 3377 646 3438 modo
669 3377 764 3439 multi
779 3378 937 3439 florentes
993 3379 1028 3440 ut
1039 3379 1073 3440 in
1089 3377 1205 3439 tuturo
1213 3377 1413 3440 exaltentur.

135 3473 232 3534 bonis
248 3473 414 3550 operibus,
431 3475 528 3551 quasi
551 3476 649 3536 vinea
671 3476 854 3552 tanguntur
871 3475 936 3536 iri·
1034 3475 1127 3537 Unde
1141 3476 1176 3536 in
1187 3475 1421 3537 Ecclesiastico
1438 3497 1447 3534 ε
1465 3477 1555 3536 Vasa
1566 3475 1662 3548 ilpuit
1672 3471 1795 3547 probat

135 3587 228 3648 gore,
253 3571 348 3642 idest,
376 3570 587 3645 adversitate,
604 3574 637 3634 et
649 3573 859 3635 marcescunt
875 3589 936 3635 eo·
992 3576 1132 3647 fornae,
1158 3573 1192 3635 et
1212 3576 1366 3634 homines
1380 3572 1495 3644 justos
1517 3571 1661 3632 tentatio
1680 3569 1794 3629 tribu·-

137 3685 212 3728 rum
225 3668 323 3740 botri,
336 3668 421 3730 idest
435 3669 545 3741 tiores,
564 3671 649 3732 idest
660 3671 756 3733 bonae
770 3673 940 3748 operatio-
992 3671 1130 3732 tattonis
1143 3669 1258 3750 (Eccli.
1273 3668 1433 3748 xxv11,6).
1446 3669 1538 3729 Siout
1548 3668 1640 3729 calor
1649 3665 1795 3727 fornacis

136 3782 206 3828 nes.
225 3767 288 3828 Sed
303 3766 382 3845 quid
392 3767 525 3844 prodest
539 3769 589 3830 eis
599 3769 685 3845 quod
698 3769 804 3845 primo
815 3767 939 3830 tuerint
993 3768 1129 3829 indurat
1145 3783 1226 3828 vasa
1241 3767 1368 3839 tletilia,
1386 3783 1459 3844 quae
1474 3766 1567 3843 prius
1587 3765 1683 3826 erant
1704 3763 1793 3824 mol-

135 3865 301 3926 ferventes
313 3865 346 3925 in
361 3863 448 3927 bono
460 3881 572 3943 opere.
584 3867 613 3926 si
623 3867 766 3928 tamcito
775 3865 939 3930 desistunt
993 3865 1060 3938 lia,
1095 3866 1143 3928 ita
1177 3866 1318 3928 tentatio
1354 3864 1579 3926 tribulationis
1620 3861 1796 3925 confirmat

137 3978 197 4044 pro
212 3963 353 4040 alicujus
375 3963 605 4040 malignitate?
626 3964 720 4026 Unde
733 3965 937 4040 Gregorius:
994 3965 1127 4025 sanctos
1147 3963 1182 4023 in
1204 3963 1295 4024 omni
1317 3963 1460 4026 veritate
1485 3963 1517 4024 et
1536 3960 1678 4039 justitie,
1696 3961 1794 4037 juxta

136 4077 157 4118 a·
171 4062 341 4120 incassum
374 4059 497 4120 bonum
532 4060 661 4137 agitur,
699 4061 727 4121 si
757 4061 833 4122 ante
861 4061 939 4124 vitae
995 4060 1080 4140 quod
1107 4061 1187 4122 dicit
1204 4060 1307 4122 Jacob
1324 4077 1331 4122 :
1349 4051 1455 4123 Oratae
1476 4063 1642 4136 pacatum
1665 4059 1794 4120 emisti-

136 4157 316 4218 termioum
350 4157 576 4219 deseratur.»
613 4161 652 4220 Ut
675 4159 853 4236 Apostolus
877 4176 939 4221 nos
995 4161 1099 4231 raaia,
1116 4161 1259 4233 fraires,
1275 4175 1355 4220 cam
1371 4159 1561 4220 incideritis
1575 4161 1612 4218 ia
1629 4155 1795 4216 tertiatio-

136 4255 300 4326 hortutur,
315 4254 586 4318 dieens2Boaum
599 4257 941 4330 sancientesaoadapt·
996 4272 1076 4318 acm
1106 4255 1190 4336 (iao.
1220 4273 1243 4330 1,
1273 4254 1319 4333 2).
1348 4257 1387 4317 lit
1419 4255 1578 4316 Dominus
1599 4274 1607 4312 :
1627 4255 1707 4313 iam
1734 4267 1796 4314 vos

136 4356 271 4415 oiamas
286 4350 371 4430 (Gal.
387 4368 433 4425 vr,
448 4352 494 4431 9).
509 4353 594 4427 Quia
606 4353 729 4430 legitur
744 4353 777 4414 in
794 4357 940 4430 Evange·
994 4357 1114 4415 mandi
1126 4355 1213 4416 estis
1222 4354 1368 4429 propter
1381 4365 1578 4414 samonem
1596 4365 1697 4425 qiieiii
1711 4355 1799 4412 ioca·

137 4450 183 4512 lio
198 4472 205 4510 ε
218 4453 296 4512 Non
309 4451 532 4526 qaicoeperit,
549 4454 609 4512 sed
623 4454 941 4526 quipersaaeraoo-
995 4454 1050 4513 tras
1077 4466 1156 4512 sam
1184 4455 1278 4512 ociis
1300 4448 1410 4530 (ioan.
1436 4465 1493 4521 xv,
1514 4447 1559 4528 3).
1583 4450 1689 4525 super
1707 4448 1796 4508 bunc

137 4549 309 4621 ritusque
327 4551 364 4608 ta
383 4549 499 4621 finem,
518 4551 572 4610 iic
585 4553 702 4611 satam
719 4549 788 4610 erit
806 4547 938 4628 (iiattb.
994 4549 1104 4610 locum
1133 4548 1213 4610 dicit
1236 4548 1453 4626 Augustinus,
1475 4548 1564 4625 quod
1584 4547 1734 4608 cbristus
1755 4545 1798 4607 de

137 4661 172 4717 x,
187 4647 253 4721 22).
276 4646 379 4721 Igitur
393 4661 524 4706 omnem
543 4646 711 4723 palmitem
738 4662 804 4708 non
828 4645 941 4708 ieron·
995 4646 1158 4724 baptismo
1185 4647 1229 4708 sit
1249 4647 1379 4709 locutus
1401 4647 1474 4708 baec
1488 4645 1603 4710 verba.
1622 4645 1685 4706 Sed
1704 4661 1798 4723 que
1853 4697 1856 4706 ,

136 4745 205 4808 tem
228 4741 381 4815 fructum,
398 4742 451 4804 vel
469 4741 629 4804 terentem
644 4744 777 4822 quidem
794 4744 849 4804 sed
874 4761 940 4806 non
995 4745 1135 4806 rendum
1150 4745 1248 4806 nobis
1260 4745 1321 4817 est,
1339 4761 1442 4822 quare
1454 4761 1519 4805 non
1535 4744 1621 4806 dixit
1632 4759 1652 4804 a
1664 4747 1798 4822 propter

136 4841 273 4912 bonum,
298 4841 351 4902 vel
377 4841 538 4903 terentem
562 4840 684 4904 bonum
704 4841 761 4902 sed
777 4842 942 4904 citodeil-
995 4843 1195 4921 baptismum
1230 4842 1315 4920 quod
1351 4842 1427 4904 dedi
1461 4841 1567 4914 vobis,
1602 4859 1676 4904 cum
1712 4841 1797 4903 dixit

138 4939 293 5007 cientem,
308 4938 405 5000 tollet
418 4939 562 5001 ooelostis
579 4940 739 5015 agricola.
756 4941 795 5000 st
810 4955 940 5002 omnem
995 4943 1325 5017 proptersermonem
1339 4954 1436 5017 quern
1447 4937 1798 5001 locutussumvobis.»

138 5036 196 5116 qui
218 5035 283 5098 sert
297 5036 450 5109 fructum,
470 5037 626 5113 purgabit
640 5052 726 5110 eum,
747 5037 784 5098 ut
797 5035 940 5100 trucium
997 5038 1044 5099 Ad
1061 5039 1124 5099 boo
1148 5037 1319 5098 sciendum
1338 5037 1424 5114 quod
1449 5053 1536 5114 aqua
1550 5035 1705 5114 baptismi
1722 5035 1795 5096 sine

139 5133 941 5212 plusafferat.Palmitesiaciuntiruotumquando
995 5134 1098 5199 verbo
1112 5149 1179 5196 non
1200 5135 1299 5196 lavat.
1334 5134 1399 5196 Sed
1423 5135 1509 5196 siout
1533 5149 1620 5211 aqua
1648 5133 1797 5194 exterius

138 5231 255 5292 fideles
278 5230 403 5297 iaciunt
424 5247 508 5309 opus
531 5229 665 5304 bonum,
690 5233 748 5294 ssd
762 5233 874 5295 tamen
888 5233 942 5295 in-
995 5233 1086 5295 lavat
1109 5248 1246 5310 corpus,
1274 5231 1321 5294 ita
1343 5231 1452 5308 gratia
1473 5231 1569 5308 aquis
1598 5229 1710 5291 inllasa
1738 5245 1799 5308 per

139 5329 255 5404 digent
267 5329 476 5406 purgatione.
996 5330 1134 5393 verbum
1157 5330 1248 5392 lavat
1269 5329 1419 5393 interius.
1447 5328 1541 5392 Unde
1566 5329 1794 5405 Augustinus:

182 5426 277 5488 Unde
289 5427 461 5488 sciendum
476 5427 622 5505 estquod
634 5425 740 5489 tribus
755 5427 861 5489 modis
874 5445 943 5490 eoe-
996 5447 1014 5490 c
1028 5429 1164 5492 Accedit
1178 5427 1316 5492 verbum
1336 5428 1377 5489 ad
1403 5428 1615 5499 elementum,
1632 5429 1664 5489 ot
1683 5427 1719 5488 iit
1739 5443 1798 5488 sa-

139 5525 235 5591 lestis
250 5525 398 5602 agricola
413 5527 534 5602 purgat
546 5525 700 5604 palmites
715 5541 804 5598 suos,
820 5526 944 5588 videli—
996 5529 1255 5602 aramentum»
1276 5526 1364 5589 unde
1390 5527 1483 5589 tanta
1508 5525 1615 5588 virtus
1639 5541 1734 5606 aquae
1762 5527 1799 5588 ut

139 5625 204 5696 cet,
224 5623 399 5704 temporali
426 5625 638 5697 adversitate,
660 5623 826 5702 corporali
844 5624 941 5694 intir-
990 5642 1117 5705 corpus
1138 5623 1253 5704 tangat
1276 5625 1310 5690 et
1332 5640 1391 5689 cor
1412 5623 1537 5699 abluat,
1563 5623 1628 5686 nisi
1655 5623 1797 5687 iaciente
