4214 6400
75 255 117 312 57
721 248 950 310 EPISTOLAE.
974 249 1051 312 LIB.
1077 249 1101 309 l.
1692 257 1731 318 58

80 427 167 488 pars
184 411 325 471 adversa
338 407 514 486 postulatis
530 424 549 468 a
566 405 659 468 vobis
675 405 812 468 indutiis
827 405 886 468 de·

76 509 303 578 liberatoriis‚
318 509 351 568 et
363 505 517 576 obtentis,
535 504 733 581 rescriptum
750 506 885 581 aposto-

76 607 189 666 licum
205 621 264 682 pro
278 615 317 665 eo
330 603 415 682 quod
432 603 466 664 in
482 604 544 664 hac
557 603 739 664 directione
755 603 884 680 spolia-

76 705 167 766 runt
177 704 249 764 11111
258 701 363 778 figura
371 716 411 776 sp
422 700 546 774 deerat,
561 701 704 762 asseruit
716 701 882 762 vitiosum.

79 805 284 878 Proponens
314 798 542 869 nihilominus,
575 798 662 874 qnod
693 798 884 858 mandatnm

78 895 280 975 hujusmodi
299 896 511 972 expiraverat
534 897 662 957 mortuo
678 895 882 967 mandatore,

79 997 167 1057 licet
178 999 248 1073 jam
261 1011 281 1055 a
293 993 386 1054 vobis
402 995 468 1054 tres
480 993 665 1065 citationes,
679 993 732 1054 vel
744 995 886 1070 quatuor

81 1093 312 1163 emanassent,
329 1107 387 1152 vos
401 1091 512 1153 tamen
528 1089 682 1152 admissis
695 1089 884 1168 buJusmodi

80 1189 341 1266 exceptionibus
363 1187 502 1260 frivolis,
518 1188 552 1248 in
571 1188 643 1264 ipso
658 1189 791 1264 negotio
806 1204 885 1265 pro-

81 1289 209 1348 cedere
228 1285 414 1348 distulistis.
441 1287 510 1347 Nos
531 1301 610 1361 ergo
625 1285 665 1346 de
685 1285 884 1346 discretione

81 1388 204 1447 vestra
218 1400 285 1445 non
311 1384 476 1444 modicum
495 1382 709 1456 admirantes
730 1399 804 1444 cum
825 1399 885 1460 per

82 1481 312 1560 praecedentia
328 1481 361 1542 et
381 1481 552 1558 sequentia
566 1481 644 1542 licet
659 1479 883 1558 exscriptoris

81 1580 172 1641 vitio
186 1579 239 1640 vel
266 1579 492 1656 occupatione,
513 1578 707 1656 praedictum
730 1594 769 1654 sp
785 1577 885 1639 1111111

82 1678 260 1748 omissum,
278 1676 358 1737 satis
373 1675 466 1737 vobis
490 1675 634 1752 potuerit
648 1675 688 1736 de
710 1675 885 1737 mandato-

84 1776 135 1836 ris
153 1775 335 1834 inteutione
348 1775 511 1846 constare,
525 1789 586 1834 nec
599 1775 671 1849 ejus
693 1773 884 1835 mandatum

86 1873 124 1931 in
138 1871 243 1948 ipsius
255 1870 347 1931 obitu
361 1869 526 1947 expiravit
540 1885 579 1931 eo
591 1871 676 1946 quod
687 1886 741 1932 res
753 1871 884 1946 integra

84 1973 157 2044 jam
181 1984 247 2029 non
270 1967 352 2039 erat,
376 1983 415 2028 ac
429 1967 590 2040 volentes,
616 1968 748 2028 utfinis
770 1967 885 2028 litibus

88 2065 290 2142 imponatur,
314 2065 505 2127 discretioni
522 2065 641 2128 vestrae
663 2065 886 2143 1111110010-

89 2163 155 2223 1111
175 2163 298 2240 scripta
323 2161 546 2239 praecipiendo
569 2163 774 2235 mandamus,
801 2179 885 2240 qua-

89 2263 186 2323 tenus
200 2260 449 2338 exceptionibus
466 2259 655 2338 hujusmodi
668 2275 734 2322 non
748 2260 885 2322 obstan-

89 2359 190 2430 tibus
216 2359 251 2420 in
282 2359 413 2434 negotio
428 2357 500 2435 ipso
517 2358 615 2436 juxta
637 2358 785 2436 priorum
805 2375 886 2420 con-

91 2456 264 2518 tinentiam
302 2456 500 2528 litterarum,
538 2454 667 2517 sublato
708 2456 886 2534 cujuslibet

91 2553 363 2616 contradictionis
385 2569 424 2614 ac
450 2553 682 2631 appellationis
701 2553 883 2626 obstaculo,

89 2653 221 2714 ratione
235 2651 360 2728 previa
374 2651 570 2727 procedatis.
588 2651 780 2713 Mandatum
792 2668 886 2728 apos-

90 2750 228 2811 tolicum
241 2749 353 2811 taliter
366 2747 545 2826 impleturi,
562 2749 647 2826 quod
663 2748 749 2810 dicta
769 2748 886 2824 regina

89 2847 227 2924 propter
239 2845 400 2908 defectum
411 2847 556 2908 vestrum
572 2863 638 2908 non
649 2847 786 2922 cogatur
799 2847 849 2908 ult
868 2879 888 2890 -

87 2947 159 3006 rius
176 2944 340 3005 laborare.
357 2945 647 3016 DatumLaterani‚
664 2947 723 3006 XV
738 2945 805 3006 kal.
820 2961 886 3006 no·

87 3043 248 3111 vembris‚
264 3041 474 3118 pontificatus
489 3043 593 3104 nostri
606 3057 693 3103 anno
707 3043 824 3120 primo.

410 3210 571 3297 XXXIX

84 3367 141 3424 Ad
173 3363 372 3423 10111110.
402 3365 569 3424 1011011111
591 3367 826 3440 Avrptiuccnsis
854 3366 887 3424 11

353 3460 474 3520 Fontis
503 3463 627 3522 Dulcia.

394 3581 429 3638 20
446 3589 501 3640 oct.
524 3583 602 3640 titt.

126 3707 252 3768 11111101,
263 3704 335 3765 lib.l,
348 3704 422 3768 epist.
433 3703 472 3754 tt.
483 3705 541 3756 llss.
554 3707 590 3756 ba
606 3706 681 3756 Porta
694 3706 728 3756 dn
746 3706 840 3766 rhein]

88 3819 252 3878 abbatibus
271 3821 299 3877 S.
315 3819 453 3878 lobannis
473 3821 681 3893 Angliaeensis,
705 3821 802 3877 Fontis
821 3820 888 3878 Dul-

127 3909 172 3966 cis
186 3916 216 3965 11
230 3909 266 3966 de
279 3910 394 3966 betiaco
403 3909 588 3966 1111101110.
605 3909 689 3965 dioec.
714 3908 840 3977 mandat,
860 3917 890 3966 ut

127 3997 277 4054 observari
291 3995 397 4056 faciant
413 3998 584 4055 sententiam
607 4011 623 4054 a
646 3996 733 4056 Lucio
753 3999 806 4055 PP.
824 3995 888 4070 (111)

128 4088 219 4143 latam
251 4087 280 4142 in
310 4087 504 4144 controversia
538 4087 611 4144 inter
643 4086 890 4160 archiepiscopum

129 4173 374 4246 burdegalensem
387 4181 415 4230 et
429 4175 579 4232 ecclesiam
602 4175 630 4232 S.
656 4175 784 4232 Severini
806 4189 892 4248 super

132 4262 310 4318 institutione
325 4263 526 4320 canonicorum
544 4264 729 4336 regularium.

135 4405 315 4478 Honorius,
332 4407 406 4477 eto,
421 4405 549 4467 dilectis
565 4405 642 4467 filiis
663 4407 775 4467 Sancti
789 4410 893 4469 1011-

95 4503 149 4563 110
172 4503 365 4578 angliacen.
396 4503 509 4564 Fontis
535 4503 658 4577 Dulcis,
684 4503 737 4584 de„
752 4505 892 4565 Baciaco

95 4600 273 4661 abbatibus
287 4601 450 4661 Xancton.
469 4601 632 4662 dioecesis.

133 4700 174 4790 Jn
211 4697 341 4772 regesto
379 4697 486 4758 1111110
523 4699 763 4761 recordationis
798 4699 892 4760 Lucii

97 4811 194 4870 papea
229 4795 483 4872 praedecessoris
523 4797 627 4857 nostri
663 4797 893 4873 perspeximus

97 4891 274 4963 contineri,
289 4893 373 4968 quod
387 4907 461 4952 cum
474 4893 712 4966 controversia,
726 4911 799 4971 quae
815 4894 893 4955 olim

98 4990 187 5051 inter
202 4992 372 5068 majorem,
388 4990 420 5051 et
438 4991 550 5050 Sancti
571 4991 721 5052 Severini
734 4993 893 5053 ecclesias

98 5088 318 5163 Burdegalen.
347 5103 447 5164 snper
476 5087 683 5149 institutione
711 5091 893 5151 canonico-

98 5203 171 5246 rum
186 5185 391 5261 regularium
405 5183 606 5256 vertebatur,
624 5185 665 5245 ad
687 5185 792 5262 ipsius
807 5203 895 5263 prae-

99 5283 285 5346 decessoris
308 5282 413 5344 100111
444 5281 647 5343 audientiam
676 5285 892 5359 pervenisset,

98 5384 185 5445 idem
201 5398 274 5444 eam
298 5381 393 5444 bonas
414 5381 582 5441 memoriae
598 5381 650 5442 W.
676 5381 893 5457 Burdegalen.

98 5480 363 5557 archiepiscopo,
381 5480 414 5543 et
431 5478 585 5558 episcopo
603 5477 812 5540 Lemovicen.
834 5496 897 5541 au-

98 5579 254 5641 diendam
270 5578 448 5650 commisit,
465 5579 497 5640 et
512 5577 576 5638 fine
589 5577 699 5639 debito
711 5577 896 5640 terminan-

938 407 1024 468 dam.
1040 409 1119 469 Cum
1134 409 1244 471 autem
1264 408 1324 470 sub
1344 409 1491 486 ipsorum
1506 413 1732 476 1111111111-

937 505 1083 567 tionibus
1096 505 1268 583 utriusque
1286 508 1390 584 partis
1406 507 1610 571 sufficienter
1622 527 1730 589 expo·

938 601 1010 664 sitis
1026 603 1108 664 nibil
1122 603 1212 664 alind
1229 607 1416 681 superesset
1431 605 1495 666 nisi
1509 607 1544 668 ut
1566 608 1731 672 sententia

939 699 1165 776 proferretur;
1194 703 1317 778 placuit
1342 702 1491 778 partibus
1519 705 1554 764 in
1587 705 1731 768 arbitros

938 799 1214 874 compromittere,
1235 800 1268 860 et
1289 801 1616 876 compromissionem
1636 820 1731 865 suam

939 894 1083 970 praest'ta
1098 895 1176 956 binc
1191 895 1269 957 inde
1283 885 1347 956 fide
1356 897 1499 959 firmare.
1514 899 1639 961 Arbitri
1651 917 1731 964 vero

939 1007 1012 1052 cum
1027 993 1137 1055 essent
1150 995 1301 1071 quatuor,
1309 995 1427 1055 tresex
1442 995 1501 1067 eis,
1516 997 1635 1073 quarto
1656 998 1730 1058 dis-

938 1090 1110 1162 sentiente,
1120 1091 1154 1150 11
1171 1107 1270 1152 unam
1286 1091 1482 1154 sententiam
1494 1094 1730 1168 convenerunt,

938 1188 970 1247 et
978 1187 1128 1249 arbitrati
1141 1189 1218 1250 sunt
1226 1189 1260 1250 in
1270 1191 1448 1266 praesentia
1456 1190 1547 1250 illius
1559 1191 1668 1267 quarti
1683 1207 1732 1254 re-

938 1283 1095 1358 ligionem
1108 1285 1344 1347 canonicorum
1365 1274 1570 1362 regularium
1590 1289 1625 1348 in
1644 1305 1732 1365 prae-

938 1381 1024 1442 dicta
1046 1397 1119 1444 esse
1144 1383 1256 1444 Sancti
1286 1383 1437 1445 Severini
1465 1385 1606 1446 ecelesia
1624 1386 1732 1448 resor-

938 1477 1102 1552 mandam,
1144 1480 1246 1541 salvis
1279 1481 1461 1542 bonoribus
1491 1483 1524 1543 et
1559 1481 1731 1546 beneflciis

938 1577 1138 1638 secularium
1158 1575 1367 1648 clericorum,
1393 1578 1450 1656 qui
1471 1579 1550 1640 tunc
1572 1580 1731 1658 temporis

937 1673 972 1734 in
993 1672 1108 1736 eadem
1128 1674 1269 1736 ecclesia
1293 1674 1541 1752 ministrabant3
1568 1677 1615 1738 ita
1644 1678 1731 1755 quod

938 1769 1005 1831 illis
1019 1771 1261 1844 decedentibus,
1279 1773 1389 1833 nullus
1402 1772 1450 1834 ibi
1466 1774 1506 1835 de
1521 1775 1642 1844 cetero,
1665 1775 1731 1838 uisi

937 1868 1102 1944 regularis
1117 1869 1297 1931 canonicus
1310 1870 1499 1946 poneretur.
1522 1873 1674 1933 Ceterum
1689 1873 1731 1934 ab

938 1967 1000 2027 1101
1019 1965 1158 2027 arbitrio
1181 1966 1325 2028 decanus
1353 1967 1465 2029 Sancti
1490 1969 1641 2030 Severini
1656 1985 1731 2030 cum

938 2062 1094 2125 fratribus
1110 2065 1178 2124 suis
1192 2063 1233 2124 ad
1248 2064 1364 2124 Sedem
1379 2065 1602 2140 apostoticam
1617 2065 1733 2144 appel-

937 2160 1029 2234 lavit,
1058 2177 1124 2222 nou
1152 2160 1344 2232 attendens,
1373 2161 1494 2238 quoda
1515 2163 1734 2238 compromis-

939 2259 1032 2320 sione
1046 2259 1082 2318 in
1103 2257 1246 2320 arbitros
1275 2257 1372 2331 11111,
1399 2259 1431 2321 11
1452 2259 1529 2320 fidei
1553 2260 1735 2336 interposi-

938 2356 1027 2417 tione
1043 2357 1173 2417 firmata
1184 2373 1250 2417 non
1260 2357 1478 2418 esseteisdem
1489 2357 1595 2419 tutum
1607 2355 1732 2419 temere

938 2454 1080 2514 resilire.
1111 2454 1190 2514 Gum
1220 2469 1300 2529 ergo
1327 2455 1554 2515 controversia
1577 2455 1649 2516 baec
1675 2455 1733 2516 diu

939 2549 1056 2612 fuisset
1073 2551 1108 2611 in
1130 2551 1209 2612 dieti
1230 2551 1485 2627 praedecessoris
1510 2551 1615 2614 nostri
1636 2551 1735 2612 audi-

938 2649 1024 2710 torio
1046 2647 1215 2720 ventilata,
1246 2648 1333 2710 idem
1362 2649 1403 2710 de
1429 2649 1573 2725 partium
1599 2649 1732 2711 tandem

940 2745 1146 2808 confessione
1161 2747 1326 2822 cognovit,
1348 2745 1434 2823 quod
1459 2746 1604 2808 decanus
1620 2745 1733 2808 Sancti

941 2844 1091 2906 Severini
1102 2844 1158 2920 qui
1171 2859 1245 2904 cum
1256 2844 1422 2920 aliquibus
1433 2844 1733 2905 concanonicorum

940 2958 1075 3004 suorum
1092 2941 1240 3002 habitum
1264 2941 1455 3018 susceperat
1475 2942 1679 3018 regularem,
1697 2942 1733 3002 in

940 3040 1055 3101 eodem
1082 3039 1198 3100 babitu
1217 3039 1304 3099 diem
1331 3039 1451 3100 clausit
1476 3042 1672 3112 extremum,
1700 3039 1734 3100 et

941 3137 1026 3198 alins
1048 3137 1079 3197 ei
1093 3137 1236 3198 decanus
1251 3136 1286 3196 in
1302 3136 1416 3197 babitu
1432 3137 1593 3198 successit
1605 3135 1731 3209 eodem,

942 3235 1117 3312 nullusque
1143 3234 1189 3295 ibi
1211 3235 1356 3296 decanus
1386 3235 1459 3311 post
1489 3233 1732 3296 institutionem

941 3333 1143 3408 regularium
1168 3332 1201 3392 in
1217 3332 1360 3393 seculari
1375 3333 1425 3392 est
1444 3331 1560 3392 habitu
1574 3331 1736 3392 substitu-

942 3433 995 3492 tus
1010 3430 1130 3506 praeter
1142 3432 1180 3490 R.
1204 3430 1260 3506 qui
1275 3445 1387 3490 coram
1409 3429 1589 3489 memorato
1604 3427 1736 3504 praede·

942 3543 1075 3588 cessore
1094 3527 1206 3588 nostro
1230 3528 1265 3586 in
1290 3526 1448 3587 suscitata
1464 3526 1584 3585 exinde
1599 3525 1735 3586 contro-

942 3626 1053 3688 versia
1066 3623 1324 3700 litigabatUnde
1334 3621 1558 3700 praedecessor
1572 3622 1671 3690 idem,
1683 3622 1735 3682 bis

943 3721 1066 3784 auditis
1086 3723 1119 3784 et
1140 3721 1293 3798 cognitis,
1319 3720 1528 3782 considerata
1543 3720 1644 3781 etiam
1666 3719 1739 3780 dis-

944 3821 1089 3882 cretione
1105 3821 1138 3881 11
1158 3819 1333 3896 prudentia
1354 3819 1418 3896 piae
1438 3817 1679 3880 recordatiouis
1697 3819 1734 3878 G.

944 3918 1108 3995 quondam
1135 3916 1353 3992 Burdegalen.
1388 3915 1647 3992 archiepiscopi,
1677 3915 1736 3992 qui

944 4017 998 4093 pio
1011 4015 1044 4077 et
1056 4014 1216 4076 imitando
1231 4015 1399 4091 proposito
1421 4013 1455 4074 11
1474 4013 1613 4090 praefata
1628 4011 1737 4074 eccle-

944 4114 995 4174 sia
1017 4113 1131 4175 Sancti
1152 4111 1303 4174 Severini
1324 4111 1521 4188 religionem
1534 4109 1626 4170 illius
1642 4107 1736 4169 ordi-

944 4211 996 4271 nis
1018 4210 1216 4281 instituerat,
1240 4209 1414 4270 attendens
1430 4208 1529 4270 etiam
1554 4207 1737 4268 confirma-

945 4309 1051 4370 tiones
1073 4306 1353 4385 praedecessorum
1368 4305 1474 4365 felicis
1489 4304 1656 4364 memoriae
1672 4305 1741 4362 Eu-

945 4405 1034 4482 genii
1062 4407 1095 4466 et
1121 4404 1273 4474 Adriani,
1287 4405 1512 4464 Romanorum
1528 4401 1736 4470 Pontificum,

946 4505 1002 4580 qni
1045 4503 1216 4580 praefatam
1257 4500 1502 4562 institutionem
1543 4497 1740 4561 auctoritate

946 4600 1133 4678 apostolica
1162 4599 1376 4674 roborarunt;
1402 4597 1618 4658 nihilominus
1645 4597 1741 4658 insu-

947 4715 1005 4774 per
1033 4713 1134 4773 grave
1161 4698 1194 4760 et
1216 4697 1371 4758 illicitum
1404 4696 1563 4774 reputans
1591 4695 1743 4772 praebere

947 4797 1192 4858 conniventiam
1206 4794 1259 4856 vel
1275 4796 1433 4873 praestare
1457 4794 1616 4865 favorem,
1631 4793 1667 4854 ut
1685 4795 1740 4854 te-

948 4912 1036 4958 mere
1060 4895 1272 4956 recederetur
1295 4909 1314 4954 a
1341 4894 1506 4955 sententia
1519 4890 1741 4967 compromis-

948 4993 1052 5055 sionis
1075 4993 1152 5052 fidei
1171 4991 1334 5067 religione
1352 4991 1503 5058 firmatae,
1520 4989 1560 5050 de
1575 4987 1742 5049 communi

948 5090 1087 5153 consilio
1108 5088 1248 5149 fratrum
1263 5103 1400 5149 suorum
1419 5086 1551 5161 cognita
1566 5101 1668 5146 causa
1684 5084 1744 5144 de-

948 5191 995 5251 dit
1021 5187 1230 5258 sententiam,
1254 5185 1289 5246 ut
1311 5185 1491 5245 secundum
1516 5183 1601 5261 quod
1624 5179 1743 5242 arbitri

949 5284 1255 5365 pronuntiaverant,
1283 5281 1362 5342 ordo
1387 5281 1622 5342 canonicorum
1642 5294 1746 5354 regu-

948 5385 1068 5446 larium
1090 5383 1124 5443 11
1138 5381 1275 5459 praefata
1296 5379 1533 5440 reformaretur
1549 5377 1661 5438 Sancti
1678 5379 1743 5436 Se-

948 5483 1056 5545 verini
1081 5479 1221 5541 ecclesia
1238 5477 1407 5556 perpetuis
1431 5476 1552 5537 ibidem
1579 5475 1742 5552 tempori-

949 5581 1009 5642 bus
1052 5577 1315 5650 conservandum
1353 5575 1399 5637 ita
1438 5577 1472 5635 ut
1515 5571 1744 5634 deficientibus
