4200 6394
313 247 372 322 mr
775 247 953 316 uouoau
974 221 1021 308 111
1042 245 1191 324 ornan,
1207 275 1247 292 -
1262 225 1497 308 snnuonns.
1941 240 2006 302 ras

312 411 484 478 Venerunt
516 406 648 488 quidem
684 405 838 479 flumina,
874 405 908 468 et
946 403 1112 468 flaverunt
1166 403 1351 468 eternitate
1372 403 1408 466 in
1432 418 1498 482 qua
1518 401 1655 466 nonest
1677 400 1912 480 preteritum
1935 413 2006 460 nec

312 509 419 582 venti,
455 507 488 571 et
514 523 582 569 non
611 505 790 583 potuerunt
818 503 952 566 diruere
978 501 1110 563 domum
1165 501 1323 574 futurum,
1358 500 1417 563 sed
1447 500 1555 563 solum
1584 515 1744 578 praesens.
1775 495 2004 562 AEternitas

311 607 405 672 illam
417 629 425 682 3
437 605 574 668 fundata
594 603 682 665 enim
703 603 775 665 erat
790 617 892 680 supra
907 601 1036 662 firmam
1052 616 1111 678 pe-
1165 601 1252 662 enim
1267 601 1315 662 sic
1330 597 1551 661 describitur:
1568 597 1784 660 ‹AEternitas
1799 597 1869 659 est
1886 595 2006 654 inter-

310 706 409 768 tram.
428 705 506 764 llaec
525 701 575 765 est
594 701 683 763 enim
702 700 867 771 arcturus,
895 699 952 776 qui
967 696 1111 761 volvitur
1165 696 1334 758 mirabilis
1355 697 1434 759 vitae
1456 695 1710 774 comprehensio
1728 694 1797 758 tota
1822 692 2003 756 simul.»

312 803 346 864 et
366 817 546 878 numquam
570 799 742 874 mergitur,
765 799 860 874 tyrus
881 812 955 874 quae
981 789 1111 872 semper
1164 795 1270 856 Hodie
1285 811 1346 872 ego
1360 794 1462 871 genui
1476 795 1519 867 te,
1536 794 1632 866 idest,
1648 793 1884 860 aeternaliter,
1903 789 2004 852 sicut

310 896 461 961 tunditur
480 899 512 960 et
535 911 715 974 numquam
733 893 910 970 frangitur,
936 908 1015 954 arca
1039 893 1110 954 Noe
1164 891 1245 953 alibi
1273 891 1423 954 dicitur:
1454 893 1543 953 Amic
1567 894 1752 966 luciferum
1779 891 1911 968 generi
1950 889 2000 960 tc,

306 1011 385 1077 quae
408 995 538 1070 magnis
552 993 683 1071 quidem
698 991 847 1054 elevatur
861 990 1028 1060 fluctibus,
1052 989 1110 1051 sed
1165 989 1260 1061 idest,
1290 989 1367 1052 ante
1395 987 1525 1066 tempus
1552 989 1606 1051 vel
1629 987 1762 1050 initium
1790 984 2000 1064 temporis.

309 1107 378 1154 non
398 1091 602 1167 infringitur,
628 1089 784 1151 navicula
806 1087 897 1150 Petri
915 1104 989 1166 quae
1009 1086 1109 1148 undis
1165 1086 1298 1149 Lucifer
1321 1087 1411 1148 enim
1440 1085 1537 1148 stella
1570 1086 1621 1148 est
1651 1101 1724 1164 quae
1756 1083 1923 1163 apparet
1960 1082 2000 1143 in

308 1190 456 1268 quatitur
479 1187 624 1250 sednon
645 1185 843 1259 infunditur,
872 1185 943 1248 rete
967 1185 1109 1262 piscan—
1165 1184 1329 1264 principio
1353 1183 1432 1245 diei.
1456 1184 1563 1245 Genui
1582 1183 1616 1246 te
1637 1183 1800 1260 aqualem
1826 1177 1872 1244 et
1899 1195 2000 1242 con-

307 1286 392 1348 tium
406 1287 654 1364 discipulorum,
671 1284 759 1362 quod
773 1284 814 1346 de
828 1284 960 1360 magnis
976 1280 1110 1361 quidem
1165 1281 1416 1346 substantialem
1429 1281 1523 1355 mihi,
1536 1281 1615 1360 quia
1624 1280 1727 1343 totam
1740 1279 1996 1344 substantiam

310 1383 459 1462 repletur
473 1383 631 1460 piscihus,
659 1382 717 1444 sad
738 1397 918 1460 numquam
933 1379 1108 1458 rumpitur,
1165 1380 1275 1442 Patris
1297 1378 1397 1442 habet
1416 1378 1533 1451 Filius,
1557 1379 1592 1440 et
1614 1377 1689 1440 ideo
1714 1378 1790 1441 sunt
1817 1375 1996 1455 eJusdem

309 1481 423 1544 tunica
438 1481 571 1542 Domini
586 1479 798 1542 inconsutilis
811 1495 884 1558 quae
903 1479 1025 1540 sortem
1036 1477 1111 1555 qui·
1165 1477 1337 1556 potestatis
1349 1478 1382 1540 et
1396 1476 1609 1556 aequalitatis.
1621 1476 1705 1538 Vel:
1721 1478 1769 1538 Tu
1782 1491 1819 1537 θε
1831 1475 1992 1546 Petrus,

310 1577 435 1644 demin
451 1593 486 1638 se
507 1577 637 1654 recipit,
654 1577 712 1638 sed
733 1592 913 1654 numquam
934 1575 1107 1638 scinditur.
1165 1575 1198 1638 et
1216 1590 1317 1652 super
1335 1575 1422 1636 hanc
1441 1574 1568 1651 petram
1590 1572 1689 1646 idest,
1712 1589 1813 1650 super
1841 1588 1909 1632 me
1931 1571 1994 1650 qui

350 1673 432 1736 Vel:
448 1677 496 1736 Ta
510 1690 548 1737 es
561 1675 692 1736 Petrus
706 1675 960 1748 exsuperium
970 1674 1111 1749 petram
1165 1690 1238 1734 sum
1252 1673 1367 1734 firmus
1380 1671 1413 1735 et
1427 1671 1556 1734 stabilis
1571 1672 1657 1733 sicut
1667 1671 1773 1750 petra,
1790 1669 1992 1732 edificabo

310 1774 485 1844 oedificabo
510 1775 699 1834 Ecclesiam
728 1787 855 1844 ineam,
886 1771 981 1843 idest,
1010 1785 1111 1847 super
1164 1769 1347 1833 Ecclesiam
1361 1786 1480 1832 meam.

310 1868 409 1931 istam
424 1869 503 1930 ndei
521 1869 712 1931 firmitatem
729 1884 794 1948 qua
809 1867 980 1932 confessus
1002 1883 1038 1929 θε
1057 1884 1110 1928 me
1205 1869 1304 1930 Item:
1321 1871 1422 1931 Nurac
1435 1871 1505 1930 scio
1528 1881 1611 1929 vere
1626 1869 1708 1941 qaia
1726 1866 1823 1928 :nisit
1848 1867 1991 1928 Domi-

307 1981 386 2042 ‚esse
401 1967 523 2028 Filium
547 1967 606 2029 Dei
620 1967 709 2042 vivi3
732 1966 810 2044 quia
829 1982 908 2028 caro
923 1966 956 2027 et
972 1965 1109 2042 sanguis
1164 1982 1230 2028 :ius
1242 1971 1401 2042 aspolam
1411 1981 1525 2027 soum.
1538 1963 1601 2026 Ubi
1617 1965 1798 2026 notandum
1810 1964 1871 2024 est
1888 1961 1987 2040 quod

308 2080 380 2140 ⁴non
392 2063 554 2126 revelavit
567 2064 637 2135 tibi,
653 2064 750 2137 idest,
774 2064 926 2126 homines
945 2079 988 2126 ex
1009 2078 1110 2124 carne
1165 2065 1283 2126 Petrus
1298 2064 1477 2140 antequam
1492 2063 1685 2139 perveniret
1698 2061 1740 2123 ad
1751 2063 1893 2139 portam
1911 2060 1988 2122 fer-

312 2153 346 2224 e't
359 2161 522 2238 sanguine
537 2162 607 2224 nati
620 2178 687 2224 non
708 2161 944 2225 revelaverunt
961 2160 1033 2233 tibi,
1051 2159 1108 2221 sed
1164 2177 1267 2235 ream,
1284 2161 1454 2225 nesciebat
1467 2161 1552 2223 illud
1571 2177 1689 2223 verum
1703 2176 1778 2222 esse
1797 2161 1897 2240 quod
1913 2159 1984 2220 fie-

182 2246 186 2254 “
312 2261 400 2320 Deus
422 2261 521 2321 Pater
540 2260 598 2338 qui
615 2260 665 2322 est
684 2260 721 2321 in
741 2259 846 2322 coelis.
868 2261 963 2320 Hanc
983 2257 1109 2320 tantam
1164 2259 1220 2322 bat
1234 2275 1293 2338 per
1314 2259 1481 2335 angelum.
1505 2259 1683 2336 Postquam
1704 2273 1784 2320 vero
1806 2256 1985 2320 transivit

312 2356 411 2418 iidem
431 2357 523 2418 nulla
539 2373 657 2434 passus
678 2356 730 2419 est
748 2357 908 2420 Dominus
926 2355 1110 2418 tentatione
1163 2359 1306 2436 primam
1330 2358 1363 2420 et
1377 2358 1557 2419 secundam
1572 2355 1757 2418 custodiam
1780 2355 1814 2418 et
1832 2356 1981 2434 portam

314 2453 468 2516 delicere.
495 2454 588 2516 Unde
611 2471 687 2516 cum
708 2455 746 2516 in
773 2453 938 2531 passionis
967 2453 1109 2516 articulo
1162 2455 1319 2529 ferream,
1335 2455 1529 2518 recordatus
1547 2455 1597 2518 est
1615 2454 1749 2516 dicens:
1769 2457 1879 2516 Nunc
1902 2457 1980 2517 scio

312 2549 481 2614 dixisset:
504 2553 635 2626 Simon,
663 2567 739 2614 accc
765 2553 917 2614 satanas
942 2551 1111 2625 espectet:
1164 2567 1246 2616 vere
1270 2556 1353 2628 quia
1369 2553 1466 2614 misit
1480 2556 1648 2616 Domitius
1667 2556 1827 2629 alipedum
1848 2566 1975 2614 suum.
2079 2629 2080 2632 Ἴ

311 2662 374 2710 vos
384 2649 423 2710 ut
441 2651 614 2712 cribraret
628 2649 717 2711 stood
733 2649 899 2722 tritimim,
918 2647 1030 2710 statim
1049 2648 1111 2710 ad·
1164 2651 1277 2714 Prima
1290 2650 1379 2712 enim
1394 2649 1544 2713 custodia
1557 2649 1821 2711 estconsuetudo
1837 2649 1975 2720 carnis,

305 2746 411 2824 jecit:
427 2747 494 2808 Seri
507 2761 569 2822 eqo
576 2762 643 2822 pro
656 2747 689 2808 te
700 2749 833 2823 rogavi,
849 2747 968 2819 Petro,
985 2745 1024 2807 at
1041 2760 1128 2809 :iori-
1164 2748 1310 2811 secunda
1335 2748 1479 2825 impetus
1502 2747 1707 2819 tentationis,
1732 2746 1828 2824 porta
1854 2746 1976 2807 ferrea

311 2843 449 2916 deamat
464 2844 549 2916 fides
565 2845 635 2916 tuo,
659 2844 693 2906 ei
712 2845 750 2905 tu·
769 2845 951 2918 aliquando
966 2857 1111 2905 coacer-
1164 2846 1215 2909 est
1233 2846 1360 2924 species
1385 2844 1592 2908 aeternitatis.
1616 2843 1826 2906 Consuetudo
1848 2843 1974 2906 carnis

312 2957 374 3004 sus
392 2941 561 3014 confirma
576 2942 709 3016 fratres
727 2941 803 3004 taos
823 2937 916 3019 (Luc.
937 2955 1021 3013 xxii,
1041 2938 1107 3020 32).
1164 2944 1256 3022 ligat,
1272 2945 1416 3021 impetus
1435 2941 1628 3005 tentationis
1648 2941 1814 3022 deprimit,
1830 2941 1971 3020 species

313 3037 594 3100 Absconditenim
609 3040 697 3099 Deus
713 3037 786 3100 haec
800 3053 820 3098 a
836 3036 1053 3114 sapientibus,
1077 3039 1110 3100 θῖ
1163 3042 1314 3105 veritatis
1342 3039 1493 3104 suffocat.
1521 3039 1663 3102 Difficile
1688 3039 1739 3100 est
1760 3039 1850 3101 enim
1884 3054 1974 3100 con·
2079 3051 2080 3076 ³

312 3136 477 3199 revelavit
502 3152 542 3197 ea
568 3135 736 3213 parvulis,
760 3135 869 3212 qualis
901 3136 952 3197 ast
978 3136 1107 3209 Petrus,
1165 3141 1259 3203 sueta
1278 3139 1479 3220 relinquere.
1495 3141 1585 3200 Dura
1604 3138 1657 3200 est
1675 3138 1764 3198 enim
1785 3136 1970 3199 translatio

311 3248 379 3294 non
393 3232 556 3310 superbus
572 3233 630 3294 sed
644 3232 792 3294 humilis.
809 3231 903 3294 Unde
919 3231 1003 3293 bene
1021 3221 1108 3294 dici·
1162 3253 1184 3298 a
1198 3235 1494 3299 comessationibus
1507 3235 1548 3297 ad
1558 3235 1701 3313 jejunia,
1713 3250 1734 3295 a
1746 3234 1910 3296 carnibus
1925 3231 1971 3294 ad

311 3331 367 3394 tur
402 3330 527 3403 Simon,
551 3330 638 3408 quod
666 3329 904 3407 interpretatur
937 3328 1105 3394 obediens.
1162 3334 1341 3412 legumina,
1369 3351 1390 3396 a
1415 3333 1532 3395 sericis
1558 3332 1600 3394 ad
1627 3332 1749 3405 cilicia,
1777 3333 1901 3406 immo,
1932 3331 1968 3391 ut

310 3429 377 3490 Bar
390 3430 486 3501 iona,
503 3428 590 3490 idest
612 3427 701 3489 tilius
719 3429 870 3499 ioannis,
894 3429 980 3508 quod
1002 3431 1110 3492 inter·
1162 3432 1296 3495 brevius
1316 3431 1445 3509 loquar,
1461 3448 1482 3493 a
1497 3431 1632 3509 propria
1650 3430 1821 3492 voluntate
1835 3431 1882 3491 ad
1900 3432 1964 3508 ju-

309 3527 461 3607 pretatur
473 3527 585 3604 gratia
606 3526 677 3599 Dei,
693 3527 770 3606 quia
785 3527 891 3589 virtus
911 3527 1108 3590 obedientiae
1162 3545 1240 3606 gum
1261 3529 1469 3592 obedientiae.
1490 3532 1575 3591 Ecce
1596 3530 1721 3606 quanta
1740 3529 1790 3590 ast
1813 3542 1964 3590 consue·
2079 3523 2080 3552 ³

310 3622 351 3684 de
374 3624 483 3700 gratia
506 3625 620 3686 divina
641 3624 799 3701 procedit.
823 3625 907 3697 Quia
934 3626 1020 3688 sicut
1040 3641 1108 3688 non
1162 3627 1242 3691 tudo
1255 3627 1379 3690 carnis.
1397 3627 1461 3688 Sed
1480 3627 1567 3688 hanc
1588 3625 1744 3688 transivit
1767 3625 1889 3687 Petrus
1904 3637 1967 3702 per
2079 3619 2080 3666 ἶ

311 3721 505 3797 potestesse
520 3720 608 3782 lilius
619 3721 764 3784 hominis
777 3723 843 3784 nisi
855 3723 964 3798 bomo,
979 3724 1027 3787 ita
1041 3739 1108 3785 non
1163 3724 1397 3798 obedientiam,
1414 3724 1530 3786 nolens
1541 3725 1644 3786 Deum
1656 3723 1857 3800 relinquere,
1875 3723 1910 3786 et
1922 3719 1964 3783 ad

312 3818 421 3893 potest
434 3832 508 3877 esse
523 3816 613 3878 illius
628 3818 687 3878 Dei
703 3818 770 3878 nisi
784 3821 883 3880 Deus.
1163 3821 1299 3899 propria
1323 3821 1444 3883 redire.
1472 3819 1535 3882 Sed
1555 3821 1659 3884 restat
1682 3820 1839 3892 secunda,
1864 3817 1962 3890 idest,
2079 3819 2080 3890 j

355 3913 449 3975 Unde
476 3916 576 3975 Pater
612 3913 721 3990 inquit
754 3913 796 3975 ad
824 3916 945 3976 Filium
969 3938 977 3978 :
999 3921 1109 3980 Filius
1164 3918 1305 3996 impetus
1317 3918 1522 3982 tentationis.
1539 3917 1663 3980 videus
1678 3919 1788 3980 autem
1802 3917 1877 3996 quis
1892 3916 1964 3978 fra·
2079 3963 2080 3992 ,

198 4019 201 4026 ’
311 4027 421 4085 nicus,
437 4027 475 4074 es
490 4014 538 4086 ta,
560 4027 621 4089 epo
635 4015 733 4075 hodie
747 4017 851 4090 pertiti
872 4015 904 4076 te
920 4011 989 4094 (Ρε.
1009 4016 1040 4086 2,
1060 4012 1107 4095 7).
1162 4016 1247 4078 trem
1271 4032 1368 4077 suum
1402 4032 1536 4078 carnem
1560 4031 1655 4078 suam
1677 4016 1818 4094 jeJ'uniis
1851 4028 1962 4076 mace-

312 4108 418 4171 Filius
434 4125 527 4172 meus
542 4126 578 4172 es
597 4111 633 4172 tu
647 4109 940 4173 consubstantialis
952 4115 1110 4190 perejus-
1163 4116 1303 4184 nantem,
1320 4114 1454 4176 assidue
1472 4130 1583 4176 coram
1599 4115 1666 4176 Deo
1682 4113 1880 4190 plorantem,
1896 4113 1961 4172 hu·
2079 4121 2080 4164 ῑ

310 4207 385 4269 dem
398 4211 527 4271 naturae
537 4189 838 4286 participationem,
853 4211 1037 4272 coaeternus
1049 4225 1110 4288 per
1162 4211 1286 4274 militer
1303 4211 1502 4290 loquentem,
1519 4210 1552 4273 et
1566 4211 1610 4284 de¹
1621 4211 1810 4274 coelestibus
1823 4223 1961 4292 ⁸semper

309 4305 476 4368 infinitam
503 4307 765 4382 diuturnitatem,
787 4308 866 4375 sive
887 4308 1106 4380 mansionem,
1162 4309 1370 4382 tractantem,
1383 4310 1432 4371 sic
1444 4310 1510 4371 ait:
1525 4309 1609 4380 Quid
1622 4309 1775 4387 expectat
1785 4309 1883 4370 homo
1897 4306 1959 4368 iste

311 4405 492 4480 coaequalis
507 4420 567 4481 per
581 4405 730 4467 eamdem
744 4406 950 4483 potestatem.
968 4407 1108 4484 Propter
1162 4407 1228 4469 nisi
1249 4408 1391 4470 mortem
1414 4407 1545 4485 praelati
1568 4407 1644 4469 suit
1663 4409 1758 4468 Certe
1780 4407 1844 4468 hoc
1866 4404 1955 4476 facit,

310 4501 454 4578 primum
467 4501 606 4563 dicitur:
620 4507 694 4581 Ego
703 4505 737 4566 et
749 4505 859 4566 Pater
868 4520 978 4566 unum
987 4520 1108 4566 minus
1162 4506 1240 4583 quia
1252 4506 1323 4568 vult
1336 4506 1410 4583 post
1423 4521 1499 4567 eum
1510 4521 1584 4567 esse
1593 4505 1844 4582 praelatusllel,
1856 4505 1887 4566 si
1897 4503 1957 4564 hoc

229 4651 232 4659 .
311 4593 422 4676 (Joan.
439 4615 472 4671 x,
487 4597 553 4678 30),
567 4599 663 4672 idest,
680 4599 830 4662 eamdem
845 4601 1000 4662 naturam
1023 4616 1106 4678 par·
1162 4619 1229 4665 non
1240 4603 1330 4676 facit,
1341 4603 1460 4666 saltem
1475 4602 1601 4664 invidet
1615 4605 1647 4664 et
1662 4603 1806 4666 detrahit
1823 4604 1866 4664 ei,
1880 4605 1957 4663 Haec

311 4695 498 4771 ticipamus,
514 4697 600 4758 sicut
614 4695 664 4757 sol
679 4697 711 4758 et
723 4697 837 4758 radius
850 4698 906 4774 qui
920 4697 990 4760 exit
1005 4714 1024 4759 a
1037 4699 1107 4760 sole
1162 4702 1213 4764 est
1240 4703 1384 4780 pessima
1408 4701 1570 4764 custodia.
1595 4702 1700 4774 Certe,
1725 4701 1835 4762 sinon
1852 4698 1952 4762 fueris

309 4795 389 4855 sunt
414 4792 560 4870 eJ'usdem
589 4795 730 4857 naturae.
762 4795 903 4872 Propter
925 4795 1106 4858 secundum
1161 4802 1228 4860 Bar
1240 4801 1337 4873 iona,
1353 4799 1440 4862 idest
1454 4799 1542 4859 lilius
1558 4798 1756 4861 humilitatis
1769 4799 1821 4860 vel
1832 4795 1952 4876 simpli·

309 4890 431 4954 dicitur
443 4913 450 4952 :
460 4895 533 4968 Ipsi
544 4893 718 4968 peribunt,
727 4893 766 4954 iu
777 4894 895 4956 autem
906 4909 1104 4970 permanes,
1162 4898 1282 4970 citatis,
1290 4914 1357 4960 non
1367 4898 1491 4974 poteris
1504 4897 1648 4975 transire
1661 4897 1748 4958 hanc
1759 4897 1949 4960 custodiam.

308 4990 342 5052 et
360 4989 431 5051 ibi:
454 4993 546 5052 idem
565 4994 638 5065 ipse
654 5005 692 5053 es
710 4991 743 5054 at
763 4993 849 5054 anai
868 4994 919 5055 tui
933 5008 1002 5055 :ion
1020 4995 1107 5068 dest·
1201 4995 1287 5057 Nota
1309 4993 1395 5074 quod
1410 5009 1606 5070 responsum
1628 4994 1678 5056 est
1702 4993 1846 5058 Antonio
1865 5008 1952 5073 quae-

308 5089 399 5152 cient
415 5089 482 5160 (Ρε.
500 5090 568 5161 101,
585 5091 635 5161 27,
649 5089 867 5169 28l.·Propter
878 5090 1013 5154 tertium
1025 5091 1107 5153 dicit
1160 5092 1283 5154 rentia
1301 5094 1380 5160 Deo,
1398 5092 1434 5156 ut
1454 5091 1518 5152 sibi
1536 5108 1651 5154 omnes
1665 5091 1866 5156 tentationes
1885 5091 1954 5156 dia-

309 5185 443 5247 Filius:
469 5189 588 5250 Omnis
605 5188 761 5264 potestas
790 5192 876 5251 milii
901 5191 984 5251 daia
1007 5190 1059 5252 est
1084 5205 1107 5251 o
1161 5189 1228 5252 boli
1246 5189 1445 5262 ostenderet,
1463 5191 1495 5252 et
1510 5190 1710 5252 miraculose
1725 5191 1867 5252 ostensae
1883 5185 1955 5250 sunt

308 5285 512 5349 Patrcmeo
535 5284 808 5366 (Matth.xxv111,
835 5284 899 5367 18).
924 5287 1104 5364 Sequitur:
1161 5290 1203 5362 ei,
1230 5289 1263 5352 et
1289 5288 1459 5349 admirans
1483 5288 1552 5350 ait:
1585 5289 1684 5360 Deus,
1710 5287 1784 5364 quis
1814 5299 1953 5365 unquam

308 5386 382 5459 Epo
396 5386 494 5445 bodie
507 5387 612 5461 penui
627 5385 671 5446 ta.
685 5387 753 5461 Ego
767 5384 868 5447 Pater
881 5386 982 5461 genui
997 5385 1029 5446 to
1049 5385 1108 5446 Fi·
1161 5387 1283 5463 poterit
1305 5387 1377 5448 baec
1390 5385 1558 5449 transiret
1573 5387 1612 5447 Et
1627 5385 1755 5447 audivit
1771 5401 1886 5449 vocem
1901 5385 1954 5446 liu·
2079 5373 2080 5438 ζ

308 5479 402 5552 lium,
429 5480 542 5554 hodie,
564 5482 661 5556 idest,
677 5483 719 5544 ab
743 5483 881 5546 aeterno.
903 5483 1009 5544 Hodie
1028 5483 1106 5544 nota
1161 5485 1324 5547 militatis.
1343 5485 1395 5546 Sis
1410 5499 1490 5560 ergo
1505 5484 1643 5546 humilis
1665 5485 1698 5547 et
1710 5483 1871 5547 transibis
1890 5484 1951 5544 im-

308 5577 361 5641 ost
373 5579 548 5656 praesentis
565 5578 744 5660 temporis3
759 5579 792 5646 ot
806 5581 882 5644 ideo
897 5578 1031 5660 ponitur
1045 5595 1106 5660 pro
1161 5584 1272 5672 petum
1286 5582 1517 5646 tentationum.
