4200 6404
297 195 394 325 ⁸rsr
640 349 643 356 ι
800 249 978 318 aonona
1000 253 1045 317 111
1067 253 1215 316 ornan.
1232 281 1270 298 α
1286 251 1519 317 saumones
1928 251 1994 313 rsa

332 420 399 502 41).
423 421 538 486 ΑΙῖθεθ
562 433 621 484 cor
648 419 799 482 nostrum
825 417 885 489 est,
911 413 997 494 quod
1019 413 1071 478 est
1094 413 1131 476 ln
1226 414 1360 492 Oportet
1370 412 1469 478 etiarn
1484 409 1609 476 babere
1621 425 1745 474 arcam.
1762 413 1849 474 Arca
1864 409 1996 474 dicitnr

333 521 442 584 medio
469 535 619 598 corpore,
647 515 732 579 sicut
758 514 864 578 altare
890 515 940 576 ost
961 511 996 574 in
1023 513 1131 574 medio
1185 511 1486 575 abaroendo.Arca
1502 510 1778 590 ergopotestdici
1793 510 1991 588 disciplina,

316 687 318 694 ,
334 619 502 682 Ecclesiae.
517 615 737 678 Consecratur
748 614 853 676 altare
863 612 972 674 cordis
985 626 1044 688 per
1056 625 1133 672 con·
1186 612 1238 673 vel
1253 611 1418 687 regularis
1433 610 1512 682 vita,
1530 625 1698 688 perquam
1713 611 1904 671 arcentura
1924 625 1994 671 no-

333 718 462 794 ceptum
485 713 626 786 timoris,
655 709 871 774 consecretur
893 724 954 787 per
977 707 1131 769 affectum
1186 708 1237 770 bis
1258 706 1410 770 crimina.
1428 709 1466 768 ln
1485 723 1564 770 arca
1580 709 1691 769 autem
1711 706 1788 769 sunt
1801 707 1911 784 virga,
1935 709 1993 770 ta-

334 812 469 874 amoris.
481 814 546 873 Per
556 809 752 887 conceptum
763 806 894 869 timoris
905 804 1130 876 consecretur,
1186 806 1273 868 bulae
1303 807 1337 868 et
1364 821 1497 868 manna.
1527 802 1739 881 inregulari
1772 807 1885 867 autem
1919 805 1995 866 sita

334 911 371 971 ut
382 909 533 971 initietur
547 907 589 970 ad
603 907 737 969 bonum.
754 908 819 966 Per
836 903 991 965 affectum
1008 901 1132 963 amoris
1187 904 1307 967 debent
1321 920 1395 966 esse
1414 900 1510 980 virga
1529 902 1746 965 correctionis
1759 905 1795 964 ut
1811 917 1893 964 caro
1910 919 1996 964 cas-

334 1007 557 1080 consccretur‚
573 1005 611 1068 ut
623 1002 838 1067 consumetur
852 1002 887 1062 in
901 1001 1031 1063 melius.
1047 999 1133 1060 Nam
1186 1002 1320 1079 tigetur,
1332 1002 1455 1065 tabulas
1465 1001 1664 1072 dilectionis,
1675 1002 1711 1062 ut
1718 1003 1804 1061 Deus
1815 997 1992 1076 diligatur.

335 1103 467 1167 initium
482 1103 653 1182 sapientiae
664 1101 714 1164 est
725 1101 827 1162 timor
838 1097 981 1161 Domini.
1188 1104 1225 1162 ln
1250 1099 1374 1162 tabulis
1401 1099 1490 1163 enim
1517 1099 1643 1177 scripta
1670 1099 1747 1160 sunt
1772 1099 1805 1160 et
1831 1099 1996 1161 mandata

376 1204 527 1274 Ohomo,
543 1200 701 1278 templum
720 1198 781 1260 Dei
796 1200 853 1259 est
873 1196 937 1258 Sed
960 1193 1063 1256 habes
1078 1193 1133 1254 al·
1188 1215 1261 1276 quae
1287 1199 1455 1276 pertinent
1484 1197 1524 1260 ad
1547 1196 1759 1258 dilectionem
1785 1197 1856 1258 Dei.
1887 1197 1997 1259 Debet

335 1300 417 1372 tare,
435 1314 595 1372 mensam,
611 1295 859 1363 candelabrum,
876 1295 909 1356 et
922 1308 1057 1355 arcam:
1079 1291 1133 1352 al·
1189 1296 1288 1358 etiam
1311 1311 1384 1358 esse
1397 1311 1518 1357 manna
1538 1294 1661 1356 divinae
1678 1292 1936 1372 praelibationis,
1958 1298 1997 1355 ut

335 1397 475 1462 tareubi
486 1397 578 1459 recte
590 1395 713 1458 offeras
724 1391 1009 1455 etrectedividas.
1021 1390 1134 1452 Altare
1189 1411 1288 1471 quam
1304 1393 1416 1456 suauis
1434 1394 1485 1456 est
1503 1395 1602 1464 Deus,
1616 1391 1798 1468 gustemus,
1814 1393 1847 1454 et
1866 1392 1996 1454 videa-

336 1497 388 1558 est
412 1509 471 1556 cor
497 1495 533 1556 in
557 1509 622 1572 quo
651 1491 807 1554 debemus
829 1490 960 1552 offerre.
988 1488 1081 1551 Unde
1099 1487 1134 1549 in
1189 1507 1263 1552 mas
1287 1491 1364 1570 qula
1387 1492 1474 1554 bona
1501 1491 1551 1553 est
1578 1489 1759 1568 negotiatio
1782 1493 1866 1568 ejas,
1890 1491 1995 1568 juxta

336 1591 450 1654 Exodo
463 1591 621 1669 praecepit
634 1589 793 1652 Dominus
808 1610 815 1649 :
832 1591 875 1652 la
891 1589 996 1650 altari
1010 1587 1135 1663 offeres
1189 1589 1271 1651 illud
1289 1589 1545 1652 proverbiorum
1561 1607 1569 1650 t
1585 1586 1744 1651 Gestavit
1758 1587 1792 1650 et
1805 1588 1892 1650 cidit
1907 1592 1998 1663 qaia

335 1688 542 1762 homesta,
559 1687 636 1766 quia
652 1687 692 1750 de
707 1686 807 1750 corde
820 1685 941 1747 debent
955 1683 1135 1762 procedere
1190 1691 1276 1750 bona
1291 1688 1343 1750 est
1356 1688 1545 1765 nepot-tatio
1558 1687 1633 1762 ejus
1643 1684 1757 1764 (Prov.
1773 1701 1869 1759 xxxr,
1883 1685 1953 1766 18).

335 1802 439 1865 opera
459 1787 537 1864 igno
558 1785 732 1864 eharitatis
756 1799 909 1847 accensa.
933 1781 1136 1844 Holocausta
1231 1785 1273 1848 Ut
1287 1797 1367 1862 ergo
1382 1785 1541 1862 templum
1556 1783 1615 1846 Dei
1627 1784 1741 1856 simus,
1756 1780 1944 1846 habeamus
1960 1785 1996 1845 in

338 1884 428 1946 enim
450 1883 606 1946 dicuntur
626 1881 668 1944 ab
689 1886 766 1945 oiou
790 1881 876 1960 quod
898 1881 949 1943 est
972 1881 1082 1942 toturn
1103 1877 1136 1940 et
1190 1882 1286 1945 nobis
1307 1883 1413 1946 altare
1432 1882 1567 1962 propter
1589 1881 1802 1952 oblationem,
1819 1895 1863 1944 ne
1884 1898 1999 1960 appa-

336 1997 463 2044 oauma
493 1981 579 2058 quod
611 1980 662 2042 θεῖ
691 1982 900 2042 incendium.
936 1977 1017 2040 Inde
1044 1981 1137 2039 boio-
1190 1981 1371 2044 roamusin
1385 1981 1564 2058 conspectu
1578 1981 1757 2053 lleivaeui‚
1770 1981 1868 2058 juxta
1884 1979 1996 2042 illud:

336 2080 459 2143 causta
474 2093 519 2140 ex
535 2078 603 2141 toto
620 2077 768 2139 incensa.
785 2077 822 2138 ln
837 2077 901 2139 isto
915 2075 1019 2152 igitur
1036 2073 1135 2136 altari
1189 2082 1268 2142 Non
1294 2081 1477 2154 apparente
1497 2081 1535 2139 ia
1557 2077 1739 2153 conspectu
1759 2080 1824 2139 Dei
1851 2078 1904 2140 tui
1930 2094 1999 2140 aa·

338 2175 495 2238 deboram
529 2177 620 2238 recte
645 2175 767 2238 offerre
795 2175 828 2237 et
854 2175 944 2237 reete
974 2171 1133 2235 dividere.
1189 2172 1363 2253 caustlix.
1377 2189 1476 2243 xxm,
1493 2173 1557 2252 15),
1574 2189 1725 2236 mensam
1737 2173 2000 2251 propterreiec-

339 2276 442 2337 Recte
469 2273 652 2354 offerimus,
674 2271 805 2351 quando
826 2269 1059 2350 bonumquod
1084 2285 1137 2331 co·
1190 2273 1314 2334 tionem
1336 2287 1378 2334 no
1398 2271 1592 2334 deficiamus
1615 2267 1651 2333 in
1678 2271 1734 2334 via
1758 2271 1854 2348 quasi
1878 2271 1996 2350 jejuni

338 2373 493 2450 gitams,
509 2371 551 2433 ad
574 2369 809 2449 perlectionem
829 2369 1050 2448 perducimus.
1070 2365 1134 2429 Sed
1187 2370 1284 2448 juxta
1297 2366 1379 2432 illud
1395 2367 1431 2430 ln
1445 2369 1626 2446 Evangelio
1638 2391 1646 2430 ε
1659 2372 1698 2431 Si
1712 2369 1919 2433 dimiseritis
1934 2387 1996 2434 eos

340 2485 406 2532 non
430 2468 518 2532 recte
540 2468 729 2542 dividimus,
755 2467 784 2530 si
804 2482 871 2530 non
895 2467 1038 2528 discrete
1051 2465 1134 2528 illud
1182 2471 1324 2541 jejunos
1337 2468 1495 2541 deficient
1510 2470 1548 2528 iu
1560 2471 1618 2530 aia
1629 2465 1745 2547 (Marc.
1758 2483 1829 2540 vm,
1846 2466 1894 2548 3),
1909 2484 1998 2530 can-

337 2567 489 2635 iacimus.
506 2566 585 2644 quia
599 2581 688 2643 saepe
707 2566 801 2642 putat
819 2565 918 2626 homo
939 2563 1050 2626 iacere
1070 2563 1134 2625 bo·
1190 2565 1361 2627 dolabrum
1383 2565 1517 2644 propter
1540 2565 1661 2628 bonam
1685 2566 1925 2644 operationem,
1953 2582 1997 2628 ne

337 2680 418 2726 num
429 2665 462 2728 et
473 2663 553 2726 iacit
567 2663 702 2725 malum.
715 2665 810 2740 Saepe
823 2661 903 2724 iacit
915 2661 1038 2723 bonum
1048 2661 1082 2722 et
1093 2675 1136 2722 ex
1190 2663 1293 2725 simus
1308 2659 1407 2726 otiosi
1424 2663 1522 2741 juxta
1536 2663 1618 2725 illud
1634 2661 1859 2726 Ecclesiastici
1872 2685 1879 2724 ε
1893 2665 1995 2726 Mid-

338 2763 405 2824 alia
420 2762 515 2840 parte
525 2761 606 2824 tacit
615 2760 751 2833 malurn,
763 2761 796 2823 et
809 2760 857 2822 ita
868 2759 940 2837 ipse
950 2758 1093 2822 aedificat
1102 2759 1136 2820 et
1190 2763 1263 2823 tam
1276 2762 1447 2824 maiitiam
1455 2763 1570 2824 docuit
1585 2763 1742 2824 otiositas
1751 2760 1852 2841 (Eccl.
1865 2777 1995 2835 xxxin,

338 2859 411 2938 ipse
434 2859 586 2921 destruit.
613 2858 677 2920 Sed
708 2858 787 2920 tunc
819 2858 910 2920 recte
937 2855 1133 2929 dividimus,
1189 2858 1254 2940 29).
1283 2859 1323 2922 nt
1343 2873 1456 2921 arcam
1477 2874 1520 2921 ne
1538 2860 1641 2920 simus
1669 2860 1765 2937 quasi
1788 2858 1848 2920 tilii
1871 2859 1994 2932 Belial,

339 2956 473 3036 quando
485 2956 608 3018 bonum
623 2955 709 3034 quod
723 2955 874 3028 iacimus,
892 2969 958 3016 non
968 2951 1064 3016 nobis
1077 2953 1135 3016 sed
1190 2955 1286 3030 idest,
1304 2955 1429 3034 absque
1439 2959 1522 3035 jugo
1540 2953 1796 3034 indisciplinatl3
1812 2957 1996 3036 disciplina

339 3055 403 3116 soli
419 3057 486 3116 Deo
501 3053 722 3116 attribuimus.
1116 3105 1120 3110 .
1190 3055 1279 3116 enim
1293 3053 1485 3115 necessaria
1496 3059 1547 3116 est
1556 3053 1653 3133 juxta
1670 3055 1772 3118 illud:
1788 3059 1998 3130 Appreacn-
2084 3053 2085 3076 ³

380 3151 516 3229 Oportet
547 3151 647 3214 etiam
673 3149 797 3214 babere
815 3163 976 3222 mensam,
1000 3148 1035 3211 ut
1057 3145 1135 3211 inde
1190 3154 1259 3215 aito
1272 3153 1499 3226 disciplinam,
1515 3165 1558 3214 ue
1575 3155 1710 3228 quando
1723 3153 1903 3214 irascatur
1917 3157 1996 3216 Do-

339 3263 445 3327 panes
454 3247 548 3312 verbi
562 3249 623 3310 boi
637 3263 761 3310 sumas.
775 3250 841 3310 Per
852 3263 999 3308 mensam
1010 3246 1135 3309 intelli·
1189 3251 1343 3311 ruinus...
1354 3247 1425 3329 (Ρε.
1441 3251 1471 3322 2,
1486 3247 1549 3328 12).
1560 3253 1629 3312 lloc
1640 3250 1746 3312 altare
1759 3251 1816 3312 ille
1829 3250 1990 3324 aedidcat,

340 3361 420 3422 gere
434 3358 609 3425 possumus
628 3347 765 3408 Sacram
781 3341 999 3423 scripturam,
1016 3343 1057 3405 de
1069 3360 1135 3422 qua
1190 3347 1247 3426 qui
1262 3363 1429 3411 corsuum
1442 3363 1522 3409 vera
1539 3347 1727 3412 bumilitate
1742 3349 1776 3411 θῖ
1788 3347 1865 3410 aliis
1881 3350 1997 3412 virtu-
2083 3345 2084 3348 ’

339 3443 516 3508 Psalmista
534 3465 542 3504 ι
557 3443 704 3508 Parasii
718 3445 755 3504 iu
764 3443 1032 3519 coiispecti'imeo
1043 3457 1137 3504 meri·
1189 3445 1278 3508 tibus
1287 3445 1439 3508 exornat.
1452 3443 1546 3508 Unde
1559 3445 1737 3524 Gregorius
1749 3468 1757 3507 :
1771 3463 1790 3508 a
1802 3447 1865 3519 Qui
1875 3446 1992 3509 virtu-

336 3557 414 3605 sam
425 3545 595 3604 aaversas
607 3542 735 3615 eosqui
750 3539 917 3602 tributarii
929 3535 1068 3618 me'(Ps.
1082 3541 1134 3612 22.
1189 3545 1338 3606 tessine
1365 3543 1553 3606 bumilitate
1581 3547 1778 3622 congregat,
1809 3545 1907 3622 quasi
1931 3545 1993 3624 qui
2082 3613 2083 3616 Ἴ

336 3637 383 3718 5),
408 3639 505 3712 idest,
534 3638 656 3700 dedisti
680 3637 763 3699 mibi
788 3637 994 3715 scripturam
1020 3637 1135 3699 contra
1190 3641 1360 3719 pulvorem
1376 3641 1412 3703 in
1426 3642 1560 3704 ventum
1583 3643 1704 3719 portat.
1724 3656 1743 3703 s
1762 3642 1834 3714 Vel,
1854 3657 1915 3720 per
1937 3644 1993 3705 al·
2082 3631 2083 3642 ’

337 3737 555 3800 tentationem
569 3735 821 3798 daemoniacam.
840 3735 976 3812 Oportet
990 3734 1027 3797 ut
1049 3734 1136 3798 banc
1189 3740 1262 3801 tare
1277 3754 1335 3802 cor
1357 3739 1507 3800 nostrum
1522 3739 1730 3816 intelligitur,
1750 3739 1870 3818 dequo
1887 3739 1992 3818 jube·

338 3832 531 3904 habeamus,
558 3832 654 3906 idest,
679 3833 715 3893 in
742 3832 852 3895 mente
876 3847 1076 3910 reponamus
1101 3833 1137 3895 ut
1189 3835 1292 3900 turin
1308 3835 1475 3898 Levitico:
1490 3838 1749 3914 Ipaisiuaitart
1761 3851 1992 3913 rncosemper

338 3945 442 4010 panes
454 3928 547 3992 verbi
561 3929 622 3991 Uei
636 3929 714 3992 inde
726 3945 907 3990 sumamus.
923 3931 988 3991 Pro
1006 3929 1135 3992 deiectu
1189 3934 1324 3997 ardebit
1339 3933 1428 4008 (bes.
1446 3949 1491 4007 vr,
1510 3931 1574 4014 12).
1591 3935 1681 4012 Ignis
1696 3935 1747 3997 est
1759 3935 1920 4007 charitas,
1938 3935 1992 3996 al·
2081 3919 2082 4002 l

336 4029 439 4107 -bujus
453 4027 548 4105 panis
564 4027 644 4090 dicit
657 4027 819 4090 ieremias
834 4047 842 4086 ε
859 4030 1008 4088 Parvuli
1021 4029 1135 4100 petie·
1189 4034 1262 4094 tare
1277 4033 1327 4095 est
1335 4045 1394 4094 cor
1403 4033 1564 4095 nostrum.
1575 4033 1665 4110 Ignis
1677 4033 1948 4110 semperardebit
1956 4034 1991 4094 in

338 4125 424 4188 ruat
439 4139 570 4200 panem
583 4126 618 4188 et
633 4139 703 4186 aaa
722 4123 800 4187 crat
814 4125 873 4197 qut
885 4124 1067 4198 pauperet
1085 4128 1136 4188 ets
1190 4129 1301 4203 altari,
1321 4130 1399 4207 quia
1415 4128 1562 4193 charitas
1576 4145 1707 4209 semper
1718 4130 1823 4193 fervet
1841 4129 1877 4191 in
1890 4131 1992 4192 corde
2080 4211 2081 4218 ἵ

340 4222 475 4304 (Thren.
492 4239 537 4297 rv,
552 4220 594 4296 1).
1190 4229 1314 4290 nostro.
1339 4228 1432 4291 Unde
1451 4229 1607 4290 Salomon
1623 4229 1657 4290 in
1673 4229 1818 4292 canticis
1833 4229 1991 4292 cantico-

378 4322 514 4400 Oportet
528 4321 561 4382 et
574 4318 699 4382 habere
716 4319 963 4392 candelabrum,
985 4319 1022 4382 ut
1039 4318 1134 4382 bonis
1189 4341 1282 4388 rum:
1298 4329 1406 4401 Aqua
1417 4326 1534 4389 muita
1547 4342 1616 4388 aaa
1623 4327 1768 4402 possunt
1778 4328 1991 4403 catiapuerc

338 4419 493 4497 01)eribus
516 4418 641 4479 ¹110038·
672 4416 925 4490 Candelabrum,
948 4417 1034 4496 d1¹⁰sl
1056 4417 1136 4478 illu·
1188 4424 1394 4486 charitatem
1407 4423 1514 4504 (Cant.
1530 4440 1602 4497 vni,
1618 4422 1664 4503 7).
1679 4425 1761 4496 Quia
1786 4439 1918 4502 semper
1931 4441 1990 4486 ar-
2078 4461 2080 4486 t

339 4515 444 4576 minat
460 4515 608 4576 exterius
625 4513 675 4575 est
692 4513 815 4576 bonum
833 4529 926 4592 opus,
948 4515 1034 4593 quod
1050 4515 1135 4577 alios
1189 4519 1254 4594 det,
1272 4521 1346 4585 ideo
1361 4538 1427 4584 non
1443 4523 1550 4599 potest
1566 4521 1730 4598 extingui.
1748 4522 1815 4584 Vos
1834 4537 1915 4598 ergo
1935 4538 1991 4584 se-

338 4610 532 4689 perbonam
546 4611 735 4687 exemplam
749 4611 911 4672 accendit.
935 4613 982 4672 De
997 4628 1062 4689 quo
1083 4612 1135 4673 di·
1188 4618 1332 4680 cundum
1352 4619 1551 4698 Prophetam
1570 4619 1659 4696 agite
1685 4620 1773 4682 diem
1799 4618 1925 4682 laune
1951 4621 1987 4682 iu
2078 4685 2079 4706 χ

337 4708 426 4769 citur
441 4723 449 4764 ε
465 4711 574 4770 Nemo
598 4707 751 4768 mccridit
771 4712 960 4781 lucernam,
985 4709 1020 4770 et
1036 4713 1135 4785 ponti
1189 4715 1575 4794 confrequentationibus
1593 4717 1758 4796 usquead
1777 4732 1882 4779 cornu
1902 4717 1990 4780 alta-

259 4803 260 4806 ’
338 4821 416 4869 cam
440 4805 503 4867 sab
527 4807 651 4878 modio,
678 4805 738 4866 sed
762 4819 869 4880 super
893 4808 1135 4870 scammbmcm
1188 4813 1247 4886 ris,
1268 4819 1351 4890 quia
1368 4819 1525 4892 reliquia
1538 4815 1787 4898 cogitationum
1800 4817 1894 4878 awai
1913 4817 1988 4892 scs-

337 4901 886 4984 (Matth.v,15).bucernajuxta
908 4901 1135 4968 verbumllo-
1189 4911 1603 4992 iamapentiiai(1²s.75‚
1622 4913 1682 4987 11).
1706 4915 1753 4976 bo
1768 4913 1990 4990 bacllposto-
2077 4957 2078 4968 .

264 5047 271 5061 .
336 5001 418 5064 mini
442 5000 494 5064 θεῖ
517 4997 604 5062 bona
633 4999 786 5073 intentio,
817 4999 895 5078 quia
922 5001 994 5079 ipse
1020 5002 1131 5066 dicit:
1187 5009 1261 5071 lus:
1277 5012 1672 5075 Eaceticuttoremoiam
1686 5012 1988 5075 vomamasiro
2077 4971 2078 5012 Τ

333 5103 492 5164 Laccmta
517 5099 571 5161 cst
597 5103 713 5161 acidus
735 5100 816 5161 tuias
833 5097 965 5178 (Mattb.
992 5117 1038 5174 vr,
1064 5100 1131 5182 22).
1189 5105 1218 5186 (l
1235 5106 1308 5169 Gor.
1322 5121 1383 5176 xn,
1399 5107 1465 5187 31).

335 5197 458 5260 Oculus
480 5196 531 5258 est
549 5195 699 5258 intentio.
715 5197 790 5259 Non
810 5195 967 5260 debemus
986 5213 1065 5275 ergo
1087 5199 1151 5261 lu·-
1228 5203 1504 5268 Excellentiorem
1512 5203 1987 5284 viamdixitcbaritatem‚quia

334 5311 469 5358 ceruam
489 5293 551 5356 sab
572 5293 682 5356 modio
697 5310 832 5372 ponere,
849 5296 906 5357 sed
927 5311 1029 5373 super
1047 5311 1133 5359 can·
1188 5301 1261 5380 ipsa
1275 5303 1325 5364 est
1337 5318 1438 5381 super
1449 5304 1727 5376 omnesvirtutes,
1739 5303 1772 5365 θῖ
1786 5303 1986 5382 quicumque

334 5393 515 5454 dolabrum.
534 5393 570 5454 Si
588 5391 748 5454 babemus
763 5391 884 5454 bonam
900 5392 1130 5468 intentionem,
1187 5399 1293 5477 ipsam
1306 5399 1416 5474 habet,
1435 5400 1536 5464 babet
1553 5417 1668 5464 omnes
1680 5402 1833 5464 virtutes.
1850 5403 1922 5463 Hoc
1936 5403 1988 5463 est

334 5489 572 5552 11011d0b0m118
595 5489 811 5562 abscondere,
830 5489 887 5551 sed
911 5490 1035 5552 bonum
1050 5507 1132 5568 opus
1186 5496 1324 5560 verbnm
1348 5497 1589 5574 abbreviatum,
1615 5499 1702 5579 quod
1725 5499 1804 5562 iecit
1825 5495 1985 5561 Dominus

334 5586 411 5649 aliis
423 5587 458 5649 in
474 5586 586 5650 lumen
605 5589 639 5650 et
651 5588 842 5666 exemplum
854 5587 1079 5652 manifestare.
1187 5597 1435 5675 superterram,
1453 5597 1539 5676 quod
1559 5598 1644 5662 adeo
1660 5597 1761 5662 breve
1777 5599 1877 5660 estut
1891 5595 1986 5659 dica-
