4234 6408
119 323 182 388 129
754 320 984 390 EPISTOLAE.
1007 321 1086 383 LIB.
1109 321 1135 382 1.
1711 327 1770 388 130

123 479 577 559 Quumigiturmiserioordia
592 478 816 558 superexaltet
825 480 919 557 judi·
971 481 1050 554 tarn,
1062 495 1124 543 nec
1136 495 1201 542 non
1218 479 1427 558 privilegium
1441 483 1473 544 et
1485 481 1769 546 confirmationem

121 581 224 652 cium,
267 577 460 640 discretioni
492 577 613 640 rostrae
645 593 706 656 per
734 578 918 654 apostolica
971 578 1079 641 felicis
1093 577 1333 642 recordationis
1352 580 1502 642 Pascalis
1523 597 1617 660 papae
1635 582 1769 660 praede-

121 677 248 754 scripta
280 675 489 747 mandamus,
522 675 685 753 quatenus
719 691 819 752 super
855 675 918 737 hoc
973 677 1115 738 cessoris
1140 677 1247 740 nostri
1273 691 1375 755 super
1403 677 1467 740 hoc
1501 677 1622 740 laetam
1650 679 1770 764 objecit

123 776 231 838 eidem
257 773 441 859 hrjungatis
474 773 703 850 poenitentiam
729 773 919 850 competen-
973 773 1250 853 eidemcumque
1272 773 1445 852 superbis
1466 791 1578 838 coram
1601 779 1770 855 praedictis

121 877 201 944 tem,
218 874 251 934 et
265 871 463 948 eaperacta,
480 870 669 937 concedatis
681 870 712 932 ei
722 870 919 932 auctoritate
969 871 1137 949 judicibus
1156 872 1274 936 luisset
1288 873 1483 952 aliquandiu
1497 874 1673 952 litigatum,
1689 878 1770 939 tan-

123 969 313 1048 apostolica
326 967 501 1046 postulata,
518 967 693 1030 dummodo
707 971 739 1030 ei
758 968 847 1030 aliud
863 983 921 1029 ca·
974 971 1048 1030 dem
1063 973 1177 1032 contra
1192 971 1385 1048 praedictum
1398 973 1559 1034 decanum
1572 974 1770 1038 sententiam

123 1067 282 1131 nonicum
297 1082 365 1128 non
378 1066 526 1128 obsistat.
553 1065 644 1138 Quod
662 1065 690 1126 si
705 1082 771 1127 non
786 1081 917 1137 omnes,
975 1068 1503 1147 protulerunt,interpretationem
1510 1073 1770 1152 compositionis,

123 1167 201 1237 etc,
242 1164 295 1224 his
329 1162 550 1240 exsequendis
577 1164 740 1224 interesse
768 1163 919 1240 potueri·
975 1166 1143 1242 privilegii
1160 1168 1193 1228 et
1207 1168 1467 1230 confirmationis
1484 1170 1562 1231 Sedi
1575 1169 1771 1247 apostoncae

123 1264 180 1334 tis,
210 1262 275 1324 duo
295 1263 453 1332 vestrum,
475 1262 550 1333 etc,
576 1261 796 1322 nihilominus
818 1275 920 1322 exse·
975 1265 1196 1326 reservantes.
1212 1265 1484 1328 Praedictusverc
1497 1266 1642 1329 decanus
1655 1267 1773 1330 exhoc

123 1361 281 1440 quantur.
297 1361 416 1422 Datum
435 1361 549 1421 Romae
571 1359 658 1435 apud
683 1359 840 1420 Sanctum
858 1361 922 1420 Pe-
976 1359 1039 1422 sihi
1064 1361 1096 1422 et
1120 1364 1282 1423 Peronen.
1313 1361 1504 1442 capitulum,
1530 1365 1679 1427 ecclesias
1704 1381 1773 1428 suae

122 1461 226 1531 trum,
260 1456 388 1520 decimo
421 1457 536 1518 octavo
563 1457 725 1518 kalendas
749 1457 919 1535 januarii,
977 1459 1156 1520 sentientes
1177 1473 1279 1535 grave
1296 1461 1526 1538 praejudicium
1545 1462 1714 1538 generari,
1731 1463 1773 1525 ad

123 1555 339 1634 pontificatus
351 1555 457 1616 nostri
467 1569 555 1616 anno
566 1554 686 1632 primo.
978 1556 1095 1618 Sedem
1123 1557 1346 1634 Apostolicam
1373 1559 1598 1632 recurrerunt,
1627 1559 1773 1622 decanus

977 1669 1037 1732 pro
1053 1670 1090 1716 se
1102 1655 1333 1732 personaliter,
1349 1657 1382 1718 et
1396 1655 1576 1734 capitulum
1590 1674 1650 1735 pro
1666 1675 1701 1720 se
1716 1675 1775 1737 per

779 1807 787 1820 ,
979 1751 1146 1814 Simonem
1159 1753 1311 1816 nuntium
1324 1769 1421 1816 suum
1436 1755 1550 1818 nostro
1565 1771 1601 1818 se
1613 1771 1776 1835 conspec-

461 1830 584 1918 XCIX
978 1849 1026 1911 tui
1037 1851 1280 1927 praesentando.
1297 1851 1433 1926 Quibus,
1457 1854 1490 1916 et
1513 1856 1550 1914 P.
1567 1855 1776 1931 procuratori

979 1945 1129 2022 praedicti
1144 1946 1300 2024 episcopi,
1313 1947 1433 2011 dilecto
1443 1948 1512 2010 lilio
1522 1951 1560 2010 ll.
1573 1949 1776 2013 subdiacono

124 2057 180 2115 Ad
203 2055 400 2130 episcopum
417 2051 689 2122 atrebatensem,
709 2051 864 2112 abbatem
884 2051 925 2112 de
979 2043 1012 2104 et
1023 2043 1196 2121 capellano
1208 2044 1321 2107 nostro
1337 2045 1488 2108 auditore
1503 2061 1673 2119 concesso,
1690 2047 1778 2109 idem

175 2153 565 2222 Valser.‚0nmerncens.
578 2149 925 2220 dtoec.,etthesaura-
980 2139 1127 2218 episcopi
1150 2143 1346 2219 procurator
1370 2143 1466 2220 petiit
1490 2158 1603 2206 coram
1625 2160 1665 2206 eo
1691 2161 1780 2222 prae-

167 2251 265 2308 rtum
279 2251 575 2310 cameracensem,
980 2237 1142 2301 dictorum
1153 2239 1303 2316 judicum
1319 2241 1517 2302 sententiam
1532 2243 1565 2303 et
1581 2241 1673 2304 nulla
1688 2258 1779 2321 pror-

392 2345 394 2349 ·
422 2377 456 2435 ffi
474 2376 536 2434 dec.
558 2376 637 2434 42¹6·
981 2335 1267 2413 susappellatione
1276 2339 1675 2415 suspensamnuctoritale
1685 2339 1780 2402 Sedis

981 2433 1179 2510 Apostolicae
1194 2434 1397 2505 confirmari,
1420 2435 1582 2497 exhibens
1601 2453 1701 2514 super
1717 2438 1780 2500 hoc

176 2515 880 2584 [καφειιὼιερίει.156.Ιεε.ιαΡοηοᾱιιΤὴοί1.]
982 2529 1177 2592 relationem
1196 2531 1347 2610 judicum
1373 2533 1574 2606 eorumdem,
1600 2534 1633 2596 et
1652 2536 1779 2612 patene,

983 2627 1020 2689 ut
1032 2628 1194 2705 rescripta
1213 2629 1427 2708 interpretari
1447 2646 1506 2708 pro
1526 2631 1681 2709 episcopo
1703 2633 1780 2709 dig-

983 2741 1151 2788 naremur.
1185 2730 1268 2788 Pars
1301 2729 1412 2790 nutem
1442 2728 1548 2791 altera
1573 2745 1617 2790 ax
1641 2729 1781 2792 adverso

984 2823 1166 2900 respondit,
1191 2825 1278 2902 quod
1303 2824 1361 2887 illa
1387 2827 1550 2889 sententia
1576 2827 1668 2888 nulla
1697 2829 1780 2902 erat,

985 2937 1046 2984 nec
1076 2921 1199 2984 habere
1225 2937 1345 2985 nomen
1374 2925 1547 2987 sententiae
1580 2925 1780 2996 merehatur,

170 3025 351 3097 Honorius,
367 3026 443 3094 etc..
458 3023 643 3085 venerabili
664 3023 761 3086 fratri
775 3025 929 3102 episcopo
984 3021 1096 3098 utpote
1111 3037 1184 3099 quae
1199 3037 1299 3083 nona
1314 3023 1383 3084 suis
1393 3021 1562 3100 judicibus
1574 3023 1699 3085 temere
1713 3023 1781 3086 lata

129 3122 340 3193 Atrebatem,
359 3122 554 3199 dilectisque
571 3121 648 3183 liliis
670 3120 782 3184 abbati
800 3121 839 3183 de
854 3121 931 3184 Val-
984 3119 1066 3191 erat,
1078 3134 1139 3180 nec
1152 3117 1293 3181 debebat
1305 3119 1386 3181 fides
1402 3120 1558 3182 relationi
1572 3121 1689 3183 talium
1696 3121 1785 3199 judi·

130 3237 211 3293 sen,
233 3221 445 3282 Cameracen.
472 3219 636 3290 dioecesis,
661 3221 695 3282 et
719 3219 928 3283 thesaurario
985 3232 1059 3277 cum
1073 3213 1241 3293 exhiber13
1255 3217 1332 3295 quia
1344 3218 1483 3291 constat,
1495 3217 1581 3296 quod
1592 3219 1783 3282 excusando

131 3321 347 3380 cameracen.
985 3313 1784 3388 searchidiaconusBelvacen.,sicutinrelatione

175 3415 320 3478 Litteras
345 3415 454 3477 felicis
480 3414 721 3477 recordationis
746 3413 931 3476 innocentii
981 3411 1132 3487 judicum
1166 3412 1373 3484 continetur,
1405 3412 1673 3490 jurisdictionem
1702 3429 1722 3474 a
1749 3429 1785 3476 se

131 3529 227 3592 papae
235 3513 491 3592 praedecessoris
500 3512 603 3575 nostri
612 3511 707 3575 nobis
715 3513 931 3590 praesentatas
986 3508 1117 3586 penitus
1132 3508 1309 3582 abdicavit,
1326 3511 1359 3571 et
1377 3509 1516 3587 praelato
1531 3509 1657 3572 decano
1671 3511 1708 3571 in
1724 3527 1784 3572 ar-

132 3611 324 3688 accepimus
337 3610 374 3671 in
392 3611 482 3672 huno
507 3611 639 3673 modum
661 3627 699 3671 :a
720 3609 931 3674 innocentius
987 3607 1219 3668 chidiaconum
1238 3607 1402 3668 Parisien.
1425 3607 1598 3681 translato,
1617 3608 1704 3686 quod
1722 3625 1786 3671 ne-

132 3708 321 3786 episcopus,
338 3721 454 3768 servus
471 3721 644 3768 servorum
661 3706 732 3776 Dei,
747 3705 932 3769 venerabili
986 3704 1060 3781 gari
1082 3718 1150 3766 non
1171 3704 1290 3781 potest,
1303 3704 1493 3782 jurisdictio
1514 3705 1682 3783 expiravit
1692 3709 1785 3785 ejus-

132 3805 231 3866 fratri
253 3803 408 3882 episcopo
429 3803 622 3866 atrebaten.
648 3804 681 3865 et
703 3801 832 3865 dilectis
853 3801 933 3864 filiis
987 3802 1072 3874 dem,
1081 3816 1181 3878 quum
1192 3816 1369 3880 suppresso
1378 3818 1528 3880 personae
1541 3805 1786 3868 nominecausa

132 3901 247 3964 abbati
265 3901 306 3964 de
320 3903 462 3974 Valsen,
479 3903 690 3962 cameracen.
716 3900 885 3972 dloecesis,
902 3901 934 3962 et
987 3913 1053 3960 non
1066 3899 1250 3962 Parisiensi
1263 3899 1512 3976 archidiacone,
1527 3902 1583 3964 sed
1599 3903 1786 3966 Senonensi

132 3999 346 4062 thesaurario
361 4001 587 4070 cameracen,
602 3997 787 4060 salutemet
800 3997 935 4076 aposto-
988 3997 1113 4059 decano
1125 3997 1226 4060 luerit
1235 3998 1397 4076 delegata.
1407 3998 1537 4078 Adjecit
1545 4017 1687 4079 quoque,
1700 4001 1786 4079 quod
1811 4073 1814 4084 ¹

132 4096 234 4158 licam
263 4096 538 4158 benedictionem.
570 4096 651 4156 Cum
686 4095 765 4158 olim
798 4111 933 4157 causam
989 4095 1019 4155 si
1036 4095 1303 4172 jurisdictionem
1324 4097 1424 4171 etiam
1446 4097 1651 4171 habuissent,
1667 4113 1788 4176 perpe-

132 4211 208 4272 quae
218 4193 307 4256 inter
318 4192 542 4256 venerabilem
558 4192 696 4255 fratrem
712 4193 860 4255 nostrum
870 4195 935 4257 No·
988 4208 1060 4254 ram
1074 4194 1318 4270 processerunt,
1335 4195 1413 4272 quia
1428 4211 1502 4255 cum
1522 4195 1700 4270 praedictus
1718 4198 1786 4256 Pe-

132 4293 278 4353 riomen.
294 4290 505 4368 episcopum,
527 4292 559 4355 et
579 4291 741 4353 decanum
757 4293 932 4365 Peronen,
987 4290 1142 4351 ronensis
1153 4291 1299 4352 decanus
1309 4291 1592 4368 praescriptionem
1602 4290 1784 4369 probasset,

133 4388 332 4452 Noviomen.
369 4389 532 4462 dioecesis,
567 4371 667 4466 super
701 4388 935 4467 jurisdictione
989 4387 1789 4466 asserueruntilliprascriptionemvacationese·

133 4491 308 4549 Peronen.
349 4487 450 4548 castri
487 4486 650 4560 vertitur,
693 4489 863 4548 senonen.
903 4487 936 4547 et
989 4485 1788 4566 disNoriomensisinterruptamiuisse,quamvis

135 4583 364 4647 saresberien.
381 4583 515 4646 decanis
529 4585 608 4646 tunc
623 4583 762 4646 Parisiis
784 4599 934 4647 commo·
991 4597 1052 4644 nec
1067 4581 1155 4642 sedis
1170 4581 1300 4646 vacatio
1317 4581 1361 4644 sit
1375 4582 1524 4660 probata,
1541 4599 1615 4661 quae
1636 4585 1665 4645 si
1688 4585 1787 4647 etiam

133 4682 300 4754 rantibus,
322 4684 356 4743 et
375 4681 575 4744 cancellario
599 4683 775 4744 carnoten.
797 4683 937 4744 commi·
990 4678 1126 4757 probata
1134 4679 1263 4750 fuisset,
1272 4697 1482 4759 nequaquam
1490 4681 1788 4761 ioretpraescriptio

134 4781 298 4842 sissemus
338 4779 403 4841 tine
446 4779 555 4842 debito
598 4779 862 4855 terminandam,
904 4780 938 4842 et
990 4778 1192 4856 interrupta,
1224 4779 1281 4840 sed
1311 4779 1429 4843 debent
1461 4780 1571 4857 potius
1603 4781 1789 4843 vacationis

134 4877 344 4956 postmodum
362 4878 562 4940 cancellario
577 4879 734 4956 praedicto
751 4877 880 4940 sublato
896 4878 937 4940 de
992 4876 1121 4953 tempus
1144 4876 1184 4937 de
1201 4877 1310 4938 medio
1332 4878 1515 4954 supputari.
1532 4877 1581 4940 nd
1601 4879 1673 4940 haec
1688 4895 1789 4957 quum

134 4977 269 5049 medic,
316 4976 622 5053 subrogavissemus
664 4977 936 5039 archidiaconum
991 4973 1059 5036 tota
1085 4973 1224 5051 quaestio
1246 4973 1287 5034 de
1308 4975 1558 5050 privilegiorum
1580 4975 1707 5036 viribus
1726 4975 1789 5037 de-

133 5074 330 5147 Belvacen.,
352 5075 530 5152 praedictus
564 5073 736 5151 episcopus
767 5075 952 5154 proposuit
992 5072 1160 5150 penderet,
1174 5071 1202 5131 si
1226 5070 1266 5132 de
1290 5072 1437 5148 ipsorum
1461 5065 1790 5149 interpretationibus

134 5187 253 5236 coram
273 5173 333 5246 eis,
351 5172 392 5234 ad
416 5189 452 5233 se
476 5170 659 5248 plenariam
670 5171 938 5249 jurisdictionem
993 5167 1201 5236 dubitabant,
1221 5168 1391 5229 Summum
1411 5167 1616 5240 Pontificem,
1631 5171 1725 5247 cujus
1742 5171 1792 5231 est

135 5286 316 5334 causarum
341 5269 564 5348 spiritualium
585 5269 653 5331 tam
677 5269 825 5330 civilium
840 5285 939 5348 quam
993 5263 1168 5344 privilegia
1189 5264 1342 5337 condere,
1358 5267 1392 5327 et
1411 5265 1627 5352 interpretari*
1645 5267 1788 5340 condita,

127 2697 274 2770 precipit,
292 2702 323 2754 ut
340 2695 370 2752 in
387 2709 474 2753 causa
489 2696 562 2752 inter
575 2695 799 2754 Noviomensem
815 2695 925 2768 episco-

165 2800 235 2858 pum
254 2791 284 2842 ct
302 2783 442 2842 decanum
465 2784 661 2842 Peronensem
681 2782 837 2856 procedant
849 2783 929 2857 juxta

165 2873 278 2932 litteras
292 2870 328 2930 ab
339 2875 505 2930 Innocentio
517 2873 604 2931 lilio
616 2873 683 2930 maii
695 2871 775 2930 1216.

27 5419 29 5438 ,
135 5367 364 5429 criminalium
387 5367 565 5444 pertinere.
588 5369 741 5428 Decanus
758 5381 838 5427 vero
857 5365 938 5428 infl-
994 5362 1168 5425 consulere
1189 5361 1383 5424 debuerunt.
1406 5363 1469 5424 Sed
1493 5364 1558 5441 ipsi
1580 5363 1696 5426 ordine
1714 5381 1793 5442 per-

135 5467 231 5528 ciens
258 5465 291 5526 id
318 5465 451 5527 omnino
474 5465 759 5543 praescriptionem
780 5461 940 5540 temporis
993 5459 1125 5523 turbato
1150 5461 1243 5538 prius
1267 5461 1308 5521 ad
1336 5461 1535 5524 sententiam
1563 5463 1789 5540 procedentes,

29 5557 31 5584 ¹
135 5565 169 5626 et
184 5561 458 5640 compositionem
481 5562 561 5625 olim
583 5561 671 5624 inter
684 5563 721 5622 Β.
737 5562 941 5624 Noviomen-
994 5559 1125 5620 demum
1138 5575 1199 5620 nos
1214 5559 1378 5636 superbis
1391 5559 1612 5622 consulendos
1624 5559 1792 5625 duxerunt

30 5677 33 5794 l

32 5893 41 6079 l

135 5679 208 5724 sem
224 5661 427 5738 episcopum,
442 5661 474 5724 et
488 5641 669 5738 capitulani
686 5663 847 5722 Beronen.
865 5660 940 5721 irri-
995 5673 1094 5733 quum
1105 5660 1174 5734 jam
1187 5655 1345 5718 desierint
1359 5674 1433 5720 esse
1446 5659 1697 5735 judices,semel
1712 5661 1793 5724 licet

284 5832 398 5900 rinnon.
419 5831 493 5876 rous
513 5817 549 5876 ll.
1604 5779 1644 5874 bs
