<?xml version="1.0" encoding="UTF-8"?>
<!DOCTYPE html PUBLIC "-//W3C//DTD XHTML 1.0 Transitional//EN"
    "http://www.w3.org/TR/xhtml1/DTD/xhtml1-transitional.dtd">
<html xmlns="http://www.w3.org/1999/xhtml" xml:lang="en" lang="en">
 <head>
  <title>
</title>
<meta http-equiv="Content-Type" content="text/html;charset=utf-8" />
  <meta name='ocr-system' content='tesseract 3.04.00' />
  <meta name='ocr-capabilities' content='ocr_page ocr_carea ocr_par ocr_line ocrx_word'/>
</head>
<body>
  <div class='ocr_page' id='page_1' title='image "./mediiaevibiblio02unkngoog_0597.png"; bbox 0 0 4104 6392; ppageno 0'>
   <div class='ocr_carea' id='block_1_1' title="bbox 296 141 352 200">
    <p class='ocr_par' dir='ltr' id='par_1_1' title="bbox 296 141 352 200">
     <span class='ocr_line' id='line_1_1' title="bbox 296 141 352 200; baseline 0.018 -1"><span class='ocrx_word' id='word_1_1' title='bbox 296 141 352 200; x_wconf 82' lang='lat'>711</span> 
     </span>
    </p>
   </div>
   <div class='ocr_carea' id='block_1_2' title="bbox 292 300 1093 1839">
    <p class='ocr_par' dir='ltr' id='par_1_2' title="bbox 292 300 1093 1839">
     <span class='ocr_line' id='line_1_2' title="bbox 295 300 1091 378; baseline 0.006 -18"><span class='ocrx_word' id='word_1_2' title='bbox 295 300 401 376; x_wconf 90' lang='lat' dir='ltr'>partis</span> <span class='ocrx_word' id='word_1_3' title='bbox 434 303 685 378; x_wconf 90' lang='lat' dir='ltr'>procuratorum</span> <span class='ocrx_word' id='word_1_4' title='bbox 722 317 877 378; x_wconf 89' lang='lat' dir='ltr'>assensu,</span> <span class='ocrx_word' id='word_1_5' title='bbox 907 303 1091 366; x_wconf 89' lang='lat' dir='ltr'>venerabili</span> 
     </span>
     <span class='ocr_line' id='line_1_3' title="bbox 293 399 1093 479; baseline 0.004 -17"><span class='ocrx_word' id='word_1_6' title='bbox 293 399 392 462; x_wconf 79' lang='lat' dir='ltr'>tratri</span> <span class='ocrx_word' id='word_1_7' title='bbox 406 403 557 460; x_wconf 88' lang='lat' dir='ltr'>nostro...</span> <span class='ocrx_word' id='word_1_8' title='bbox 569 403 705 461; x_wconf 86' lang='lat' dir='ltr'>Reman.</span> <span class='ocrx_word' id='word_1_9' title='bbox 717 399 969 479; x_wconf 78' lang='lat' dir='ltr'>archiepiscopo</span> <span class='ocrx_word' id='word_1_10' title='bbox 978 403 1093 465; x_wconf 88' lang='lat' dir='ltr'>etcon·</span> 
     </span>
     <span class='ocr_line' id='line_1_4' title="bbox 292 495 1091 574; baseline 0.004 -17"><span class='ocrx_word' id='word_1_11' title='bbox 292 495 461 574; x_wconf 85' lang='lat' dir='ltr'>jndicibus</span> <span class='ocrx_word' id='word_1_12' title='bbox 480 497 550 556; x_wconf 87' lang='lat' dir='ltr'>suis</span> <span class='ocrx_word' id='word_1_13' title='bbox 567 511 586 556; x_wconf 91' lang='lat' dir='ltr'>a</span> <span class='ocrx_word' id='word_1_14' title='bbox 605 495 701 558; x_wconf 89' lang='lat' dir='ltr'>bonae</span> <span class='ocrx_word' id='word_1_15' title='bbox 714 498 883 560; x_wconf 87' lang='lat' dir='ltr'>memoriae</span> <span class='ocrx_word' id='word_1_16' title='bbox 900 499 1091 560; x_wconf 83' lang='lat' dir='ltr'>Innocentio</span> 
     </span>
     <span class='ocr_line' id='line_1_5' title="bbox 294 593 1090 672; baseline 0.005 -16"><span class='ocrx_word' id='word_1_17' title='bbox 294 610 380 672; x_wconf 89' lang='lat' dir='ltr'>papa</span> <span class='ocrx_word' id='word_1_18' title='bbox 393 593 637 669; x_wconf 76' lang='lat' dir='ltr'>praedecessore</span> <span class='ocrx_word' id='word_1_19' title='bbox 649 597 762 656; x_wconf 90' lang='lat' dir='ltr'>nostro</span> <span class='ocrx_word' id='word_1_20' title='bbox 775 596 951 658; x_wconf 90' lang='lat' dir='ltr'>commissa</span> <span class='ocrx_word' id='word_1_21' title='bbox 963 596 1090 669; x_wconf 87' lang='lat' dir='ltr'>luisset,</span> 
     </span>
     <span class='ocr_line' id='line_1_6' title="bbox 295 690 1093 772; baseline 0.004 -20"><span class='ocrx_word' id='word_1_22' title='bbox 295 693 443 768; x_wconf 83' lang='lat' dir='ltr'>eiusque</span> <span class='ocrx_word' id='word_1_23' title='bbox 458 691 499 750; x_wconf 90' lang='lat' dir='ltr'>ad</span> <span class='ocrx_word' id='word_1_24' title='bbox 516 690 585 752; x_wconf 91' lang='lat' dir='ltr'>litis</span> <span class='ocrx_word' id='word_1_25' title='bbox 601 692 886 765; x_wconf 85' lang='lat' dir='ltr'>contestationem,</span> <span class='ocrx_word' id='word_1_26' title='bbox 899 695 974 765; x_wconf 83' lang='lat' dir='ltr'>ete,</span> <span class='ocrx_word' id='word_1_27' title='bbox 992 709 1093 772; x_wconf 90' lang='lat' dir='ltr'>prop-</span> 
     </span>
     <span class='ocr_line' id='line_1_7' title="bbox 294 788 1091 867; baseline 0.001 -16"><span class='ocrx_word' id='word_1_28' title='bbox 294 792 346 851; x_wconf 86' lang='lat' dir='ltr'>ter</span> <span class='ocrx_word' id='word_1_29' title='bbox 360 788 576 850; x_wconf 87' lang='lat' dir='ltr'>remotionem</span> <span class='ocrx_word' id='word_1_30' title='bbox 594 790 704 850; x_wconf 87' lang='lat' dir='ltr'>tamen</span> <span class='ocrx_word' id='word_1_31' title='bbox 727 789 878 867; x_wconf 89' lang='lat' dir='ltr'>judicum</span> <span class='ocrx_word' id='word_1_32' title='bbox 903 790 1091 852; x_wconf 89' lang='lat' dir='ltr'>eorumdem</span> 
     </span>
     <span class='ocr_line' id='line_1_8' title="bbox 297 885 1091 965; baseline 0.005 -20"><span class='ocrx_word' id='word_1_33' title='bbox 297 901 356 963; x_wconf 92' lang='lat' dir='ltr'>per</span> <span class='ocrx_word' id='word_1_34' title='bbox 370 885 516 963; x_wconf 88' lang='lat' dir='ltr'>quinque</span> <span class='ocrx_word' id='word_1_35' title='bbox 529 901 634 947; x_wconf 89' lang='lat' dir='ltr'>annos</span> <span class='ocrx_word' id='word_1_36' title='bbox 654 887 845 965; x_wconf 87' lang='lat' dir='ltr'>etamplius</span> <span class='ocrx_word' id='word_1_37' title='bbox 866 888 1016 949; x_wconf 86' lang='lat' dir='ltr'>indecisa</span> <span class='ocrx_word' id='word_1_38' title='bbox 1033 903 1091 949; x_wconf 92' lang='lat' dir='ltr'>re-</span> 
     </span>
     <span class='ocr_line' id='line_1_9' title="bbox 295 983 1092 1063; baseline 0.003 -19"><span class='ocrx_word' id='word_1_39' title='bbox 295 984 430 1044; x_wconf 88' lang='lat' dir='ltr'>mansit.</span> <span class='ocrx_word' id='word_1_40' title='bbox 444 983 537 1044; x_wconf 90' lang='lat' dir='ltr'>Unde</span> <span class='ocrx_word' id='word_1_41' title='bbox 550 984 628 1061; x_wconf 90' lang='lat' dir='ltr'>quia</span> <span class='ocrx_word' id='word_1_42' title='bbox 646 985 888 1046; x_wconf 89' lang='lat' dir='ltr'>commissionis</span> <span class='ocrx_word' id='word_1_43' title='bbox 903 985 1092 1063; x_wconf 89' lang='lat' dir='ltr'>hujusmodi</span> 
     </span>
     <span class='ocr_line' id='line_1_10' title="bbox 297 1080 1091 1160; baseline 0.003 -20"><span class='ocrx_word' id='word_1_44' title='bbox 297 1080 419 1142; x_wconf 82' lang='lat' dir='ltr'>litierae</span> <span class='ocrx_word' id='word_1_45' title='bbox 442 1082 520 1142; x_wconf 90' lang='lat' dir='ltr'>sunt</span> <span class='ocrx_word' id='word_1_46' title='bbox 537 1081 680 1154; x_wconf 88' lang='lat' dir='ltr'>amissae,</span> <span class='ocrx_word' id='word_1_47' title='bbox 696 1081 967 1160; x_wconf 87' lang='lat' dir='ltr'>archiepiscopus</span> <span class='ocrx_word' id='word_1_48' title='bbox 992 1083 1091 1144; x_wconf 90' lang='lat' dir='ltr'>etiarn</span> 
     </span>
     <span class='ocr_line' id='line_1_11' title="bbox 295 1179 1092 1257; baseline 0.003 -19"><span class='ocrx_word' id='word_1_49' title='bbox 295 1180 497 1239; x_wconf 90' lang='lat' dir='ltr'>memoratus</span> <span class='ocrx_word' id='word_1_50' title='bbox 517 1179 685 1256; x_wconf 90' lang='lat' dir='ltr'>assumpto</span> <span class='ocrx_word' id='word_1_51' title='bbox 704 1179 846 1241; x_wconf 76' lang='lat' dir='ltr'>vivificae</span> <span class='ocrx_word' id='word_1_52' title='bbox 866 1180 975 1242; x_wconf 88' lang='lat' dir='ltr'>crucis</span> <span class='ocrx_word' id='word_1_53' title='bbox 997 1180 1092 1257; x_wconf 91' lang='lat' dir='ltr'>signo</span> 
     </span>
     <span class='ocr_line' id='line_1_12' title="bbox 295 1275 1092 1351; baseline 0.001 -14"><span class='ocrx_word' id='word_1_54' title='bbox 295 1275 361 1337; x_wconf 87' lang='lat' dir='ltr'>iter</span> <span class='ocrx_word' id='word_1_55' title='bbox 386 1275 543 1351; x_wconf 90' lang='lat' dir='ltr'>arripuit,</span> <span class='ocrx_word' id='word_1_56' title='bbox 570 1277 606 1338; x_wconf 92' lang='lat' dir='ltr'>ut</span> <span class='ocrx_word' id='word_1_57' title='bbox 634 1277 786 1340; x_wconf 87' lang='lat' dir='ltr'>exsolvat</span> <span class='ocrx_word' id='word_1_58' title='bbox 811 1278 952 1339; x_wconf 90' lang='lat' dir='ltr'>Domino</span> <span class='ocrx_word' id='word_1_59' title='bbox 979 1279 1092 1340; x_wconf 87' lang='lat' dir='ltr'>votum</span> 
     </span>
     <span class='ocr_line' id='line_1_13' title="bbox 294 1373 1092 1450; baseline 0.005 -18"><span class='ocrx_word' id='word_1_60' title='bbox 294 1389 401 1440; x_wconf 90' lang='lat' dir='ltr'>suum,</span> <span class='ocrx_word' id='word_1_61' title='bbox 425 1373 596 1434; x_wconf 90' lang='lat' dir='ltr'>humiliter</span> <span class='ocrx_word' id='word_1_62' title='bbox 618 1373 798 1450; x_wconf 89' lang='lat' dir='ltr'>postulavit</span> <span class='ocrx_word' id='word_1_63' title='bbox 825 1391 845 1435; x_wconf 94' lang='lat' dir='ltr'>a</span> <span class='ocrx_word' id='word_1_64' title='bbox 870 1374 978 1447; x_wconf 82' lang='lat' dir='ltr'>nobie,</span> <span class='ocrx_word' id='word_1_65' title='bbox 1003 1377 1039 1436; x_wconf 92' lang='lat' dir='ltr'>ut</span> <span class='ocrx_word' id='word_1_66' title='bbox 1061 1375 1092 1436; x_wconf 86' lang='lat' dir='ltr'>ai</span> 
     </span>
     <span class='ocr_line' id='line_1_14' title="bbox 294 1469 1092 1548; baseline 0.004 -19"><span class='ocrx_word' id='word_1_67' title='bbox 294 1469 467 1546; x_wconf 90' lang='lat' dir='ltr'>superhcc</span> <span class='ocrx_word' id='word_1_68' title='bbox 488 1471 663 1546; x_wconf 90' lang='lat' dir='ltr'>providere</span> <span class='ocrx_word' id='word_1_69' title='bbox 688 1471 949 1533; x_wconf 88' lang='lat' dir='ltr'>misericorditer</span> <span class='ocrx_word' id='word_1_70' title='bbox 969 1471 1092 1548; x_wconf 85' lang='lat' dir='ltr'>digna-</span> 
     </span>
     <span class='ocr_line' id='line_1_15' title="bbox 293 1567 1093 1646; baseline 0.003 -18"><span class='ocrx_word' id='word_1_71' title='bbox 293 1583 416 1628; x_wconf 90' lang='lat' dir='ltr'>remur.</span> <span class='ocrx_word' id='word_1_72' title='bbox 448 1567 609 1640; x_wconf 88' lang='lat' dir='ltr'>Quocirca</span> <span class='ocrx_word' id='word_1_73' title='bbox 644 1567 838 1630; x_wconf 90' lang='lat' dir='ltr'>discretioni</span> <span class='ocrx_word' id='word_1_74' title='bbox 873 1569 992 1630; x_wconf 84' lang='lat' dir='ltr'>vestrae</span> <span class='ocrx_word' id='word_1_75' title='bbox 1033 1584 1093 1646; x_wconf 88' lang='lat' dir='ltr'>per</span> 
     </span>
     <span class='ocr_line' id='line_1_16' title="bbox 293 1664 1093 1743; baseline 0.001 -18"><span class='ocrx_word' id='word_1_76' title='bbox 293 1664 484 1741; x_wconf 88' lang='lat' dir='ltr'>Apostolica</span> <span class='ocrx_word' id='word_1_77' title='bbox 508 1665 632 1742; x_wconf 90' lang='lat' dir='ltr'>scripta</span> <span class='ocrx_word' id='word_1_78' title='bbox 652 1666 858 1737; x_wconf 89' lang='lat' dir='ltr'>mandamus,</span> <span class='ocrx_word' id='word_1_79' title='bbox 876 1665 1049 1743; x_wconf 89' lang='lat' dir='ltr'>quatenus,</span> <span class='ocrx_word' id='word_1_80' title='bbox 1064 1666 1093 1726; x_wconf 91' lang='lat' dir='ltr'>si</span> 
     </span>
     <span class='ocr_line' id='line_1_17' title="bbox 294 1760 1090 1839; baseline 0.003 -19"><span class='ocrx_word' id='word_1_81' title='bbox 294 1765 345 1822; x_wconf 90' lang='lat' dir='ltr'>est</span> <span class='ocrx_word' id='word_1_82' title='bbox 359 1762 417 1834; x_wconf 90' lang='lat' dir='ltr'>ita,</span> <span class='ocrx_word' id='word_1_83' title='bbox 428 1778 495 1823; x_wconf 92' lang='lat' dir='ltr'>non</span> <span class='ocrx_word' id='word_1_84' title='bbox 510 1760 661 1824; x_wconf 86' lang='lat' dir='ltr'>obstante</span> <span class='ocrx_word' id='word_1_85' title='bbox 677 1764 909 1824; x_wconf 88' lang='lat' dir='ltr'>commissione</span> <span class='ocrx_word' id='word_1_86' title='bbox 921 1763 1090 1839; x_wconf 85' lang='lat' dir='ltr'>praedicta,</span> 
     </span>
    </p>
   </div>
   <div class='ocr_carea' id='block_1_3' title="bbox 835 95 1326 208">
    <p class='ocr_par' dir='ltr' id='par_1_3' title="bbox 835 95 1326 208">
     <span class='ocr_line' id='line_1_18' title="bbox 835 95 1326 208; baseline 0.002 -5"><span class='ocrx_word' id='word_1_87' title='bbox 835 95 839 101; x_wconf 37' lang='lat'><strong><em>⁵</em></strong></span> <span class='ocrx_word' id='word_1_88' title='bbox 915 143 1090 206; x_wconf 82' lang='lat' dir='ltr'>nouoan</span> <span class='ocrx_word' id='word_1_89' title='bbox 1113 145 1157 206; x_wconf 90' lang='lat'>111</span> <span class='ocrx_word' id='word_1_90' title='bbox 1180 145 1326 208; x_wconf 78' lang='lat' dir='ltr'>ornan.</span> 
     </span>
    </p>
   </div>
   <div class='ocr_carea' id='block_1_4' title="bbox 1913 153 1980 210">
    <p class='ocr_par' dir='ltr' id='par_1_4' title="bbox 1913 153 1980 210">
     <span class='ocr_line' id='line_1_19' title="bbox 1913 153 1980 210; baseline 0.03 -2"><span class='ocrx_word' id='word_1_91' title='bbox 1913 153 1980 210; x_wconf 71' lang='lat'>712</span> 
     </span>
    </p>
   </div>
   <div class='ocr_carea' id='block_1_5' title="bbox 1143 305 1981 1850">
    <p class='ocr_par' dir='ltr' id='par_1_5' title="bbox 1143 305 1981 1850">
     <span class='ocr_line' id='line_1_20' title="bbox 1147 305 1981 384; baseline 0.006 -20"><span class='ocrx_word' id='word_1_92' title='bbox 1147 307 1269 382; x_wconf 88' lang='lat' dir='ltr'>praeter</span> <span class='ocrx_word' id='word_1_93' title='bbox 1289 305 1408 382; x_wconf 80' lang='lat' dir='ltr'>vigInti</span> <span class='ocrx_word' id='word_1_94' title='bbox 1425 305 1569 384; x_wconf 90' lang='lat' dir='ltr'>quinque</span> <span class='ocrx_word' id='word_1_95' title='bbox 1587 307 1712 368; x_wconf 90' lang='lat' dir='ltr'>solidos</span> <span class='ocrx_word' id='word_1_96' title='bbox 1738 311 1803 370; x_wconf 90' lang='lat' dir='ltr'>aut</span> <span class='ocrx_word' id='word_1_97' title='bbox 1828 311 1981 370; x_wconf 71' lang='lat' dir='ltr'>matut&#39;r</span> 
     </span>
     <span class='ocr_line' id='line_1_21' title="bbox 1147 402 1981 478; baseline 0.005 -16"><span class='ocrx_word' id='word_1_98' title='bbox 1147 402 1253 474; x_wconf 91' lang='lat' dir='ltr'>nales,</span> <span class='ocrx_word' id='word_1_99' title='bbox 1272 404 1331 465; x_wconf 92' lang='lat' dir='ltr'>aut</span> <span class='ocrx_word' id='word_1_100' title='bbox 1347 403 1657 465; x_wconf 87' lang='lat' dir='ltr'>anniversariorum</span> <span class='ocrx_word' id='word_1_101' title='bbox 1671 406 1853 478; x_wconf 81' lang='lat' dir='ltr'>denarIos,</span> <span class='ocrx_word' id='word_1_102' title='bbox 1877 408 1913 466; x_wconf 89' lang='lat' dir='ltr'>si</span> <span class='ocrx_word' id='word_1_103' title='bbox 1931 411 1981 466; x_wconf 86' lang='lat' dir='ltr'>ta-</span> 
     </span>
     <span class='ocr_line' id='line_1_22' title="bbox 1148 499 1978 580; baseline 0.007 -22"><span class='ocrx_word' id='word_1_104' title='bbox 1148 514 1222 560; x_wconf 94' lang='lat' dir='ltr'>men</span> <span class='ocrx_word' id='word_1_105' title='bbox 1238 499 1306 561; x_wconf 91' lang='lat' dir='ltr'>illis</span> <span class='ocrx_word' id='word_1_106' title='bbox 1320 500 1520 573; x_wconf 84' lang='lat' dir='ltr'>interfuerit,</span> <span class='ocrx_word' id='word_1_107' title='bbox 1538 501 1693 580; x_wconf 91' lang='lat' dir='ltr'>deinceps</span> <span class='ocrx_word' id='word_1_108' title='bbox 1715 503 1758 564; x_wconf 90' lang='lat' dir='ltr'>de</span> <span class='ocrx_word' id='word_1_109' title='bbox 1774 503 1978 580; x_wconf 85' lang='lat' dir='ltr'>praebenda</span> 
     </span>
     <span class='ocr_line' id='line_1_23' title="bbox 1148 587 1979 678; baseline 0.007 -22"><span class='ocrx_word' id='word_1_110' title='bbox 1148 613 1208 658; x_wconf 90' lang='lat' dir='ltr'>sua</span> <span class='ocrx_word' id='word_1_111' title='bbox 1223 597 1395 674; x_wconf 89' lang='lat' dir='ltr'>percipiet,</span> <span class='ocrx_word' id='word_1_112' title='bbox 1409 614 1471 659; x_wconf 90' lang='lat' dir='ltr'>nec</span> <span class='ocrx_word' id='word_1_113' title='bbox 1485 587 1628 676; x_wconf 83' lang='lat' dir='ltr'>aliquem</span> <span class='ocrx_word' id='word_1_114' title='bbox 1645 601 1803 678; x_wconf 86' lang='lat' dir='ltr'>recipere</span> <span class='ocrx_word' id='word_1_115' title='bbox 1815 617 1979 662; x_wconf 87' lang='lat' dir='ltr'>eonsen-</span> 
     </span>
     <span class='ocr_line' id='line_1_24' title="bbox 1147 694 1977 776; baseline 0.006 -22"><span class='ocrx_word' id='word_1_116' title='bbox 1147 694 1216 766; x_wconf 85' lang='lat' dir='ltr'>iiet,</span> <span class='ocrx_word' id='word_1_117' title='bbox 1233 694 1332 756; x_wconf 83' lang='lat' dir='ltr'>alsia</span> <span class='ocrx_word' id='word_1_118' title='bbox 1348 695 1502 756; x_wconf 86' lang='lat' dir='ltr'>kalendis</span> <span class='ocrx_word' id='word_1_119' title='bbox 1517 699 1660 772; x_wconf 76' lang='lat' dir='ltr'>augusti,</span> <span class='ocrx_word' id='word_1_120' title='bbox 1681 713 1793 776; x_wconf 88' lang='lat' dir='ltr'>usque</span> <span class='ocrx_word' id='word_1_121' title='bbox 1810 699 1859 758; x_wconf 88' lang='lat' dir='ltr'>ad</span> <span class='ocrx_word' id='word_1_122' title='bbox 1881 699 1977 759; x_wconf 82' lang='lat' dir='ltr'>alias</span> 
     </span>
     <span class='ocr_line' id='line_1_25' title="bbox 1148 791 1975 874; baseline 0.008 -23"><span class='ocrx_word' id='word_1_123' title='bbox 1148 791 1294 868; x_wconf 86' lang='lat' dir='ltr'>ejusdem</span> <span class='ocrx_word' id='word_1_124' title='bbox 1309 792 1433 854; x_wconf 92' lang='lat' dir='ltr'>mensis</span> <span class='ocrx_word' id='word_1_125' title='bbox 1447 793 1620 867; x_wconf 85' lang='lat' dir='ltr'>kalendas,</span> <span class='ocrx_word' id='word_1_126' title='bbox 1633 795 1667 855; x_wconf 91' lang='lat' dir='ltr'>in</span> <span class='ocrx_word' id='word_1_127' title='bbox 1682 795 1829 856; x_wconf 85' lang='lat' dir='ltr'>civitate</span> <span class='ocrx_word' id='word_1_128' title='bbox 1846 801 1975 874; x_wconf 77' lang='lat' dir='ltr'>mostra</span> 
     </span>
     <span class='ocr_line' id='line_1_26' title="bbox 1148 889 1972 969; baseline 0.005 -19"><span class='ocrx_word' id='word_1_129' title='bbox 1148 889 1233 964; x_wconf 90' lang='lat' dir='ltr'>apud</span> <span class='ocrx_word' id='word_1_130' title='bbox 1258 905 1318 951; x_wconf 91' lang='lat' dir='ltr'>nos</span> <span class='ocrx_word' id='word_1_131' title='bbox 1345 891 1550 951; x_wconf 89' lang='lat' dir='ltr'>mansionem</span> <span class='ocrx_word' id='word_1_132' title='bbox 1580 892 1614 951; x_wconf 90' lang='lat' dir='ltr'>in</span> <span class='ocrx_word' id='word_1_133' title='bbox 1638 893 1780 969; x_wconf 91' lang='lat' dir='ltr'>propria</span> <span class='ocrx_word' id='word_1_134' title='bbox 1813 909 1972 969; x_wconf 88' lang='lat' dir='ltr'>persona</span> 
     </span>
     <span class='ocr_line' id='line_1_27' title="bbox 1148 984 1973 1067; baseline 0.005 -21"><span class='ocrx_word' id='word_1_135' title='bbox 1148 984 1265 1048; x_wconf 84' lang='lat' dir='ltr'>lecerit</span> <span class='ocrx_word' id='word_1_136' title='bbox 1275 1003 1337 1063; x_wconf 90' lang='lat' dir='ltr'>per</span> <span class='ocrx_word' id='word_1_137' title='bbox 1349 1002 1409 1048; x_wconf 89' lang='lat' dir='ltr'>sex</span> <span class='ocrx_word' id='word_1_138' title='bbox 1419 990 1728 1062; x_wconf 86' lang='lat' dir='ltr'>mensescontinue,</span> <span class='ocrx_word' id='word_1_139' title='bbox 1740 989 1798 1053; x_wconf 87' lang='lat' dir='ltr'>vel</span> <span class='ocrx_word' id='word_1_140' title='bbox 1812 991 1973 1067; x_wconf 85' lang='lat' dir='ltr'>interpo-</span> 
     </span>
     <span class='ocr_line' id='line_1_28' title="bbox 1148 1081 1971 1163; baseline 0.007 -22"><span class='ocrx_word' id='word_1_141' title='bbox 1148 1081 1225 1154; x_wconf 89' lang='lat' dir='ltr'>late,</span> <span class='ocrx_word' id='word_1_142' title='bbox 1242 1081 1412 1143; x_wconf 89' lang='lat' dir='ltr'>mensibus</span> <span class='ocrx_word' id='word_1_143' title='bbox 1427 1085 1624 1160; x_wconf 89' lang='lat' dir='ltr'>computatis</span> <span class='ocrx_word' id='word_1_144' title='bbox 1636 1101 1696 1162; x_wconf 91' lang='lat' dir='ltr'>per</span> <span class='ocrx_word' id='word_1_145' title='bbox 1712 1087 1874 1163; x_wconf 86' lang='lat' dir='ltr'>quatuor</span> <span class='ocrx_word' id='word_1_146' title='bbox 1890 1102 1971 1163; x_wconf 90' lang='lat' dir='ltr'>sep-</span> 
     </span>
     <span class='ocr_line' id='line_1_29' title="bbox 1148 1179 1968 1251; baseline 0.006 -12"><span class='ocrx_word' id='word_1_147' title='bbox 1148 1179 1303 1251; x_wconf 86' lang='lat' dir='ltr'>timanas,</span> <span class='ocrx_word' id='word_1_148' title='bbox 1320 1181 1462 1242; x_wconf 87' lang='lat' dir='ltr'>caveant</span> <span class='ocrx_word' id='word_1_149' title='bbox 1479 1183 1591 1242; x_wconf 89' lang='lat' dir='ltr'>tamen</span> <span class='ocrx_word' id='word_1_150' title='bbox 1610 1198 1652 1242; x_wconf 90' lang='lat' dir='ltr'>ne</span> <span class='ocrx_word' id='word_1_151' title='bbox 1667 1183 1759 1243; x_wconf 91' lang='lat' dir='ltr'>circa</span> <span class='ocrx_word' id='word_1_152' title='bbox 1779 1185 1968 1244; x_wconf 85' lang='lat' dir='ltr'>servitium</span> 
     </span>
     <span class='ocr_line' id='line_1_30' title="bbox 1147 1275 1967 1356; baseline 0.005 -20"><span class='ocrx_word' id='word_1_153' title='bbox 1147 1275 1299 1337; x_wconf 83' lang='lat' dir='ltr'>ecclesiae</span> <span class='ocrx_word' id='word_1_154' title='bbox 1314 1275 1414 1337; x_wconf 91' lang='lat' dir='ltr'>nimis</span> <span class='ocrx_word' id='word_1_155' title='bbox 1427 1277 1632 1354; x_wconf 79' lang='lat' dir='ltr'>negligentes</span> <span class='ocrx_word' id='word_1_156' title='bbox 1650 1280 1819 1344; x_wconf 85' lang='lat' dir='ltr'>existant.</span> <span class='ocrx_word' id='word_1_157' title='bbox 1835 1281 1877 1340; x_wconf 91' lang='lat' dir='ltr'>Si</span> <span class='ocrx_word' id='word_1_158' title='bbox 1891 1283 1967 1356; x_wconf 72' lang='lat' dir='ltr'>quis</span> 
     </span>
     <span class='ocr_line' id='line_1_31' title="bbox 1147 1372 1965 1454; baseline 0.004 -21"><span class='ocrx_word' id='word_1_159' title='bbox 1147 1373 1257 1434; x_wconf 87' lang='lat' dir='ltr'>autem</span> <span class='ocrx_word' id='word_1_160' title='bbox 1273 1372 1334 1444; x_wconf 91' lang='lat' dir='ltr'>eis,</span> <span class='ocrx_word' id='word_1_161' title='bbox 1355 1372 1475 1450; x_wconf 91' lang='lat' dir='ltr'>quibus</span> <span class='ocrx_word' id='word_1_162' title='bbox 1491 1375 1635 1451; x_wconf 86' lang='lat' dir='ltr'>provisio</span> <span class='ocrx_word' id='word_1_163' title='bbox 1651 1376 1754 1453; x_wconf 91' lang='lat' dir='ltr'>hujus</span> <span class='ocrx_word' id='word_1_164' title='bbox 1770 1377 1827 1438; x_wconf 88' lang='lat' dir='ltr'>rei</span> <span class='ocrx_word' id='word_1_165' title='bbox 1849 1377 1965 1454; x_wconf 87' lang='lat' dir='ltr'>depu-</span> 
     </span>
     <span class='ocr_line' id='line_1_32' title="bbox 1147 1468 1963 1550; baseline 0.007 -20"><span class='ocrx_word' id='word_1_166' title='bbox 1147 1468 1287 1540; x_wconf 79' lang='lat' dir='ltr'>tabItur,</span> <span class='ocrx_word' id='word_1_167' title='bbox 1312 1470 1353 1531; x_wconf 91' lang='lat' dir='ltr'>de</span> <span class='ocrx_word' id='word_1_168' title='bbox 1381 1471 1554 1533; x_wconf 88' lang='lat' dir='ltr'>mansione</span> <span class='ocrx_word' id='word_1_169' title='bbox 1581 1489 1647 1533; x_wconf 93' lang='lat' dir='ltr'>non</span> <span class='ocrx_word' id='word_1_170' title='bbox 1673 1472 1762 1535; x_wconf 92' lang='lat' dir='ltr'>bene</span> <span class='ocrx_word' id='word_1_171' title='bbox 1788 1475 1963 1550; x_wconf 79' lang='lat' dir='ltr'>completa</span> 
     </span>
     <span class='ocr_line' id='line_1_33' title="bbox 1148 1567 1964 1648; baseline 0.007 -21"><span class='ocrx_word' id='word_1_172' title='bbox 1148 1571 1322 1645; x_wconf 88' lang='lat' dir='ltr'>suspectus</span> <span class='ocrx_word' id='word_1_173' title='bbox 1340 1567 1499 1638; x_wconf 76' lang='lat' dir='ltr'>fueritin</span> <span class='ocrx_word' id='word_1_174' title='bbox 1516 1569 1663 1646; x_wconf 89' lang='lat' dir='ltr'>capitulo</span> <span class='ocrx_word' id='word_1_175' title='bbox 1677 1572 1888 1648; x_wconf 86' lang='lat' dir='ltr'>requisitus,</span> <span class='ocrx_word' id='word_1_176' title='bbox 1909 1579 1964 1634; x_wconf 83' lang='lat' dir='ltr'>aut</span> 
     </span>
     <span class='ocr_line' id='line_1_34' title="bbox 1143 1665 1962 1744; baseline 0.007 -20"><span class='ocrx_word' id='word_1_177' title='bbox 1143 1665 1369 1742; x_wconf 90' lang='lat' dir='ltr'>juramentum</span> <span class='ocrx_word' id='word_1_178' title='bbox 1396 1666 1436 1727; x_wconf 91' lang='lat' dir='ltr'>de</span> <span class='ocrx_word' id='word_1_179' title='bbox 1467 1666 1566 1743; x_wconf 91' lang='lat' dir='ltr'>plano</span> <span class='ocrx_word' id='word_1_180' title='bbox 1599 1667 1748 1744; x_wconf 86' lang='lat' dir='ltr'>perfecta</span> <span class='ocrx_word' id='word_1_181' title='bbox 1777 1671 1962 1730; x_wconf 80' lang='lat' dir='ltr'>mansione</span> 
     </span>
     <span class='ocr_line' id='line_1_35' title="bbox 1148 1762 1960 1850; baseline 0.005 -28"><span class='ocrx_word' id='word_1_182' title='bbox 1148 1762 1328 1839; x_wconf 87' lang='lat' dir='ltr'>praestabit,</span> <span class='ocrx_word' id='word_1_183' title='bbox 1351 1763 1409 1825; x_wconf 91' lang='lat' dir='ltr'>aut</span> <span class='ocrx_word' id='word_1_184' title='bbox 1432 1778 1575 1850; x_wconf 15' lang='lat' dir='ltr'>eouauno</span> <span class='ocrx_word' id='word_1_185' title='bbox 1591 1765 1783 1841; x_wconf 83' lang='lat' dir='ltr'>praebendae</span> <span class='ocrx_word' id='word_1_186' title='bbox 1806 1767 1960 1828; x_wconf 85' lang='lat' dir='ltr'>redditus</span> 
     </span>
    </p>
   </div>
   <div class='ocr_carea' id='block_1_6' title="bbox 293 1859 1960 1936">
    <p class='ocr_par' dir='ltr' id='par_1_6' title="bbox 293 1859 1960 1936">
     <span class='ocr_line' id='line_1_36' title="bbox 293 1859 1960 1936; baseline 0.004 -18"><span class='ocrx_word' id='word_1_187' title='bbox 293 1859 443 1935; x_wconf 88' lang='lat' dir='ltr'>partibus</span> <span class='ocrx_word' id='word_1_188' title='bbox 480 1860 681 1931; x_wconf 89' lang='lat' dir='ltr'>convocatis,</span> <span class='ocrx_word' id='word_1_189' title='bbox 709 1860 854 1920; x_wconf 87' lang='lat' dir='ltr'>audiatis</span> <span class='ocrx_word' id='word_1_190' title='bbox 890 1875 1038 1932; x_wconf 90' lang='lat' dir='ltr'>causam,</span> <span class='ocrx_word' id='word_1_191' title='bbox 1061 1861 1094 1922; x_wconf 89' lang='lat' dir='ltr'>et</span> <span class='ocrx_word' id='word_1_192' title='bbox 1148 1859 1235 1922; x_wconf 88' lang='lat' dir='ltr'>slent</span> <span class='ocrx_word' id='word_1_193' title='bbox 1249 1859 1474 1936; x_wconf 89' lang='lat' dir='ltr'>supradictum</span> <span class='ocrx_word' id='word_1_194' title='bbox 1486 1863 1548 1933; x_wconf 90' lang='lat' dir='ltr'>est,</span> <span class='ocrx_word' id='word_1_195' title='bbox 1563 1862 1701 1924; x_wconf 90' lang='lat' dir='ltr'>amittet.</span> <span class='ocrx_word' id='word_1_196' title='bbox 1717 1863 1784 1935; x_wconf 87' lang='lat' dir='ltr'>Qui</span> <span class='ocrx_word' id='word_1_197' title='bbox 1799 1865 1960 1924; x_wconf 89' lang='lat' dir='ltr'>missusa</span> 
     </span>
    </p>
   </div>
   <div class='ocr_carea' id='block_1_7' title="bbox 293 1955 1092 2406">
    <p class='ocr_par' dir='ltr' id='par_1_7' title="bbox 293 1955 1092 2406">
     <span class='ocr_line' id='line_1_37' title="bbox 294 1955 1090 2032; baseline 0.001 -17"><span class='ocrx_word' id='word_1_198' title='bbox 294 1955 541 2032; x_wconf 88' lang='lat' dir='ltr'>appellationne</span> <span class='ocrx_word' id='word_1_199' title='bbox 557 1957 684 2019; x_wconf 88' lang='lat' dir='ltr'>remota</span> <span class='ocrx_word' id='word_1_200' title='bbox 695 1956 760 2017; x_wconf 86' lang='lat' dir='ltr'>flne</span> <span class='ocrx_word' id='word_1_201' title='bbox 773 1956 881 2018; x_wconf 91' lang='lat' dir='ltr'>debito</span> <span class='ocrx_word' id='word_1_202' title='bbox 894 1957 1090 2018; x_wconf 87' lang='lat' dir='ltr'>terminetis.</span> 
     </span>
     <span class='ocr_line' id='line_1_38' title="bbox 295 2052 1092 2127; baseline 0.003 -15"><span class='ocrx_word' id='word_1_203' title='bbox 295 2052 480 2124; x_wconf 87' lang='lat' dir='ltr'>Facientes,</span> <span class='ocrx_word' id='word_1_204' title='bbox 497 2055 559 2114; x_wconf 88' lang='lat' dir='ltr'>etc.</span> <span class='ocrx_word' id='word_1_205' title='bbox 576 2055 690 2115; x_wconf 82' lang='lat' dir='ltr'>Testes</span> <span class='ocrx_word' id='word_1_206' title='bbox 716 2055 837 2124; x_wconf 92' lang='lat' dir='ltr'>autem,</span> <span class='ocrx_word' id='word_1_207' title='bbox 862 2054 923 2115; x_wconf 91' lang='lat' dir='ltr'>etc.</span> <span class='ocrx_word' id='word_1_208' title='bbox 948 2054 1038 2127; x_wconf 88' lang='lat' dir='ltr'>Quod</span> <span class='ocrx_word' id='word_1_209' title='bbox 1063 2055 1092 2114; x_wconf 91' lang='lat' dir='ltr'>si</span> 
     </span>
     <span class='ocr_line' id='line_1_39' title="bbox 293 2150 1091 2223; baseline 0.003 -13"><span class='ocrx_word' id='word_1_210' title='bbox 293 2165 360 2210; x_wconf 93' lang='lat' dir='ltr'>non</span> <span class='ocrx_word' id='word_1_211' title='bbox 375 2165 500 2222; x_wconf 90' lang='lat' dir='ltr'>omnes,</span> <span class='ocrx_word' id='word_1_212' title='bbox 518 2151 592 2222; x_wconf 79' lang='lat' dir='ltr'>eto,</span> <span class='ocrx_word' id='word_1_213' title='bbox 614 2150 680 2210; x_wconf 91' lang='lat' dir='ltr'>duo</span> <span class='ocrx_word' id='word_1_214' title='bbox 702 2151 860 2223; x_wconf 88' lang='lat' dir='ltr'>vestrum,</span> <span class='ocrx_word' id='word_1_215' title='bbox 885 2152 947 2213; x_wconf 86' lang='lat' dir='ltr'>eto.</span> <span class='ocrx_word' id='word_1_216' title='bbox 973 2153 1091 2213; x_wconf 84' lang='lat' dir='ltr'>ilatum</span> 
     </span>
     <span class='ocr_line' id='line_1_40' title="bbox 293 2248 1090 2324; baseline 0.004 -17"><span class='ocrx_word' id='word_1_217' title='bbox 293 2250 407 2308; x_wconf 88' lang='lat' dir='ltr'>Romae</span> <span class='ocrx_word' id='word_1_218' title='bbox 432 2248 519 2324; x_wconf 92' lang='lat' dir='ltr'>apud</span> <span class='ocrx_word' id='word_1_219' title='bbox 543 2250 576 2308; x_wconf 87' lang='lat' dir='ltr'>S.</span> <span class='ocrx_word' id='word_1_220' title='bbox 602 2249 748 2320; x_wconf 91' lang='lat' dir='ltr'>Petrum,</span> <span class='ocrx_word' id='word_1_221' title='bbox 766 2251 793 2310; x_wconf 88' lang='lat' dir='ltr'>V</span> <span class='ocrx_word' id='word_1_222' title='bbox 808 2249 969 2310; x_wconf 87' lang='lat' dir='ltr'>kalendas</span> <span class='ocrx_word' id='word_1_223' title='bbox 997 2248 1090 2322; x_wconf 88' lang='lat' dir='ltr'>maii,</span> 
     </span>
     <span class='ocr_line' id='line_1_41' title="bbox 294 2343 553 2406; baseline 0 -2"><span class='ocrx_word' id='word_1_224' title='bbox 294 2357 383 2405; x_wconf 89' lang='lat' dir='ltr'>anno</span> <span class='ocrx_word' id='word_1_225' title='bbox 397 2343 553 2406; x_wconf 90' lang='lat' dir='ltr'>secundo.</span> 
     </span>
    </p>
   </div>
   <div class='ocr_carea' id='block_1_8' title="bbox 614 2497 772 2584">
    <p class='ocr_par' dir='ltr' id='par_1_8' title="bbox 614 2497 772 2584">
     <span class='ocr_line' id='line_1_42' title="bbox 614 2497 772 2584; baseline 0 0"><span class='ocrx_word' id='word_1_226' title='bbox 614 2497 772 2584; x_wconf 83' lang='lat' dir='ltr'>CCVIII</span> 
     </span>
    </p>
   </div>
   <div class='ocr_carea' id='block_1_9' title="bbox 333 2646 1049 2850">
    <p class='ocr_par' dir='ltr' id='par_1_9' title="bbox 333 2646 1049 2850">
     <span class='ocr_line' id='line_1_43' title="bbox 333 2646 1049 2722; baseline -0.001 -14"><span class='ocrx_word' id='word_1_227' title='bbox 333 2649 385 2708; x_wconf 83' lang='lat' dir='ltr'>Ad</span> <span class='ocrx_word' id='word_1_228' title='bbox 399 2650 566 2708; x_wconf 71' lang='lat' dir='ltr'>decoctam</span> <span class='ocrx_word' id='word_1_229' title='bbox 579 2646 613 2708; x_wconf 84' lang='lat' dir='ltr'>et</span> <span class='ocrx_word' id='word_1_230' title='bbox 626 2649 814 2722; x_wconf 81' lang='lat' dir='ltr'>capitutum</span> <span class='ocrx_word' id='word_1_231' title='bbox 828 2651 1049 2711; x_wconf 76' lang='lat' dir='ltr'>Acrreltcccn.</span> 
     </span>
     <span class='ocr_line' id='line_1_44' title="bbox 580 2778 802 2850; baseline 0.009 -16"><span class='ocrx_word' id='word_1_232' title='bbox 580 2778 614 2835; x_wconf 79' lang='lat'>27</span> <span class='ocrx_word' id='word_1_233' title='bbox 625 2779 706 2850; x_wconf 89' lang='lat' dir='ltr'>april.</span> <span class='ocrx_word' id='word_1_234' title='bbox 724 2779 802 2836; x_wconf 77' lang='lat' dir='ltr'>lais.</span> 
     </span>
    </p>
   </div>
   <div class='ocr_carea' id='block_1_10' title="bbox 326 2909 1058 2974">
    <p class='ocr_par' dir='ltr' id='par_1_10' title="bbox 326 2909 1058 2974">
     <span class='ocr_line' id='line_1_45' title="bbox 326 2909 1058 2974; baseline -0.001 -13"><span class='ocrx_word' id='word_1_235' title='bbox 326 2909 444 2973; x_wconf 70' lang='lat' dir='ltr'>[aegest.</span> <span class='ocrx_word' id='word_1_236' title='bbox 455 2909 499 2960; x_wconf 89' lang='lat' dir='ltr'>lib.</span> <span class='ocrx_word' id='word_1_237' title='bbox 508 2910 539 2968; x_wconf 93' lang='lat' dir='ltr'>ll,</span> <span class='ocrx_word' id='word_1_238' title='bbox 551 2909 625 2974; x_wconf 84' lang='lat' dir='ltr'>epist.</span> <span class='ocrx_word' id='word_1_239' title='bbox 639 2909 708 2959; x_wconf 78' lang='lat' dir='ltr'>rosi.</span> <span class='ocrx_word' id='word_1_240' title='bbox 720 2910 777 2959; x_wconf 87' lang='lat' dir='ltr'>blss.</span> <span class='ocrx_word' id='word_1_241' title='bbox 789 2911 824 2960; x_wconf 86' lang='lat' dir='ltr'>La</span> <span class='ocrx_word' id='word_1_242' title='bbox 837 2911 911 2962; x_wconf 88' lang='lat' dir='ltr'>Porto</span> <span class='ocrx_word' id='word_1_243' title='bbox 921 2911 956 2962; x_wconf 92' lang='lat' dir='ltr'>du</span> <span class='ocrx_word' id='word_1_244' title='bbox 965 2910 1058 2973; x_wconf 78' lang='lat' dir='ltr'>Thali]</span> 
     </span>
    </p>
   </div>
   <div class='ocr_carea' id='block_1_11' title="bbox 293 3023 1089 3260">
    <p class='ocr_par' dir='ltr' id='par_1_11' title="bbox 293 3023 1089 3260">
     <span class='ocr_line' id='line_1_46' title="bbox 293 3023 1086 3096; baseline 0.003 -14"><span class='ocrx_word' id='word_1_245' title='bbox 293 3025 509 3082; x_wconf 82' lang='lat' dir='ltr'>ordinationem</span> <span class='ocrx_word' id='word_1_246' title='bbox 519 3038 604 3096; x_wconf 90' lang='lat' dir='ltr'>super</span> <span class='ocrx_word' id='word_1_247' title='bbox 618 3023 771 3083; x_wconf 83' lang='lat' dir='ltr'>residentia</span> <span class='ocrx_word' id='word_1_248' title='bbox 781 3033 810 3082; x_wconf 81' lang='lat' dir='ltr'>ei</span> <span class='ocrx_word' id='word_1_249' title='bbox 821 3023 990 3084; x_wconf 83' lang='lat' dir='ltr'>loraoeitate</span> <span class='ocrx_word' id='word_1_250' title='bbox 999 3041 1086 3084; x_wconf 85' lang='lat' dir='ltr'>cano-</span> 
     </span>
     <span class='ocr_line' id='line_1_47' title="bbox 327 3112 1089 3186; baseline 0.007 -18"><span class='ocrx_word' id='word_1_251' title='bbox 327 3112 457 3170; x_wconf 89' lang='lat' dir='ltr'>nicorum</span> <span class='ocrx_word' id='word_1_252' title='bbox 480 3112 609 3170; x_wconf 81' lang='lat' dir='ltr'>ecclesie</span> <span class='ocrx_word' id='word_1_253' title='bbox 633 3112 828 3183; x_wconf 67' lang='lat' dir='ltr'>aurelianen,</span> <span class='ocrx_word' id='word_1_254' title='bbox 849 3113 885 3171; x_wconf 91' lang='lat' dir='ltr'>ab</span> <span class='ocrx_word' id='word_1_255' title='bbox 906 3115 949 3172; x_wconf 90' lang='lat' dir='ltr'>eis</span> <span class='ocrx_word' id='word_1_256' title='bbox 975 3112 1089 3186; x_wconf 84' lang='lat' dir='ltr'>laetam,</span> 
     </span>
     <span class='ocr_line' id='line_1_48' title="bbox 328 3201 489 3260; baseline 0.012 -2"><span class='ocrx_word' id='word_1_257' title='bbox 328 3201 489 3260; x_wconf 82' lang='lat' dir='ltr'>coufirmat.</span> 
     </span>
    </p>
   </div>
   <div class='ocr_carea' id='block_1_12' title="bbox 290 3329 1090 5348">
    <p class='ocr_par' dir='ltr' id='par_1_12' title="bbox 292 3329 1090 3500">
     <span class='ocr_line' id='line_1_49' title="bbox 332 3329 1090 3401; baseline 0.007 -13"><span class='ocrx_word' id='word_1_258' title='bbox 332 3329 510 3400; x_wconf 88' lang='lat' dir='ltr'>Honorius,</span> <span class='ocrx_word' id='word_1_259' title='bbox 532 3329 607 3401; x_wconf 83' lang='lat' dir='ltr'>etc,</span> <span class='ocrx_word' id='word_1_260' title='bbox 632 3329 762 3392; x_wconf 91' lang='lat' dir='ltr'>dilectis</span> <span class='ocrx_word' id='word_1_261' title='bbox 784 3330 899 3392; x_wconf 88' lang='lat' dir='ltr'>tiliis...</span> <span class='ocrx_word' id='word_1_262' title='bbox 917 3331 1042 3393; x_wconf 89' lang='lat' dir='ltr'>decano</span> <span class='ocrx_word' id='word_1_263' title='bbox 1057 3333 1090 3393; x_wconf 89' lang='lat' dir='ltr'>et</span> 
     </span>
     <span class='ocr_line' id='line_1_50' title="bbox 292 3424 923 3500; baseline 0.005 -15"><span class='ocrx_word' id='word_1_264' title='bbox 292 3424 437 3500; x_wconf 90' lang='lat' dir='ltr'>capitulo</span> <span class='ocrx_word' id='word_1_265' title='bbox 450 3425 676 3498; x_wconf 73' lang='lat' dir='ltr'>aurelianen,</span> <span class='ocrx_word' id='word_1_266' title='bbox 694 3426 846 3495; x_wconf 88' lang='lat' dir='ltr'>salutem,</span> <span class='ocrx_word' id='word_1_267' title='bbox 861 3429 923 3488; x_wconf 89' lang='lat' dir='ltr'>etc.</span> 
     </span>
    </p>

    <p class='ocr_par' dir='ltr' id='par_1_13' title="bbox 290 3519 1090 4763">
     <span class='ocr_line' id='line_1_51' title="bbox 333 3519 1090 3596; baseline 0.007 -19"><span class='ocrx_word' id='word_1_268' title='bbox 333 3519 551 3580; x_wconf 82' lang='lat' dir='ltr'>sacrosancta</span> <span class='ocrx_word' id='word_1_269' title='bbox 565 3521 713 3580; x_wconf 90' lang='lat' dir='ltr'>Romana</span> <span class='ocrx_word' id='word_1_270' title='bbox 729 3520 877 3580; x_wconf 83' lang='lat' dir='ltr'>Ecclesia</span> <span class='ocrx_word' id='word_1_271' title='bbox 892 3535 999 3596; x_wconf 79' lang='lat' dir='ltr'>usque</span> <span class='ocrx_word' id='word_1_272' title='bbox 1014 3536 1090 3582; x_wconf 90' lang='lat' dir='ltr'>oon·</span> 
     </span>
     <span class='ocr_line' id='line_1_52' title="bbox 292 3612 1086 3691; baseline 0.005 -17"><span class='ocrx_word' id='word_1_273' title='bbox 292 3612 415 3675; x_wconf 85' lang='lat' dir='ltr'>lovere.</span> <span class='ocrx_word' id='word_1_274' title='bbox 440 3617 485 3676; x_wconf 82' lang='lat' dir='ltr'>Ea</span> <span class='ocrx_word' id='word_1_275' title='bbox 502 3617 645 3691; x_wconf 87' lang='lat' dir='ltr'>propter,</span> <span class='ocrx_word' id='word_1_276' title='bbox 667 3616 778 3678; x_wconf 90' lang='lat' dir='ltr'>dilecti</span> <span class='ocrx_word' id='word_1_277' title='bbox 798 3617 833 3678; x_wconf 91' lang='lat' dir='ltr'>in</span> <span class='ocrx_word' id='word_1_278' title='bbox 853 3618 992 3679; x_wconf 88' lang='lat' dir='ltr'>Domino</span> <span class='ocrx_word' id='word_1_279' title='bbox 1014 3617 1086 3690; x_wconf 85' lang='lat' dir='ltr'>tilii,</span> 
     </span>
     <span class='ocr_line' id='line_1_53' title="bbox 291 3712 1088 3791; baseline 0.006 -19"><span class='ocrx_word' id='word_1_280' title='bbox 291 3713 412 3772; x_wconf 87' lang='lat' dir='ltr'>vestris</span> <span class='ocrx_word' id='word_1_281' title='bbox 419 3712 519 3787; x_wconf 88' lang='lat' dir='ltr'>justis</span> <span class='ocrx_word' id='word_1_282' title='bbox 530 3713 755 3788; x_wconf 86' lang='lat' dir='ltr'>petitionibus,</span> <span class='ocrx_word' id='word_1_283' title='bbox 766 3717 924 3791; x_wconf 87' lang='lat' dir='ltr'>quantum</span> <span class='ocrx_word' id='word_1_284' title='bbox 935 3731 1010 3777; x_wconf 91' lang='lat' dir='ltr'>cum</span> <span class='ocrx_word' id='word_1_285' title='bbox 1021 3716 1088 3777; x_wconf 90' lang='lat' dir='ltr'>Deo</span> 
     </span>
     <span class='ocr_line' id='line_1_54' title="bbox 292 3809 1089 3886; baseline 0.006 -19"><span class='ocrx_word' id='word_1_286' title='bbox 292 3824 478 3884; x_wconf 89' lang='lat' dir='ltr'>possumus,</span> <span class='ocrx_word' id='word_1_287' title='bbox 493 3809 587 3884; x_wconf 86' lang='lat' dir='ltr'>grato</span> <span class='ocrx_word' id='word_1_288' title='bbox 598 3811 834 3886; x_wconf 89' lang='lat' dir='ltr'>concurrentes</span> <span class='ocrx_word' id='word_1_289' title='bbox 848 3827 986 3874; x_wconf 90' lang='lat' dir='ltr'>assensu</span> <span class='ocrx_word' id='word_1_290' title='bbox 998 3812 1089 3874; x_wconf 87' lang='lat' dir='ltr'>crdi-</span> 
     </span>
     <span class='ocr_line' id='line_1_55' title="bbox 292 3905 1088 3983; baseline 0.008 -17"><span class='ocrx_word' id='word_1_291' title='bbox 292 3905 461 3968; x_wconf 86' lang='lat' dir='ltr'>nationem</span> <span class='ocrx_word' id='word_1_292' title='bbox 486 3921 585 3983; x_wconf 91' lang='lat' dir='ltr'>super</span> <span class='ocrx_word' id='word_1_293' title='bbox 608 3907 800 3980; x_wconf 88' lang='lat' dir='ltr'>residentia,</span> <span class='ocrx_word' id='word_1_294' title='bbox 831 3909 864 3970; x_wconf 87' lang='lat' dir='ltr'>et</span> <span class='ocrx_word' id='word_1_295' title='bbox 891 3909 1088 3972; x_wconf 80' lang='lat' dir='ltr'>foraneitate</span> 
     </span>
     <span class='ocr_line' id='line_1_56' title="bbox 291 4003 1088 4082; baseline 0.004 -17"><span class='ocrx_word' id='word_1_296' title='bbox 291 4003 527 4065; x_wconf 89' lang='lat' dir='ltr'>canonicorum</span> <span class='ocrx_word' id='word_1_297' title='bbox 535 4004 685 4066; x_wconf 90' lang='lat' dir='ltr'>ecclesiae</span> <span class='ocrx_word' id='word_1_298' title='bbox 694 4005 943 4067; x_wconf 89' lang='lat' dir='ltr'>vestraeavobis</span> <span class='ocrx_word' id='word_1_299' title='bbox 952 4007 1088 4082; x_wconf 89' lang='lat' dir='ltr'>provide</span> 
     </span>
     <span class='ocr_line' id='line_1_57' title="bbox 292 4100 1088 4180; baseline 0.005 -18"><span class='ocrx_word' id='word_1_300' title='bbox 292 4100 413 4162; x_wconf 84' lang='lat' dir='ltr'>laetam</span> <span class='ocrx_word' id='word_1_301' title='bbox 428 4103 462 4163; x_wconf 90' lang='lat' dir='ltr'>et</span> <span class='ocrx_word' id='word_1_302' title='bbox 471 4103 661 4180; x_wconf 86' lang='lat' dir='ltr'>juramento</span> <span class='ocrx_word' id='word_1_303' title='bbox 681 4101 856 4175; x_wconf 85' lang='lat' dir='ltr'>firmatam,</span> <span class='ocrx_word' id='word_1_304' title='bbox 880 4104 966 4165; x_wconf 90' lang='lat' dir='ltr'>sicut</span> <span class='ocrx_word' id='word_1_305' title='bbox 978 4105 1012 4164; x_wconf 94' lang='lat' dir='ltr'>in</span> <span class='ocrx_word' id='word_1_306' title='bbox 1028 4103 1088 4166; x_wconf 92' lang='lat' dir='ltr'>lit·</span> 
     </span>
     <span class='ocr_line' id='line_1_58' title="bbox 291 4199 1088 4276; baseline 0.003 -16"><span class='ocrx_word' id='word_1_307' title='bbox 291 4199 373 4260; x_wconf 89' lang='lat' dir='ltr'>teris</span> <span class='ocrx_word' id='word_1_308' title='bbox 387 4199 508 4261; x_wconf 88' lang='lat' dir='ltr'>vestris</span> <span class='ocrx_word' id='word_1_309' title='bbox 530 4199 759 4276; x_wconf 82' lang='lat' dir='ltr'>perspexImus</span> <span class='ocrx_word' id='word_1_310' title='bbox 779 4200 954 4270; x_wconf 87' lang='lat' dir='ltr'>contineri,</span> <span class='ocrx_word' id='word_1_311' title='bbox 970 4203 1088 4262; x_wconf 87' lang='lat' dir='ltr'>aucto-</span> 
     </span>
     <span class='ocr_line' id='line_1_59' title="bbox 290 4296 1088 4375; baseline 0.004 -18"><span class='ocrx_word' id='word_1_312' title='bbox 290 4297 390 4359; x_wconf 88' lang='lat' dir='ltr'>ritate</span> <span class='ocrx_word' id='word_1_313' title='bbox 402 4296 591 4373; x_wconf 86' lang='lat' dir='ltr'>ApostolIca</span> <span class='ocrx_word' id='word_1_314' title='bbox 607 4299 853 4370; x_wconf 74' lang='lat' dir='ltr'>confirmamus,</span> <span class='ocrx_word' id='word_1_315' title='bbox 869 4299 901 4361; x_wconf 90' lang='lat' dir='ltr'>et</span> <span class='ocrx_word' id='word_1_316' title='bbox 913 4300 1088 4375; x_wconf 88' lang='lat' dir='ltr'>praesentis</span> 
     </span>
     <span class='ocr_line' id='line_1_60' title="bbox 293 4393 1087 4471; baseline 0.003 -17"><span class='ocrx_word' id='word_1_317' title='bbox 293 4393 409 4470; x_wconf 91' lang='lat' dir='ltr'>scripti</span> <span class='ocrx_word' id='word_1_318' title='bbox 437 4395 624 4471; x_wconf 89' lang='lat' dir='ltr'>patrocinio</span> <span class='ocrx_word' id='word_1_319' title='bbox 648 4397 901 4456; x_wconf 89' lang='lat' dir='ltr'>communimus.</span> <span class='ocrx_word' id='word_1_320' title='bbox 926 4399 1087 4458; x_wconf 89' lang='lat' dir='ltr'>Tenorem</span> 
     </span>
     <span class='ocr_line' id='line_1_61' title="bbox 293 4491 1087 4568; baseline 0.005 -18"><span class='ocrx_word' id='word_1_321' title='bbox 293 4494 388 4568; x_wconf 91' lang='lat' dir='ltr'>cujus</span> <span class='ocrx_word' id='word_1_322' title='bbox 404 4491 444 4551; x_wconf 91' lang='lat' dir='ltr'>ad</span> <span class='ocrx_word' id='word_1_323' title='bbox 469 4493 630 4568; x_wconf 88' lang='lat' dir='ltr'>majorem</span> <span class='ocrx_word' id='word_1_324' title='bbox 651 4491 838 4553; x_wconf 84' lang='lat' dir='ltr'>firmitatem</span> <span class='ocrx_word' id='word_1_325' title='bbox 861 4493 901 4554; x_wconf 93' lang='lat' dir='ltr'>de</span> <span class='ocrx_word' id='word_1_326' title='bbox 924 4493 1025 4554; x_wconf 92' lang='lat' dir='ltr'>verbo</span> <span class='ocrx_word' id='word_1_327' title='bbox 1047 4493 1087 4554; x_wconf 89' lang='lat' dir='ltr'>ad</span> 
     </span>
     <span class='ocr_line' id='line_1_62' title="bbox 291 4587 1086 4664; baseline 0 -14"><span class='ocrx_word' id='word_1_328' title='bbox 291 4587 428 4650; x_wconf 87' lang='lat' dir='ltr'>verbum</span> <span class='ocrx_word' id='word_1_329' title='bbox 448 4587 667 4664; x_wconf 80' lang='lat' dir='ltr'>presentiens</span> <span class='ocrx_word' id='word_1_330' title='bbox 683 4587 839 4649; x_wconf 81' lang='lat' dir='ltr'>duxImus</span> <span class='ocrx_word' id='word_1_331' title='bbox 861 4588 1086 4663; x_wconf 89' lang='lat' dir='ltr'>inserendum,</span> 
     </span>
     <span class='ocr_line' id='line_1_63' title="bbox 292 4671 625 4763; baseline -0.006 -17"><span class='ocrx_word' id='word_1_332' title='bbox 292 4685 349 4763; x_wconf 92' lang='lat' dir='ltr'>qui</span> <span class='ocrx_word' id='word_1_333' title='bbox 364 4687 414 4747; x_wconf 89' lang='lat' dir='ltr'>est</span> <span class='ocrx_word' id='word_1_334' title='bbox 427 4685 529 4747; x_wconf 90' lang='lat' dir='ltr'>talis:</span> <span class='ocrx_word' id='word_1_335' title='bbox 622 4671 625 4680; x_wconf 45' lang='lat'><em>¹</em></span> 
     </span>
    </p>

    <p class='ocr_par' dir='ltr' id='par_1_14' title="bbox 290 4781 1087 5348">
     <span class='ocr_line' id='line_1_64' title="bbox 331 4781 1087 4856; baseline 0.004 -12"><span class='ocrx_word' id='word_1_336' title='bbox 331 4800 350 4844; x_wconf 72' lang='lat' dir='ltr'>a</span> <span class='ocrx_word' id='word_1_337' title='bbox 372 4784 454 4856; x_wconf 87' lang='lat' dir='ltr'>Quia</span> <span class='ocrx_word' id='word_1_338' title='bbox 470 4783 611 4846; x_wconf 90' lang='lat' dir='ltr'>ecclesia</span> <span class='ocrx_word' id='word_1_339' title='bbox 627 4783 840 4845; x_wconf 72' lang='lat' dir='ltr'>aurelianen.</span> <span class='ocrx_word' id='word_1_340' title='bbox 858 4781 967 4845; x_wconf 87' lang='lat' dir='ltr'>debito</span> <span class='ocrx_word' id='word_1_341' title='bbox 983 4784 1087 4847; x_wconf 87' lang='lat' dir='ltr'>divini</span> 
     </span>
     <span class='ocr_line' id='line_1_65' title="bbox 290 4879 1087 4959; baseline -0.001 -15"><span class='ocrx_word' id='word_1_342' title='bbox 290 4881 393 4944; x_wconf 84' lang='lat' dir='ltr'>olilcii</span> <span class='ocrx_word' id='word_1_343' title='bbox 411 4880 559 4953; x_wconf 88' lang='lat' dir='ltr'>servitio,</span> <span class='ocrx_word' id='word_1_344' title='bbox 576 4896 635 4959; x_wconf 92' lang='lat' dir='ltr'>per</span> <span class='ocrx_word' id='word_1_345' title='bbox 649 4879 854 4958; x_wconf 79' lang='lat' dir='ltr'>frequentem</span> <span class='ocrx_word' id='word_1_346' title='bbox 871 4881 1087 4958; x_wconf 89' lang='lat' dir='ltr'>quorumdam</span> 
     </span>
     <span class='ocr_line' id='line_1_66' title="bbox 291 4977 1085 5055; baseline -0.001 -15"><span class='ocrx_word' id='word_1_347' title='bbox 291 4979 527 5041; x_wconf 90' lang='lat' dir='ltr'>canonicorum</span> <span class='ocrx_word' id='word_1_348' title='bbox 546 4977 743 5047; x_wconf 87' lang='lat' dir='ltr'>absentiam,</span> <span class='ocrx_word' id='word_1_349' title='bbox 759 4994 817 5040; x_wconf 91' lang='lat' dir='ltr'>seu</span> <span class='ocrx_word' id='word_1_350' title='bbox 836 4978 1085 5055; x_wconf 86' lang='lat' dir='ltr'>negligentiam,</span> 
     </span>
     <span class='ocr_line' id='line_1_67' title="bbox 291 5075 1087 5153; baseline -0.003 -15"><span class='ocrx_word' id='word_1_351' title='bbox 291 5079 407 5140; x_wconf 84' lang='lat' dir='ltr'>contra</span> <span class='ocrx_word' id='word_1_352' title='bbox 436 5077 620 5138; x_wconf 88' lang='lat' dir='ltr'>honestatis</span> <span class='ocrx_word' id='word_1_353' title='bbox 651 5077 684 5138; x_wconf 88' lang='lat' dir='ltr'>et</span> <span class='ocrx_word' id='word_1_354' title='bbox 712 5075 852 5137; x_wconf 89' lang='lat' dir='ltr'>rationis</span> <span class='ocrx_word' id='word_1_355' title='bbox 884 5076 1087 5153; x_wconf 81' lang='lat' dir='ltr'>exigentiam</span> 
     </span>
     <span class='ocr_line' id='line_1_68' title="bbox 291 5171 1085 5251; baseline 0 -15"><span class='ocrx_word' id='word_1_356' title='bbox 291 5189 406 5236; x_wconf 90' lang='lat' dir='ltr'>carere</span> <span class='ocrx_word' id='word_1_357' title='bbox 420 5174 605 5251; x_wconf 88' lang='lat' dir='ltr'>saepissime</span> <span class='ocrx_word' id='word_1_358' title='bbox 620 5171 810 5249; x_wconf 88' lang='lat' dir='ltr'>cogebatur,</span> <span class='ocrx_word' id='word_1_359' title='bbox 825 5173 899 5234; x_wconf 92' lang='lat' dir='ltr'>ideo</span> <span class='ocrx_word' id='word_1_360' title='bbox 915 5189 934 5234; x_wconf 91' lang='lat' dir='ltr'>a</span> <span class='ocrx_word' id='word_1_361' title='bbox 948 5173 1085 5247; x_wconf 90' lang='lat' dir='ltr'>decano,</span> 
     </span>
     <span class='ocr_line' id='line_1_69' title="bbox 290 5269 1087 5348; baseline 0.001 -16"><span class='ocrx_word' id='word_1_362' title='bbox 290 5274 323 5332; x_wconf 85' lang='lat' dir='ltr'>ei</span> <span class='ocrx_word' id='word_1_363' title='bbox 337 5271 502 5333; x_wconf 90' lang='lat' dir='ltr'>universis</span> <span class='ocrx_word' id='word_1_364' title='bbox 518 5269 698 5343; x_wconf 89' lang='lat' dir='ltr'>canonicis,</span> <span class='ocrx_word' id='word_1_365' title='bbox 714 5271 869 5348; x_wconf 91' lang='lat' dir='ltr'>episcopo</span> <span class='ocrx_word' id='word_1_366' title='bbox 885 5271 1087 5333; x_wconf 86' lang='lat' dir='ltr'>assentiente</span> 
     </span>
    </p>
   </div>
   <div class='ocr_carea' id='block_1_13' title="bbox 290 5355 1099 5444">
    <p class='ocr_par' dir='ltr' id='par_1_15' title="bbox 290 5355 1099 5444">
     <span class='ocr_line' id='line_1_70' title="bbox 290 5355 1099 5444; baseline 0.002 -18"><span class='ocrx_word' id='word_1_367' title='bbox 290 5368 323 5427; x_wconf 92' lang='lat' dir='ltr'>et</span> <span class='ocrx_word' id='word_1_368' title='bbox 347 5368 560 5444; x_wconf 87' lang='lat' dir='ltr'>approbante,</span> <span class='ocrx_word' id='word_1_369' title='bbox 587 5368 745 5429; x_wconf 87' lang='lat' dir='ltr'>statutum</span> <span class='ocrx_word' id='word_1_370' title='bbox 763 5368 814 5427; x_wconf 90' lang='lat' dir='ltr'>est</span> <span class='ocrx_word' id='word_1_371' title='bbox 832 5369 866 5428; x_wconf 90' lang='lat' dir='ltr'>et</span> <span class='ocrx_word' id='word_1_372' title='bbox 879 5355 1099 5444; x_wconf 83' lang='lat' dir='ltr'>singulorum</span> 
     </span>
    </p>
   </div>
   <div class='ocr_carea' id='block_1_14' title="bbox 286 5463 1085 5542">
    <p class='ocr_par' dir='ltr' id='par_1_16' title="bbox 286 5463 1085 5542">
     <span class='ocr_line' id='line_1_71' title="bbox 286 5463 1085 5542; baseline 0.005 -20"><span class='ocrx_word' id='word_1_373' title='bbox 286 5467 475 5542; x_wconf 86' lang='lat' dir='ltr'>juramento</span> <span class='ocrx_word' id='word_1_374' title='bbox 505 5466 682 5536; x_wconf 84' lang='lat' dir='ltr'>firmatum,</span> <span class='ocrx_word' id='word_1_375' title='bbox 714 5464 799 5541; x_wconf 92' lang='lat' dir='ltr'>quod</span> <span class='ocrx_word' id='word_1_376' title='bbox 830 5463 941 5524; x_wconf 91' lang='lat' dir='ltr'>nullus</span> <span class='ocrx_word' id='word_1_377' title='bbox 970 5479 1085 5526; x_wconf 89' lang='lat' dir='ltr'>eorum</span> 
     </span>
    </p>
   </div>
   <div class='ocr_carea' id='block_1_15' title="bbox 1145 1956 2020 3202">
    <p class='ocr_par' dir='ltr' id='par_1_17' title="bbox 1145 1956 2020 3202">
     <span class='ocr_line' id='line_1_72' title="bbox 1147 1956 1959 2038; baseline 0.004 -21"><span class='ocrx_word' id='word_1_378' title='bbox 1147 1956 1292 2032; x_wconf 90' lang='lat' dir='ltr'>capitulo</span> <span class='ocrx_word' id='word_1_379' title='bbox 1303 1957 1344 2018; x_wconf 90' lang='lat' dir='ltr'>ad</span> <span class='ocrx_word' id='word_1_380' title='bbox 1357 1958 1649 2035; x_wconf 76' lang='lat' dir='ltr'>ecclesianegotm</span> <span class='ocrx_word' id='word_1_381' title='bbox 1664 1959 1780 2032; x_wconf 84' lang='lat' dir='ltr'>luerit,</span> <span class='ocrx_word' id='word_1_382' title='bbox 1794 1962 1959 2038; x_wconf 88' lang='lat' dir='ltr'>quamdiu</span> 
     </span>
     <span class='ocr_line' id='line_1_73' title="bbox 1147 2054 1958 2132; baseline 0.005 -18"><span class='ocrx_word' id='word_1_383' title='bbox 1147 2054 1182 2114; x_wconf 89' lang='lat' dir='ltr'>in</span> <span class='ocrx_word' id='word_1_384' title='bbox 1202 2054 1338 2116; x_wconf 85' lang='lat' dir='ltr'>servitio</span> <span class='ocrx_word' id='word_1_385' title='bbox 1358 2055 1505 2132; x_wconf 90' lang='lat' dir='ltr'>ejusdem</span> <span class='ocrx_word' id='word_1_386' title='bbox 1527 2056 1678 2118; x_wconf 89' lang='lat' dir='ltr'>ecclesiae</span> <span class='ocrx_word' id='word_1_387' title='bbox 1693 2057 1907 2128; x_wconf 86' lang='lat' dir='ltr'>morabitur,</span> <span class='ocrx_word' id='word_1_388' title='bbox 1931 2061 1958 2118; x_wconf 87' lang='lat' dir='ltr'>ei</span> 
     </span>
     <span class='ocr_line' id='line_1_74' title="bbox 1148 2151 1959 2233; baseline 0.004 -21"><span class='ocrx_word' id='word_1_389' title='bbox 1148 2151 1436 2228; x_wconf 89' lang='lat' dir='ltr'>permansionem</span> <span class='ocrx_word' id='word_1_390' title='bbox 1471 2153 1688 2229; x_wconf 88' lang='lat' dir='ltr'>reputabitur.</span> <span class='ocrx_word' id='word_1_391' title='bbox 1724 2156 1959 2233; x_wconf 82' lang='lat' dir='ltr'>Excipiuntur</span> 
     </span>
     <span class='ocr_line' id='line_1_75' title="bbox 1147 2249 1957 2330; baseline 0.005 -20"><span class='ocrx_word' id='word_1_392' title='bbox 1147 2249 1247 2310; x_wconf 91' lang='lat' dir='ltr'>etiam</span> <span class='ocrx_word' id='word_1_393' title='bbox 1256 2249 1291 2309; x_wconf 91' lang='lat' dir='ltr'>in</span> <span class='ocrx_word' id='word_1_394' title='bbox 1302 2249 1364 2311; x_wconf 90' lang='lat' dir='ltr'>boc</span> <span class='ocrx_word' id='word_1_395' title='bbox 1372 2253 1561 2327; x_wconf 87' lang='lat' dir='ltr'>juramento</span> <span class='ocrx_word' id='word_1_396' title='bbox 1571 2251 1757 2314; x_wconf 80' lang='lat' dir='ltr'>manifestae</span> <span class='ocrx_word' id='word_1_397' title='bbox 1768 2269 1957 2330; x_wconf 88' lang='lat' dir='ltr'>corporum</span> 
     </span>
     <span class='ocr_line' id='line_1_76' title="bbox 1147 2346 1957 2426; baseline 0.006 -20"><span class='ocrx_word' id='word_1_398' title='bbox 1147 2346 1373 2422; x_wconf 88' lang='lat' dir='ltr'>aegritudines,</span> <span class='ocrx_word' id='word_1_399' title='bbox 1401 2348 1570 2424; x_wconf 91' lang='lat' dir='ltr'>captiones</span> <span class='ocrx_word' id='word_1_400' title='bbox 1594 2349 1752 2426; x_wconf 87' lang='lat' dir='ltr'>potentiae</span> <span class='ocrx_word' id='word_1_401' title='bbox 1775 2352 1957 2411; x_wconf 78' lang='lat' dir='ltr'>saecularis</span> 
     </span>
     <span class='ocr_line' id='line_1_77' title="bbox 1146 2443 1955 2523; baseline 0.004 -18"><span class='ocrx_word' id='word_1_402' title='bbox 1146 2443 1315 2516; x_wconf 80' lang='lat' dir='ltr'>violentIa,</span> <span class='ocrx_word' id='word_1_403' title='bbox 1336 2447 1459 2507; x_wconf 92' lang='lat' dir='ltr'>etcum</span> <span class='ocrx_word' id='word_1_404' title='bbox 1478 2444 1610 2507; x_wconf 89' lang='lat' dir='ltr'>licentia</span> <span class='ocrx_word' id='word_1_405' title='bbox 1631 2447 1772 2523; x_wconf 88' lang='lat' dir='ltr'>capituli</span> <span class='ocrx_word' id='word_1_406' title='bbox 1797 2465 1902 2510; x_wconf 87' lang='lat' dir='ltr'>mora</span> <span class='ocrx_word' id='word_1_407' title='bbox 1925 2450 1955 2508; x_wconf 90' lang='lat' dir='ltr'>in</span> 
     </span>
     <span class='ocr_line' id='line_1_78' title="bbox 1147 2541 1955 2618; baseline 0.006 -16"><span class='ocrx_word' id='word_1_408' title='bbox 1147 2541 1280 2614; x_wconf 88' lang='lat' dir='ltr'>scholis,</span> <span class='ocrx_word' id='word_1_409' title='bbox 1304 2557 1480 2618; x_wconf 88' lang='lat' dir='ltr'>processus</span> <span class='ocrx_word' id='word_1_410' title='bbox 1500 2543 1540 2604; x_wconf 90' lang='lat' dir='ltr'>ad</span> <span class='ocrx_word' id='word_1_411' title='bbox 1557 2543 1683 2604; x_wconf 90' lang='lat' dir='ltr'>curiam</span> <span class='ocrx_word' id='word_1_412' title='bbox 1697 2547 1910 2616; x_wconf 87' lang='lat' dir='ltr'>Romanam,</span> <span class='ocrx_word' id='word_1_413' title='bbox 1926 2551 1955 2608; x_wconf 88' lang='lat' dir='ltr'>et</span> 
     </span>
     <span class='ocr_line' id='line_1_79' title="bbox 1146 2639 1950 2716; baseline 0.004 -16"><span class='ocrx_word' id='word_1_414' title='bbox 1146 2640 1213 2700; x_wconf 89' lang='lat' dir='ltr'>alia</span> <span class='ocrx_word' id='word_1_415' title='bbox 1230 2639 1385 2716; x_wconf 85' lang='lat' dir='ltr'>quaelibet</span> <span class='ocrx_word' id='word_1_416' title='bbox 1396 2640 1620 2716; x_wconf 87' lang='lat' dir='ltr'>peregrinatio</span> <span class='ocrx_word' id='word_1_417' title='bbox 1638 2656 1742 2703; x_wconf 89' lang='lat' dir='ltr'>causa</span> <span class='ocrx_word' id='word_1_418' title='bbox 1761 2644 1950 2712; x_wconf 85' lang='lat' dir='ltr'>orationis;</span> 
     </span>
     <span class='ocr_line' id='line_1_80' title="bbox 1146 2737 1954 2816; baseline 0.005 -17"><span class='ocrx_word' id='word_1_419' title='bbox 1146 2737 1357 2814; x_wconf 87' lang='lat' dir='ltr'>exceptiones</span> <span class='ocrx_word' id='word_1_420' title='bbox 1365 2739 1556 2799; x_wconf 86' lang='lat' dir='ltr'>tamenistae</span> <span class='ocrx_word' id='word_1_421' title='bbox 1564 2737 1709 2799; x_wconf 80' lang='lat' dir='ltr'>sorensis</span> <span class='ocrx_word' id='word_1_422' title='bbox 1718 2739 1954 2816; x_wconf 85' lang='lat' dir='ltr'>integritatem</span> 
     </span>
     <span class='ocr_line' id='line_1_81' title="bbox 1146 2834 1955 2915; baseline 0.007 -21"><span class='ocrx_word' id='word_1_423' title='bbox 1146 2834 1398 2912; x_wconf 87' lang='lat' dir='ltr'>praebendarum</span> <span class='ocrx_word' id='word_1_424' title='bbox 1411 2851 1478 2898; x_wconf 90' lang='lat' dir='ltr'>non</span> <span class='ocrx_word' id='word_1_425' title='bbox 1487 2835 1669 2912; x_wconf 89' lang='lat' dir='ltr'>indulgent,</span> <span class='ocrx_word' id='word_1_426' title='bbox 1682 2836 1794 2898; x_wconf 88' lang='lat' dir='ltr'>donec</span> <span class='ocrx_word' id='word_1_427' title='bbox 1810 2855 1877 2915; x_wconf 89' lang='lat' dir='ltr'>per</span> <span class='ocrx_word' id='word_1_428' title='bbox 1891 2840 1955 2900; x_wconf 84' lang='lat' dir='ltr'>dis·</span> 
     </span>
     <span class='ocr_line' id='line_1_82' title="bbox 1146 2931 1956 3010; baseline 0.005 -18"><span class='ocrx_word' id='word_1_429' title='bbox 1146 2931 1212 2992; x_wconf 90' lang='lat' dir='ltr'>tam</span> <span class='ocrx_word' id='word_1_430' title='bbox 1226 2931 1431 2994; x_wconf 89' lang='lat' dir='ltr'>mansionem</span> <span class='ocrx_word' id='word_1_431' title='bbox 1447 2931 1642 3008; x_wconf 90' lang='lat' dir='ltr'>completam</span> <span class='ocrx_word' id='word_1_432' title='bbox 1657 2931 1853 3010; x_wconf 82' lang='lat' dir='ltr'>praebendae</span> <span class='ocrx_word' id='word_1_433' title='bbox 1868 2935 1956 2996; x_wconf 75' lang='lat' dir='ltr'>Inle-</span> 
     </span>
     <span class='ocr_line' id='line_1_83' title="bbox 1145 3028 1953 3108; baseline 0.001 -18"><span class='ocrx_word' id='word_1_434' title='bbox 1145 3028 1299 3103; x_wconf 85' lang='lat' dir='ltr'>gritatem</span> <span class='ocrx_word' id='word_1_435' title='bbox 1333 3028 1526 3090; x_wconf 88' lang='lat' dir='ltr'>meruerint.</span> <span class='ocrx_word' id='word_1_436' title='bbox 1563 3029 1765 3106; x_wconf 77' lang='lat' dir='ltr'>capellanus</span> <span class='ocrx_word' id='word_1_437' title='bbox 1801 3032 1953 3108; x_wconf 89' lang='lat' dir='ltr'>episcopi</span> 
     </span>
     <span class='ocr_line' id='line_1_84' title="bbox 1145 3125 2020 3202; baseline 0.003 -16"><span class='ocrx_word' id='word_1_438' title='bbox 1145 3125 1303 3202; x_wconf 88' lang='lat' dir='ltr'>quamdiu</span> <span class='ocrx_word' id='word_1_439' title='bbox 1315 3126 1350 3186; x_wconf 91' lang='lat' dir='ltr'>in</span> <span class='ocrx_word' id='word_1_440' title='bbox 1360 3126 1496 3188; x_wconf 84' lang='lat' dir='ltr'>servltio</span> <span class='ocrx_word' id='word_1_441' title='bbox 1507 3125 1654 3202; x_wconf 89' lang='lat' dir='ltr'>ejusdem</span> <span class='ocrx_word' id='word_1_442' title='bbox 1667 3129 1765 3189; x_wconf 84' lang='lat' dir='ltr'>extra</span> <span class='ocrx_word' id='word_1_443' title='bbox 1776 3129 1952 3190; x_wconf 85' lang='lat' dir='ltr'>civitatem</span> <span class='ocrx_word' id='word_1_444' title='bbox 2019 3127 2020 3158; x_wconf 57' lang='lat' dir='ltr'>l</span> 
     </span>
    </p>
   </div>
   <div class='ocr_carea' id='block_1_16' title="bbox 1067 3223 2020 3301">
    <p class='ocr_par' dir='ltr' id='par_1_18' title="bbox 1067 3223 2020 3301">
     <span class='ocr_line' id='line_1_85' title="bbox 1067 3223 2020 3301; baseline 0.008 -21"><span class='ocrx_word' id='word_1_445' title='bbox 1067 3273 1069 3280; x_wconf 60' lang='lat'>,</span> <span class='ocrx_word' id='word_1_446' title='bbox 1145 3223 1338 3294; x_wconf 82' lang='lat' dir='ltr'>morabItur,</span> <span class='ocrx_word' id='word_1_447' title='bbox 1363 3223 1392 3284; x_wconf 91' lang='lat' dir='ltr'>si</span> <span class='ocrx_word' id='word_1_448' title='bbox 1411 3224 1551 3286; x_wconf 84' lang='lat' dir='ltr'>vacante</span> <span class='ocrx_word' id='word_1_449' title='bbox 1568 3223 1717 3301; x_wconf 88' lang='lat' dir='ltr'>tempore</span> <span class='ocrx_word' id='word_1_450' title='bbox 1737 3227 1951 3287; x_wconf 86' lang='lat' dir='ltr'>mansionem</span> <span class='ocrx_word' id='word_1_451' title='bbox 2019 3251 2020 3260; x_wconf 18' lang='grc' dir='ltr'><strong>ἱ</strong></span> 
     </span>
    </p>
   </div>
   <div class='ocr_carea' id='block_1_17' title="bbox 1139 3321 2020 5536">
    <p class='ocr_par' dir='ltr' id='par_1_19' title="bbox 1139 3321 2020 5345">
     <span class='ocr_line' id='line_1_86' title="bbox 1144 3321 2020 3398; baseline 0.005 -18"><span class='ocrx_word' id='word_1_452' title='bbox 1144 3335 1239 3381; x_wconf 91' lang='lat' dir='ltr'>suam</span> <span class='ocrx_word' id='word_1_453' title='bbox 1251 3321 1417 3397; x_wconf 87' lang='lat' dir='ltr'>complere</span> <span class='ocrx_word' id='word_1_454' title='bbox 1433 3336 1500 3381; x_wconf 94' lang='lat' dir='ltr'>non</span> <span class='ocrx_word' id='word_1_455' title='bbox 1510 3321 1641 3398; x_wconf 86' lang='lat' dir='ltr'>poterit,</span> <span class='ocrx_word' id='word_1_456' title='bbox 1655 3321 1687 3382; x_wconf 92' lang='lat' dir='ltr'>ei</span> <span class='ocrx_word' id='word_1_457' title='bbox 1697 3325 1948 3398; x_wconf 87' lang='lat' dir='ltr'>promansione</span> <span class='ocrx_word' id='word_1_458' title='bbox 2019 3357 2020 3398; x_wconf 52' lang='lat' dir='ltr'>r</span> 
     </span>
     <span class='ocr_line' id='line_1_87' title="bbox 1144 3417 2020 3498; baseline 0.003 -21"><span class='ocrx_word' id='word_1_459' title='bbox 1144 3417 1362 3494; x_wconf 89' lang='lat' dir='ltr'>reputabitur.</span> <span class='ocrx_word' id='word_1_460' title='bbox 1392 3419 1541 3494; x_wconf 85' lang='lat' dir='ltr'>Reliquis</span> <span class='ocrx_word' id='word_1_461' title='bbox 1572 3432 1653 3480; x_wconf 88' lang='lat' dir='ltr'>vero</span> <span class='ocrx_word' id='word_1_462' title='bbox 1685 3421 1754 3480; x_wconf 91' lang='lat' dir='ltr'>tam</span> <span class='ocrx_word' id='word_1_463' title='bbox 1792 3424 1946 3498; x_wconf 89' lang='lat' dir='ltr'>personis</span> <span class='ocrx_word' id='word_1_464' title='bbox 2019 3437 2020 3440; x_wconf 44' lang='lat'>¹</span> 
     </span>
     <span class='ocr_line' id='line_1_88' title="bbox 1144 3514 1943 3593; baseline 0.004 -18"><span class='ocrx_word' id='word_1_465' title='bbox 1144 3530 1242 3591; x_wconf 92' lang='lat' dir='ltr'>quam</span> <span class='ocrx_word' id='word_1_466' title='bbox 1254 3515 1425 3577; x_wconf 78' lang='lat' dir='ltr'>canonIcis</span> <span class='ocrx_word' id='word_1_467' title='bbox 1437 3530 1497 3591; x_wconf 94' lang='lat' dir='ltr'>pro</span> <span class='ocrx_word' id='word_1_468' title='bbox 1513 3514 1648 3577; x_wconf 84' lang='lat' dir='ltr'>servitte</span> <span class='ocrx_word' id='word_1_469' title='bbox 1663 3516 1817 3593; x_wconf 89' lang='lat' dir='ltr'>episcopi</span> <span class='ocrx_word' id='word_1_470' title='bbox 1830 3518 1943 3580; x_wconf 90' lang='lat' dir='ltr'>indul-</span> 
     </span>
     <span class='ocr_line' id='line_1_89' title="bbox 1143 3611 1943 3693; baseline 0.004 -19"><span class='ocrx_word' id='word_1_471' title='bbox 1143 3611 1285 3688; x_wconf 87' lang='lat' dir='ltr'>gebitur.</span> <span class='ocrx_word' id='word_1_472' title='bbox 1295 3613 1449 3674; x_wconf 85' lang='lat' dir='ltr'>Additum</span> <span class='ocrx_word' id='word_1_473' title='bbox 1457 3613 1507 3674; x_wconf 91' lang='lat' dir='ltr'>est</span> <span class='ocrx_word' id='word_1_474' title='bbox 1519 3613 1629 3686; x_wconf 85' lang='lat' dir='ltr'>etlam,</span> <span class='ocrx_word' id='word_1_475' title='bbox 1643 3613 1730 3691; x_wconf 92' lang='lat' dir='ltr'>quod</span> <span class='ocrx_word' id='word_1_476' title='bbox 1742 3614 1943 3693; x_wconf 80' lang='lat' dir='ltr'>quicumque</span> 
     </span>
     <span class='ocr_line' id='line_1_90' title="bbox 1144 3710 1943 3784; baseline 0.003 -12"><span class='ocrx_word' id='word_1_477' title='bbox 1144 3711 1320 3772; x_wconf 89' lang='lat' dir='ltr'>decaetero</span> <span class='ocrx_word' id='word_1_478' title='bbox 1336 3710 1553 3772; x_wconf 88' lang='lat' dir='ltr'>substituetur</span> <span class='ocrx_word' id='word_1_479' title='bbox 1567 3711 1760 3784; x_wconf 67' lang='lat' dir='ltr'>canonicus</span> <span class='ocrx_word' id='word_1_480' title='bbox 1777 3713 1809 3772; x_wconf 91' lang='lat' dir='ltr'>si</span> <span class='ocrx_word' id='word_1_481' title='bbox 1825 3715 1867 3774; x_wconf 92' lang='lat' dir='ltr'>ad</span> <span class='ocrx_word' id='word_1_482' title='bbox 1887 3731 1943 3774; x_wconf 88' lang='lat' dir='ltr'>an-</span> 
     </span>
     <span class='ocr_line' id='line_1_91' title="bbox 1144 3808 1943 3886; baseline 0.005 -18"><span class='ocrx_word' id='word_1_483' title='bbox 1144 3825 1204 3870; x_wconf 91' lang='lat' dir='ltr'>nos</span> <span class='ocrx_word' id='word_1_484' title='bbox 1217 3808 1427 3870; x_wconf 88' lang='lat' dir='ltr'>discreti0nis</span> <span class='ocrx_word' id='word_1_485' title='bbox 1436 3808 1575 3880; x_wconf 86' lang='lat' dir='ltr'>venerit,</span> <span class='ocrx_word' id='word_1_486' title='bbox 1585 3808 1663 3870; x_wconf 91' lang='lat' dir='ltr'>tunc</span> <span class='ocrx_word' id='word_1_487' title='bbox 1673 3809 1761 3868; x_wconf 91' lang='lat' dir='ltr'>idern</span> <span class='ocrx_word' id='word_1_488' title='bbox 1769 3812 1943 3886; x_wconf 88' lang='lat' dir='ltr'>juramen-</span> 
     </span>
     <span class='ocr_line' id='line_1_92' title="bbox 1143 3903 1940 3984; baseline 0.003 -17"><span class='ocrx_word' id='word_1_489' title='bbox 1143 3905 1212 3968; x_wconf 89' lang='lat' dir='ltr'>tum</span> <span class='ocrx_word' id='word_1_490' title='bbox 1230 3904 1408 3984; x_wconf 87' lang='lat' dir='ltr'>preestabit.</span> <span class='ocrx_word' id='word_1_491' title='bbox 1429 3905 1584 3982; x_wconf 85' lang='lat' dir='ltr'>Alioquin</span> <span class='ocrx_word' id='word_1_492' title='bbox 1605 3903 1706 3966; x_wconf 81' lang='lat' dir='ltr'>oflicii</span> <span class='ocrx_word' id='word_1_493' title='bbox 1732 3908 1766 3967; x_wconf 86' lang='lat' dir='ltr'>et</span> <span class='ocrx_word' id='word_1_494' title='bbox 1790 3905 1940 3969; x_wconf 85' lang='lat' dir='ltr'>beneficii</span> 
     </span>
     <span class='ocr_line' id='line_1_93' title="bbox 1143 4003 1938 4080; baseline 0.001 -16"><span class='ocrx_word' id='word_1_495' title='bbox 1143 4003 1315 4066; x_wconf 91' lang='lat' dir='ltr'>nobiscum</span> <span class='ocrx_word' id='word_1_496' title='bbox 1336 4003 1624 4080; x_wconf 86' lang='lat' dir='ltr'>participationem</span> <span class='ocrx_word' id='word_1_497' title='bbox 1647 4019 1712 4064; x_wconf 90' lang='lat' dir='ltr'>non</span> <span class='ocrx_word' id='word_1_498' title='bbox 1738 4003 1889 4067; x_wconf 89' lang='lat' dir='ltr'>habebit</span> <span class='ocrx_word' id='word_1_499' title='bbox 1910 4007 1938 4066; x_wconf 87' lang='lat' dir='ltr'>Si</span> 
     </span>
     <span class='ocr_line' id='line_1_94' title="bbox 1143 4099 1940 4180; baseline 0.003 -19"><span class='ocrx_word' id='word_1_500' title='bbox 1143 4103 1253 4163; x_wconf 89' lang='lat' dir='ltr'>autem</span> <span class='ocrx_word' id='word_1_501' title='bbox 1266 4100 1353 4162; x_wconf 83' lang='lat' dir='ltr'>intra</span> <span class='ocrx_word' id='word_1_502' title='bbox 1369 4115 1475 4161; x_wconf 90' lang='lat' dir='ltr'>annos</span> <span class='ocrx_word' id='word_1_503' title='bbox 1489 4099 1700 4162; x_wconf 90' lang='lat' dir='ltr'>discretionis</span> <span class='ocrx_word' id='word_1_504' title='bbox 1710 4100 1826 4172; x_wconf 84' lang='lat' dir='ltr'>suerit,</span> <span class='ocrx_word' id='word_1_505' title='bbox 1843 4120 1940 4180; x_wconf 86' lang='lat' dir='ltr'>usquo</span> 
     </span>
     <span class='ocr_line' id='line_1_95' title="bbox 1143 4197 1939 4274; baseline 0.001 -15"><span class='ocrx_word' id='word_1_506' title='bbox 1143 4199 1184 4259; x_wconf 89' lang='lat' dir='ltr'>ad</span> <span class='ocrx_word' id='word_1_507' title='bbox 1207 4198 1384 4274; x_wconf 82' lang='lat' dir='ltr'>ligitimam</span> <span class='ocrx_word' id='word_1_508' title='bbox 1406 4201 1535 4274; x_wconf 91' lang='lat' dir='ltr'>tempus</span> <span class='ocrx_word' id='word_1_509' title='bbox 1557 4197 1710 4258; x_wconf 88' lang='lat' dir='ltr'>inducias</span> <span class='ocrx_word' id='word_1_510' title='bbox 1733 4197 1890 4273; x_wconf 90' lang='lat' dir='ltr'>babebit,</span> <span class='ocrx_word' id='word_1_511' title='bbox 1913 4206 1939 4260; x_wconf 85' lang='lat' dir='ltr'>ei</span> 
     </span>
     <span class='ocr_line' id='line_1_96' title="bbox 1143 4294 1937 4373; baseline 0 -17"><span class='ocrx_word' id='word_1_512' title='bbox 1143 4297 1278 4357; x_wconf 90' lang='lat' dir='ltr'>extunc</span> <span class='ocrx_word' id='word_1_513' title='bbox 1294 4295 1512 4366; x_wconf 68' lang='lat' dir='ltr'>submonitus</span> <span class='ocrx_word' id='word_1_514' title='bbox 1529 4294 1594 4355; x_wconf 86' lang='lat' dir='ltr'>nisi</span> <span class='ocrx_word' id='word_1_515' title='bbox 1612 4295 1700 4355; x_wconf 80' lang='lat' dir='ltr'>intra</span> <span class='ocrx_word' id='word_1_516' title='bbox 1712 4295 1853 4373; x_wconf 88' lang='lat' dir='ltr'>triginta</span> <span class='ocrx_word' id='word_1_517' title='bbox 1872 4298 1937 4358; x_wconf 81' lang='lat' dir='ltr'>dies</span> 
     </span>
     <span class='ocr_line' id='line_1_97' title="bbox 1139 4391 1938 4470; baseline 0 -16"><span class='ocrx_word' id='word_1_518' title='bbox 1139 4394 1364 4470; x_wconf 89' lang='lat' dir='ltr'>juramentum</span> <span class='ocrx_word' id='word_1_519' title='bbox 1385 4391 1588 4470; x_wconf 89' lang='lat' dir='ltr'>praestiterit,</span> <span class='ocrx_word' id='word_1_520' title='bbox 1611 4391 1713 4453; x_wconf 82' lang='lat' dir='ltr'>officii</span> <span class='ocrx_word' id='word_1_521' title='bbox 1732 4392 1938 4466; x_wconf 79' lang='lat' dir='ltr'>et‚beue1icii</span> 
     </span>
     <span class='ocr_line' id='line_1_98' title="bbox 1143 4489 2020 4568; baseline 0.001 -16"><span class='ocrx_word' id='word_1_522' title='bbox 1143 4490 1315 4552; x_wconf 91' lang='lat' dir='ltr'>nobiscum</span> <span class='ocrx_word' id='word_1_523' title='bbox 1337 4489 1624 4568; x_wconf 89' lang='lat' dir='ltr'>participationem</span> <span class='ocrx_word' id='word_1_524' title='bbox 1644 4505 1710 4550; x_wconf 90' lang='lat' dir='ltr'>nou</span> <span class='ocrx_word' id='word_1_525' title='bbox 1733 4489 1881 4553; x_wconf 81' lang='lat' dir='ltr'>babebit</span> <span class='ocrx_word' id='word_1_526' title='bbox 1908 4493 1937 4552; x_wconf 84' lang='lat' dir='ltr'>Si</span> <span class='ocrx_word' id='word_1_527' title='bbox 2019 4547 2020 4560; x_wconf 69' lang='grc'>,</span> 
     </span>
     <span class='ocr_line' id='line_1_99' title="bbox 1143 4573 2020 4665; baseline 0.002 -17"><span class='ocrx_word' id='word_1_528' title='bbox 1143 4585 1739 4665; x_wconf 86' lang='lat' dir='ltr'>quisautemsperanssemansionem</span> <span class='ocrx_word' id='word_1_529' title='bbox 1749 4588 1938 4664; x_wconf 88' lang='lat' dir='ltr'>praedictam</span> <span class='ocrx_word' id='word_1_530' title='bbox 2019 4573 2020 4598; x_wconf 61' lang='lat'>¹</span> 
     </span>
     <span class='ocr_line' id='line_1_100' title="bbox 1143 4682 1937 4763; baseline -0.003 -16"><span class='ocrx_word' id='word_1_531' title='bbox 1143 4701 1239 4763; x_wconf 90' lang='lat' dir='ltr'>posse</span> <span class='ocrx_word' id='word_1_532' title='bbox 1257 4685 1431 4762; x_wconf 86' lang='lat' dir='ltr'>perlicere,</span> <span class='ocrx_word' id='word_1_533' title='bbox 1449 4682 1574 4759; x_wconf 92' lang='lat' dir='ltr'>aliquid</span> <span class='ocrx_word' id='word_1_534' title='bbox 1594 4682 1634 4743; x_wconf 91' lang='lat' dir='ltr'>de</span> <span class='ocrx_word' id='word_1_535' title='bbox 1656 4682 1836 4760; x_wconf 86' lang='lat' dir='ltr'>praebenda</span> <span class='ocrx_word' id='word_1_536' title='bbox 1854 4685 1937 4745; x_wconf 86' lang='lat' dir='ltr'>ultra</span> 
     </span>
     <span class='ocr_line' id='line_1_101' title="bbox 1142 4779 1938 4858; baseline -0.001 -14"><span class='ocrx_word' id='word_1_537' title='bbox 1142 4781 1262 4857; x_wconf 89' lang='lat' dir='ltr'>viginti</span> <span class='ocrx_word' id='word_1_538' title='bbox 1286 4780 1431 4858; x_wconf 90' lang='lat' dir='ltr'>quinque</span> <span class='ocrx_word' id='word_1_539' title='bbox 1455 4779 1591 4850; x_wconf 90' lang='lat' dir='ltr'>solidos,</span> <span class='ocrx_word' id='word_1_540' title='bbox 1613 4780 1647 4840; x_wconf 91' lang='lat' dir='ltr'>et</span> <span class='ocrx_word' id='word_1_541' title='bbox 1663 4780 1888 4852; x_wconf 66' lang='lat' dir='ltr'>matutinales</span> <span class='ocrx_word' id='word_1_542' title='bbox 1909 4787 1938 4843; x_wconf 90' lang='lat' dir='ltr'>et</span> 
     </span>
     <span class='ocr_line' id='line_1_102' title="bbox 1142 4874 1937 4954; baseline 0.004 -15"><span class='ocrx_word' id='word_1_543' title='bbox 1142 4878 1449 4940; x_wconf 88' lang='lat' dir='ltr'>anniversariorum</span> <span class='ocrx_word' id='word_1_544' title='bbox 1476 4876 1631 4937; x_wconf 90' lang='lat' dir='ltr'>denarios</span> <span class='ocrx_word' id='word_1_545' title='bbox 1656 4874 1741 4936; x_wconf 80' lang='lat' dir='ltr'>forte</span> <span class='ocrx_word' id='word_1_546' title='bbox 1766 4880 1937 4954; x_wconf 86' lang='lat' dir='ltr'>receperit</span> 
     </span>
     <span class='ocr_line' id='line_1_103' title="bbox 1143 4973 1936 5054; baseline -0.003 -17"><span class='ocrx_word' id='word_1_547' title='bbox 1143 4977 1315 5054; x_wconf 86' lang='lat' dir='ltr'>postquam</span> <span class='ocrx_word' id='word_1_548' title='bbox 1340 4990 1375 5036; x_wconf 92' lang='lat' dir='ltr'>se</span> <span class='ocrx_word' id='word_1_549' title='bbox 1397 4973 1616 5050; x_wconf 82' lang='lat' dir='ltr'>praetaxatam</span> <span class='ocrx_word' id='word_1_550' title='bbox 1641 4973 1851 5034; x_wconf 90' lang='lat' dir='ltr'>mansionem</span> <span class='ocrx_word' id='word_1_551' title='bbox 1876 4992 1936 5035; x_wconf 93' lang='lat' dir='ltr'>non</span> 
     </span>
     <span class='ocr_line' id='line_1_104' title="bbox 1143 5068 1938 5150; baseline 0 -16"><span class='ocrx_word' id='word_1_552' title='bbox 1143 5072 1238 5150; x_wconf 88' lang='lat' dir='ltr'>plene</span> <span class='ocrx_word' id='word_1_553' title='bbox 1250 5071 1419 5149; x_wconf 88' lang='lat' dir='ltr'>perticisse</span> <span class='ocrx_word' id='word_1_554' title='bbox 1436 5068 1639 5146; x_wconf 77' lang='lat' dir='ltr'>cognoverit</span> <span class='ocrx_word' id='word_1_555' title='bbox 1663 5069 1825 5146; x_wconf 86' lang='lat' dir='ltr'>quidquid</span> <span class='ocrx_word' id='word_1_556' title='bbox 1842 5087 1938 5150; x_wconf 89' lang='lat' dir='ltr'>super</span> 
     </span>
     <span class='ocr_line' id='line_1_105' title="bbox 1142 5167 2020 5250; baseline -0.001 -18"><span class='ocrx_word' id='word_1_557' title='bbox 1142 5172 1313 5249; x_wconf 91' lang='lat' dir='ltr'>acceptum</span> <span class='ocrx_word' id='word_1_558' title='bbox 1328 5167 1439 5230; x_wconf 89' lang='lat' dir='ltr'>luerat</span> <span class='ocrx_word' id='word_1_559' title='bbox 1452 5167 1568 5229; x_wconf 91' lang='lat' dir='ltr'>eodem</span> <span class='ocrx_word' id='word_1_560' title='bbox 1587 5181 1675 5228; x_wconf 88' lang='lat' dir='ltr'>anno</span> <span class='ocrx_word' id='word_1_561' title='bbox 1699 5167 1773 5228; x_wconf 90' lang='lat' dir='ltr'>sine</span> <span class='ocrx_word' id='word_1_562' title='bbox 1791 5171 1936 5246; x_wconf 88' lang='lat' dir='ltr'>perjurio</span> <span class='ocrx_word' id='word_1_563' title='bbox 2019 5247 2020 5250; x_wconf 8' lang='grc' dir='ltr'><strong>Ἴ</strong></span> 
     </span>
     <span class='ocr_line' id='line_1_106' title="bbox 1142 5265 1530 5345; baseline -0.013 -16"><span class='ocrx_word' id='word_1_564' title='bbox 1142 5268 1289 5345; x_wconf 90' lang='lat' dir='ltr'>capitulo</span> <span class='ocrx_word' id='word_1_565' title='bbox 1299 5265 1494 5342; x_wconf 87' lang='lat' dir='ltr'>resignabit.</span> <span class='ocrx_word' id='word_1_566' title='bbox 1511 5281 1530 5324; x_wconf 76' lang='lat' dir='ltr'>s</span> 
     </span>
    </p>

    <p class='ocr_par' dir='ltr' id='par_1_20' title="bbox 1142 5352 1934 5536">
     <span class='ocr_line' id='line_1_107' title="bbox 1181 5352 1934 5440; baseline -0.004 -14"><span class='ocrx_word' id='word_1_567' title='bbox 1181 5363 1272 5427; x_wconf 91' lang='lat' dir='ltr'>Nulli</span> <span class='ocrx_word' id='word_1_568' title='bbox 1294 5352 1374 5440; x_wconf 76' lang='lat' dir='ltr'>er&#39;go</span> <span class='ocrx_word' id='word_1_569' title='bbox 1389 5364 1476 5424; x_wconf 92' lang='lat' dir='ltr'>hanc</span> <span class='ocrx_word' id='word_1_570' title='bbox 1495 5361 1650 5439; x_wconf 89' lang='lat' dir='ltr'>paginam</span> <span class='ocrx_word' id='word_1_571' title='bbox 1670 5361 1794 5423; x_wconf 89' lang='lat' dir='ltr'>nostrae</span> <span class='ocrx_word' id='word_1_572' title='bbox 1815 5364 1934 5424; x_wconf 90' lang='lat' dir='ltr'>contir-</span> 
     </span>
     <span class='ocr_line' id='line_1_108' title="bbox 1142 5459 1933 5536; baseline 0 -14"><span class='ocrx_word' id='word_1_573' title='bbox 1142 5463 1310 5535; x_wconf 90' lang='lat' dir='ltr'>mationis,</span> <span class='ocrx_word' id='word_1_574' title='bbox 1327 5461 1428 5534; x_wconf 84' lang='lat' dir='ltr'>etc...;</span> <span class='ocrx_word' id='word_1_575' title='bbox 1445 5460 1473 5518; x_wconf 91' lang='lat' dir='ltr'>si</span> <span class='ocrx_word' id='word_1_576' title='bbox 1485 5459 1689 5536; x_wconf 89' lang='lat' dir='ltr'>quisautem‚</span> <span class='ocrx_word' id='word_1_577' title='bbox 1703 5461 1808 5520; x_wconf 75' lang='lat' dir='ltr'>etc...</span> <span class='ocrx_word' id='word_1_578' title='bbox 1823 5463 1933 5522; x_wconf 87' lang='lat' dir='ltr'>Datum</span> 
     </span>
    </p>
   </div>
   <div class='ocr_carea' id='block_1_18' title="bbox 0 0 2056 6391">
    <p class='ocr_par' dir='ltr' id='par_1_21' title="bbox 0 0 2056 6391">
     <span class='ocr_line' id='line_1_109' title="bbox 0 0 2056 6391; baseline 0 0"><span class='ocrx_word' id='word_1_579' title='bbox 0 0 2056 6391; x_wconf 95' lang='lat' dir='ltr'> </span> 
     </span>
    </p>
   </div>
  </div>
 </body>
</html>
