<?xml version="1.0" encoding="UTF-8"?>
<!DOCTYPE html PUBLIC "-//W3C//DTD XHTML 1.0 Transitional//EN"
    "http://www.w3.org/TR/xhtml1/DTD/xhtml1-transitional.dtd">
<html xmlns="http://www.w3.org/1999/xhtml" xml:lang="en" lang="en">
 <head>
  <title>
</title>
<meta http-equiv="Content-Type" content="text/html;charset=utf-8" />
  <meta name='ocr-system' content='tesseract 3.04.00' />
  <meta name='ocr-capabilities' content='ocr_page ocr_carea ocr_par ocr_line ocrx_word'/>
</head>
<body>
  <div class='ocr_page' id='page_1' title='image "./mediiaevibiblio02unkngoog_0490.png"; bbox 0 0 4234 6442; ppageno 0'>
   <div class='ocr_carea' id='block_1_1' title="bbox 150 323 954 1248">
    <p class='ocr_par' dir='ltr' id='par_1_1' title="bbox 150 323 954 1248">
     <span class='ocr_line' id='line_1_1' title="bbox 157 323 215 392; baseline -0.034 0"><span class='ocrx_word' id='word_1_1' title='bbox 157 323 215 392; x_wconf 79' lang='lat' dir='ltr'>let</span> 
     </span>
     <span class='ocr_line' id='line_1_2' title="bbox 157 486 953 568; baseline 0.001 -16"><span class='ocrx_word' id='word_1_2' title='bbox 157 489 326 568; x_wconf 89' lang='lat' dir='ltr'>compleri.</span> <span class='ocrx_word' id='word_1_3' title='bbox 343 487 535 566; x_wconf 75' lang='lat' dir='ltr'>eapropter,</span> <span class='ocrx_word' id='word_1_4' title='bbox 560 486 671 551; x_wconf 88' lang='lat' dir='ltr'>dilecti</span> <span class='ocrx_word' id='word_1_5' title='bbox 686 487 721 550; x_wconf 89' lang='lat' dir='ltr'>in</span> <span class='ocrx_word' id='word_1_6' title='bbox 735 488 866 551; x_wconf 84' lang='lat' dir='ltr'>Christo</span> <span class='ocrx_word' id='word_1_7' title='bbox 879 487 953 560; x_wconf 82' lang='lat' dir='ltr'>filii,</span> 
     </span>
     <span class='ocr_line' id='line_1_3' title="bbox 156 585 953 663; baseline -0.003 -13"><span class='ocrx_word' id='word_1_8' title='bbox 156 590 217 659; x_wconf 87' lang='lat' dir='ltr'>ete,</span> <span class='ocrx_word' id='word_1_9' title='bbox 232 602 339 662; x_wconf 73' lang='lat' dir='ltr'>torque</span> <span class='ocrx_word' id='word_1_10' title='bbox 349 605 360 647; x_wconf 93' lang='lat'>.·</span> <span class='ocrx_word' id='word_1_11' title='bbox 370 585 595 663; x_wconf 79' lang='lat' dir='ltr'>impertientes</span> <span class='ocrx_word' id='word_1_12' title='bbox 606 600 790 646; x_wconf 84' lang='lat' dir='ltr'>assensum.</span> <span class='ocrx_word' id='word_1_13' title='bbox 799 587 953 648; x_wconf 87' lang='lat' dir='ltr'>Decimas</span> 
     </span>
     <span class='ocr_line' id='line_1_4' title="bbox 155 684 953 760; baseline -0.001 -13"><span class='ocrx_word' id='word_1_14' title='bbox 155 690 223 748; x_wconf 85' lang='lat' dir='ltr'>tam</span> <span class='ocrx_word' id='word_1_15' title='bbox 249 684 417 747; x_wconf 90' lang='lat' dir='ltr'>novalium</span> <span class='ocrx_word' id='word_1_16' title='bbox 446 699 544 760; x_wconf 85' lang='lat' dir='ltr'>quam</span> <span class='ocrx_word' id='word_1_17' title='bbox 573 684 718 746; x_wconf 85' lang='lat' dir='ltr'>aliarum</span> <span class='ocrx_word' id='word_1_18' title='bbox 743 684 953 746; x_wconf 88' lang='lat' dir='ltr'>terraruma</span> 
     </span>
     <span class='ocr_line' id='line_1_5' title="bbox 155 780 952 858; baseline -0.004 -15"><span class='ocrx_word' id='word_1_19' title='bbox 155 781 357 844; x_wconf 88' lang='lat' dir='ltr'>monasterio</span> <span class='ocrx_word' id='word_1_20' title='bbox 379 783 491 842; x_wconf 90' lang='lat' dir='ltr'>vestro</span> <span class='ocrx_word' id='word_1_21' title='bbox 506 781 583 842; x_wconf 89' lang='lat' dir='ltr'>ante</span> <span class='ocrx_word' id='word_1_22' title='bbox 596 780 751 858; x_wconf 90' lang='lat' dir='ltr'>generale</span> <span class='ocrx_word' id='word_1_23' title='bbox 770 781 952 843; x_wconf 83' lang='lat' dir='ltr'>Concilium</span> 
     </span>
     <span class='ocr_line' id='line_1_6' title="bbox 155 877 953 956; baseline -0.003 -16"><span class='ocrx_word' id='word_1_24' title='bbox 155 878 399 941; x_wconf 80' lang='lat' dir='ltr'>rationabiliter</span> <span class='ocrx_word' id='word_1_25' title='bbox 413 879 446 940; x_wconf 95' lang='lat' dir='ltr'>et</span> <span class='ocrx_word' id='word_1_26' title='bbox 460 878 570 956; x_wconf 91' lang='lat' dir='ltr'>quiete</span> <span class='ocrx_word' id='word_1_27' title='bbox 584 894 765 956; x_wconf 90' lang='lat' dir='ltr'>possessas,</span> <span class='ocrx_word' id='word_1_28' title='bbox 792 877 878 940; x_wconf 88' lang='lat' dir='ltr'>sicut</span> <span class='ocrx_word' id='word_1_29' title='bbox 895 893 953 940; x_wconf 90' lang='lat' dir='ltr'>eas</span> 
     </span>
     <span class='ocr_line' id='line_1_7' title="bbox 150 975 953 1053; baseline 0 -18"><span class='ocrx_word' id='word_1_30' title='bbox 150 978 241 1053; x_wconf 88' lang='lat' dir='ltr'>juste</span> <span class='ocrx_word' id='word_1_31' title='bbox 256 978 289 1038; x_wconf 89' lang='lat' dir='ltr'>et</span> <span class='ocrx_word' id='word_1_32' title='bbox 304 975 440 1052; x_wconf 84' lang='lat' dir='ltr'>pacifice</span> <span class='ocrx_word' id='word_1_33' title='bbox 459 975 647 1051; x_wconf 82' lang='lat' dir='ltr'>possidetis,</span> <span class='ocrx_word' id='word_1_34' title='bbox 661 975 754 1036; x_wconf 90' lang='lat' dir='ltr'>vobis</span> <span class='ocrx_word' id='word_1_35' title='bbox 770 975 803 1036; x_wconf 91' lang='lat' dir='ltr'>et</span> <span class='ocrx_word' id='word_1_36' title='bbox 820 991 881 1052; x_wconf 91' lang='lat' dir='ltr'>per</span> <span class='ocrx_word' id='word_1_37' title='bbox 894 989 953 1038; x_wconf 87' lang='lat' dir='ltr'>vos</span> 
     </span>
     <span class='ocr_line' id='line_1_8' title="bbox 154 1073 954 1151; baseline 0 -17"><span class='ocrx_word' id='word_1_38' title='bbox 154 1074 219 1149; x_wconf 88' lang='lat' dir='ltr'>ipsi</span> <span class='ocrx_word' id='word_1_39' title='bbox 235 1073 436 1135; x_wconf 87' lang='lat' dir='ltr'>monasterio</span> <span class='ocrx_word' id='word_1_40' title='bbox 456 1073 653 1136; x_wconf 88' lang='lat' dir='ltr'>auctoritate</span> <span class='ocrx_word' id='word_1_41' title='bbox 669 1074 857 1151; x_wconf 85' lang='lat' dir='ltr'>Apostoliea</span> <span class='ocrx_word' id='word_1_42' title='bbox 873 1089 954 1136; x_wconf 90' lang='lat' dir='ltr'>con-</span> 
     </span>
     <span class='ocr_line' id='line_1_9' title="bbox 154 1170 952 1248; baseline 0.003 -18"><span class='ocrx_word' id='word_1_43' title='bbox 154 1171 340 1242; x_wconf 84' lang='lat' dir='ltr'>firmamus,</span> <span class='ocrx_word' id='word_1_44' title='bbox 368 1171 400 1232; x_wconf 88' lang='lat' dir='ltr'>et</span> <span class='ocrx_word' id='word_1_45' title='bbox 425 1171 601 1248; x_wconf 88' lang='lat' dir='ltr'>praesentis</span> <span class='ocrx_word' id='word_1_46' title='bbox 631 1171 746 1248; x_wconf 90' lang='lat' dir='ltr'>scripti</span> <span class='ocrx_word' id='word_1_47' title='bbox 767 1170 952 1248; x_wconf 89' lang='lat' dir='ltr'>patrocinio</span> 
     </span>
    </p>
   </div>
   <div class='ocr_carea' id='block_1_2' title="bbox 154 1267 953 1442">
    <p class='ocr_par' dir='ltr' id='par_1_2' title="bbox 154 1267 953 1442">
     <span class='ocr_line' id='line_1_10' title="bbox 154 1267 953 1345; baseline -0.003 -16"><span class='ocrx_word' id='word_1_48' title='bbox 154 1269 415 1342; x_wconf 84' lang='lat' dir='ltr'>communimus3</span> <span class='ocrx_word' id='word_1_49' title='bbox 432 1267 614 1329; x_wconf 87' lang='lat' dir='ltr'>districtius</span> <span class='ocrx_word' id='word_1_50' title='bbox 624 1268 813 1330; x_wconf 90' lang='lat' dir='ltr'>inhibentes</span> <span class='ocrx_word' id='word_1_51' title='bbox 822 1283 865 1328; x_wconf 92' lang='lat' dir='ltr'>ne</span> <span class='ocrx_word' id='word_1_52' title='bbox 879 1268 953 1345; x_wconf 92' lang='lat' dir='ltr'>quis</span> 
     </span>
     <span class='ocr_line' id='line_1_11' title="bbox 155 1365 950 1442; baseline 0 -16"><span class='ocrx_word' id='word_1_53' title='bbox 155 1381 255 1442; x_wconf 90' lang='lat' dir='ltr'>super</span> <span class='ocrx_word' id='word_1_54' title='bbox 267 1365 335 1426; x_wconf 92' lang='lat' dir='ltr'>illis</span> <span class='ocrx_word' id='word_1_55' title='bbox 350 1381 410 1426; x_wconf 89' lang='lat' dir='ltr'>vos</span> <span class='ocrx_word' id='word_1_56' title='bbox 425 1367 606 1442; x_wconf 80' lang='lat' dir='ltr'>praesumat</span> <span class='ocrx_word' id='word_1_57' title='bbox 626 1371 749 1427; x_wconf 90' lang='lat' dir='ltr'>temere</span> <span class='ocrx_word' id='word_1_58' title='bbox 764 1366 950 1429; x_wconf 76' lang='lat' dir='ltr'>molestare.</span> 
     </span>
    </p>
   </div>
   <div class='ocr_carea' id='block_1_3' title="bbox 153 1462 954 1833">
    <p class='ocr_par' dir='ltr' id='par_1_3' title="bbox 153 1462 954 1833">
     <span class='ocr_line' id='line_1_12' title="bbox 155 1462 954 1538; baseline 0.001 -15"><span class='ocrx_word' id='word_1_59' title='bbox 155 1463 247 1523; x_wconf 92' lang='lat' dir='ltr'>Nulli</span> <span class='ocrx_word' id='word_1_60' title='bbox 255 1478 345 1538; x_wconf 89' lang='lat' dir='ltr'>erge,</span> <span class='ocrx_word' id='word_1_61' title='bbox 360 1462 566 1536; x_wconf 87' lang='lat' dir='ltr'>etc.‚nostrae</span> <span class='ocrx_word' id='word_1_62' title='bbox 575 1463 849 1536; x_wconf 71' lang='lat' dir='ltr'>confirmationis</span> <span class='ocrx_word' id='word_1_63' title='bbox 863 1466 896 1525; x_wconf 89' lang='lat' dir='ltr'>et</span> <span class='ocrx_word' id='word_1_64' title='bbox 905 1463 954 1524; x_wconf 94' lang='lat' dir='ltr'>in·</span> 
     </span>
     <span class='ocr_line' id='line_1_13' title="bbox 153 1558 952 1635; baseline 0.003 -15"><span class='ocrx_word' id='word_1_65' title='bbox 153 1558 952 1635; x_wconf 83' lang='lat' dir='ltr'>bibitionisinfringere,velei,etc.,contraire.si</span> 
     </span>
     <span class='ocr_line' id='line_1_14' title="bbox 154 1657 954 1733; baseline 0.005 -17"><span class='ocrx_word' id='word_1_66' title='bbox 154 1657 228 1733; x_wconf 88' lang='lat' dir='ltr'>quis</span> <span class='ocrx_word' id='word_1_67' title='bbox 252 1659 374 1728; x_wconf 88' lang='lat' dir='ltr'>autem,</span> <span class='ocrx_word' id='word_1_68' title='bbox 398 1658 474 1727; x_wconf 85' lang='lat' dir='ltr'>etc,</span> <span class='ocrx_word' id='word_1_69' title='bbox 499 1657 723 1718; x_wconf 90' lang='lat' dir='ltr'>incursurum.</span> <span class='ocrx_word' id='word_1_70' title='bbox 744 1659 863 1720; x_wconf 89' lang='lat' dir='ltr'>Datum</span> <span class='ocrx_word' id='word_1_71' title='bbox 889 1661 954 1720; x_wconf 88' lang='lat' dir='ltr'>Fe-</span> 
     </span>
     <span class='ocr_line' id='line_1_15' title="bbox 154 1753 951 1833; baseline 0.001 -18"><span class='ocrx_word' id='word_1_72' title='bbox 154 1753 278 1815; x_wconf 90' lang='lat' dir='ltr'>rentini</span> <span class='ocrx_word' id='word_1_73' title='bbox 290 1755 451 1816; x_wconf 83' lang='lat' dir='ltr'>kalendas</span> <span class='ocrx_word' id='word_1_74' title='bbox 463 1755 660 1833; x_wconf 88' lang='lat' dir='ltr'>septembris</span> <span class='ocrx_word' id='word_1_75' title='bbox 684 1771 772 1817; x_wconf 89' lang='lat' dir='ltr'>anno</span> <span class='ocrx_word' id='word_1_76' title='bbox 795 1755 951 1817; x_wconf 90' lang='lat' dir='ltr'>secundo.</span> 
     </span>
    </p>
   </div>
   <div class='ocr_carea' id='block_1_4' title="bbox 491 1930 618 2019">
    <p class='ocr_par' dir='ltr' id='par_1_4' title="bbox 491 1930 618 2019">
     <span class='ocr_line' id='line_1_16' title="bbox 491 1930 618 2019; baseline -0.008 0"><span class='ocrx_word' id='word_1_77' title='bbox 491 1930 618 2019; x_wconf 86' lang='lat' dir='ltr'>XXIV</span> 
     </span>
    </p>
   </div>
   <div class='ocr_carea' id='block_1_5' title="bbox 154 2083 951 2158">
    <p class='ocr_par' dir='ltr' id='par_1_5' title="bbox 154 2083 951 2158">
     <span class='ocr_line' id='line_1_17' title="bbox 154 2083 951 2158; baseline 0 -14"><span class='ocrx_word' id='word_1_78' title='bbox 154 2083 649 2158; x_wconf 80' lang='lat' dir='ltr'>Adeptseopnrnetcapitnlnm</span> <span class='ocrx_word' id='word_1_79' title='bbox 660 2085 951 2146; x_wconf 77' lang='lat' dir='ltr'>suessionensem.</span> 
     </span>
    </p>
   </div>
   <div class='ocr_carea' id='block_1_6' title="bbox 157 2205 951 2482">
    <p class='ocr_par' dir='ltr' id='par_1_6' title="bbox 157 2205 951 2482">
     <span class='ocr_line' id='line_1_18' title="bbox 451 2205 655 2280; baseline -0.015 -17"><span class='ocrx_word' id='word_1_80' title='bbox 451 2206 464 2263; x_wconf 95' lang='lat' dir='ltr'>l</span> <span class='ocrx_word' id='word_1_81' title='bbox 484 2210 558 2280; x_wconf 82' lang='lat' dir='ltr'>sept.</span> <span class='ocrx_word' id='word_1_82' title='bbox 576 2205 655 2263; x_wconf 78' lang='lat' dir='ltr'>llll.</span> 
     </span>
     <span class='ocr_line' id='line_1_19' title="bbox 363 2310 747 2376; baseline -0.01 -13"><span class='ocrx_word' id='word_1_83' title='bbox 363 2311 472 2376; x_wconf 84' lang='lat' dir='ltr'>[Regest.</span> <span class='ocrx_word' id='word_1_84' title='bbox 488 2311 533 2360; x_wconf 89' lang='lat' dir='ltr'>lib.</span> <span class='ocrx_word' id='word_1_85' title='bbox 544 2311 576 2370; x_wconf 91' lang='lat' dir='ltr'>ll,</span> <span class='ocrx_word' id='word_1_86' title='bbox 593 2310 666 2376; x_wconf 84' lang='lat' dir='ltr'>epist.</span> <span class='ocrx_word' id='word_1_87' title='bbox 677 2310 747 2376; x_wconf 73' lang='lat' dir='ltr'>ors]</span> 
     </span>
     <span class='ocr_line' id='line_1_20' title="bbox 157 2408 951 2482; baseline -0.003 -16"><span class='ocrx_word' id='word_1_88' title='bbox 157 2408 273 2466; x_wconf 81' lang='lat' dir='ltr'>Mandat</span> <span class='ocrx_word' id='word_1_89' title='bbox 285 2415 316 2466; x_wconf 88' lang='lat' dir='ltr'>ut</span> <span class='ocrx_word' id='word_1_90' title='bbox 325 2409 478 2482; x_wconf 80' lang='lat' dir='ltr'>prebenda</span> <span class='ocrx_word' id='word_1_91' title='bbox 487 2409 618 2469; x_wconf 86' lang='lat' dir='ltr'>canonici</span> <span class='ocrx_word' id='word_1_92' title='bbox 629 2409 792 2481; x_wconf 83' lang='lat' dir='ltr'>assignetur</span> <span class='ocrx_word' id='word_1_93' title='bbox 802 2409 906 2468; x_wconf 87' lang='lat' dir='ltr'>elerico</span> <span class='ocrx_word' id='word_1_94' title='bbox 918 2411 951 2468; x_wconf 87' lang='lat' dir='ltr'>a.</span> 
     </span>
    </p>
   </div>
   <div class='ocr_carea' id='block_1_7' title="bbox 131 2531 959 5537">
    <p class='ocr_par' dir='ltr' id='par_1_7' title="bbox 155 2531 952 2708">
     <span class='ocr_line' id='line_1_21' title="bbox 194 2531 952 2612; baseline 0.001 -17"><span class='ocrx_word' id='word_1_95' title='bbox 194 2534 372 2607; x_wconf 88' lang='lat' dir='ltr'>Honorius,</span> <span class='ocrx_word' id='word_1_96' title='bbox 393 2534 469 2606; x_wconf 82' lang='lat' dir='ltr'>etc,</span> <span class='ocrx_word' id='word_1_97' title='bbox 479 2531 665 2596; x_wconf 84' lang='lat' dir='ltr'>venerabili</span> <span class='ocrx_word' id='word_1_98' title='bbox 675 2533 772 2596; x_wconf 82' lang='lat' dir='ltr'>tratri</span> <span class='ocrx_word' id='word_1_99' title='bbox 785 2534 952 2612; x_wconf 89' lang='lat' dir='ltr'>episcopo,</span> 
     </span>
     <span class='ocr_line' id='line_1_22' title="bbox 155 2629 804 2708; baseline -0.003 -16"><span class='ocrx_word' id='word_1_100' title='bbox 155 2632 188 2692; x_wconf 89' lang='lat' dir='ltr'>et</span> <span class='ocrx_word' id='word_1_101' title='bbox 203 2629 333 2692; x_wconf 89' lang='lat' dir='ltr'>dilectis</span> <span class='ocrx_word' id='word_1_102' title='bbox 346 2629 425 2692; x_wconf 86' lang='lat' dir='ltr'>tiliis</span> <span class='ocrx_word' id='word_1_103' title='bbox 438 2631 577 2708; x_wconf 92' lang='lat' dir='ltr'>capituli</span> <span class='ocrx_word' id='word_1_104' title='bbox 592 2630 804 2691; x_wconf 83' lang='lat' dir='ltr'>suessionen.</span> 
     </span>
    </p>

    <p class='ocr_par' dir='ltr' id='par_1_8' title="bbox 131 2727 959 5537">
     <span class='ocr_line' id='line_1_23' title="bbox 198 2727 952 2806; baseline 0 -16"><span class='ocrx_word' id='word_1_105' title='bbox 198 2728 457 2790; x_wconf 89' lang='lat' dir='ltr'>Promissionem</span> <span class='ocrx_word' id='word_1_106' title='bbox 466 2728 591 2789; x_wconf 87' lang='lat' dir='ltr'>babens</span> <span class='ocrx_word' id='word_1_107' title='bbox 606 2727 694 2799; x_wconf 86' lang='lat' dir='ltr'>vitae,</span> <span class='ocrx_word' id='word_1_108' title='bbox 707 2743 780 2806; x_wconf 83' lang='lat' dir='ltr'>quae</span> <span class='ocrx_word' id='word_1_109' title='bbox 790 2744 879 2789; x_wconf 91' lang='lat' dir='ltr'>nunc</span> <span class='ocrx_word' id='word_1_110' title='bbox 891 2729 952 2804; x_wconf 90' lang='lat' dir='ltr'>est,</span> 
     </span>
     <span class='ocr_line' id='line_1_24' title="bbox 155 2824 954 2902; baseline 0 -16"><span class='ocrx_word' id='word_1_111' title='bbox 155 2825 188 2887; x_wconf 92' lang='lat' dir='ltr'>et</span> <span class='ocrx_word' id='word_1_112' title='bbox 203 2824 333 2897; x_wconf 84' lang='lat' dir='ltr'>iuturae,</span> <span class='ocrx_word' id='word_1_113' title='bbox 351 2825 456 2902; x_wconf 90' lang='lat' dir='ltr'>pietas</span> <span class='ocrx_word' id='word_1_114' title='bbox 472 2841 532 2886; x_wconf 91' lang='lat' dir='ltr'>nos</span> <span class='ocrx_word' id='word_1_115' title='bbox 545 2825 686 2897; x_wconf 86' lang='lat' dir='ltr'>induxit,</span> <span class='ocrx_word' id='word_1_116' title='bbox 702 2826 738 2887; x_wconf 89' lang='lat' dir='ltr'>ut</span> <span class='ocrx_word' id='word_1_117' title='bbox 752 2840 812 2902; x_wconf 90' lang='lat' dir='ltr'>pro</span> <span class='ocrx_word' id='word_1_118' title='bbox 835 2824 954 2888; x_wconf 92' lang='lat' dir='ltr'>dilecto</span> 
     </span>
     <span class='ocr_line' id='line_1_25' title="bbox 156 2923 952 2999; baseline -0.001 -16"><span class='ocrx_word' id='word_1_119' title='bbox 156 2923 315 2999; x_wconf 89' lang='lat' dir='ltr'>magistro</span> <span class='ocrx_word' id='word_1_120' title='bbox 324 2923 467 2984; x_wconf 87' lang='lat' dir='ltr'>Roberto</span> <span class='ocrx_word' id='word_1_121' title='bbox 483 2923 952 2999; x_wconf 86' lang='lat' dir='ltr'>clericolatorepraesentium,</span> 
     </span>
     <span class='ocr_line' id='line_1_26' title="bbox 157 3019 956 3082; baseline 0.001 -2"><span class='ocrx_word' id='word_1_122' title='bbox 157 3022 210 3081; x_wconf 87' lang='lat' dir='ltr'>cni</span> <span class='ocrx_word' id='word_1_123' title='bbox 224 3020 371 3082; x_wconf 87' lang='lat' dir='ltr'>scientiae</span> <span class='ocrx_word' id='word_1_124' title='bbox 385 3021 507 3082; x_wconf 90' lang='lat' dir='ltr'>donum</span> <span class='ocrx_word' id='word_1_125' title='bbox 522 3023 555 3082; x_wconf 91' lang='lat' dir='ltr'>et</span> <span class='ocrx_word' id='word_1_126' title='bbox 566 3021 643 3082; x_wconf 87' lang='lat' dir='ltr'>vitae</span> <span class='ocrx_word' id='word_1_127' title='bbox 661 3021 816 3081; x_wconf 88' lang='lat' dir='ltr'>meritum</span> <span class='ocrx_word' id='word_1_128' title='bbox 832 3019 956 3081; x_wconf 84' lang='lat' dir='ltr'>suffra-</span> 
     </span>
     <span class='ocr_line' id='line_1_27' title="bbox 155 3116 954 3196; baseline -0.001 -18"><span class='ocrx_word' id='word_1_129' title='bbox 155 3118 228 3194; x_wconf 88' lang='lat' dir='ltr'>gari</span> <span class='ocrx_word' id='word_1_130' title='bbox 258 3116 422 3190; x_wconf 74' lang='lat' dir='ltr'>dictantur,</span> <span class='ocrx_word' id='word_1_131' title='bbox 446 3134 561 3196; x_wconf 88' lang='lat' dir='ltr'>preces</span> <span class='ocrx_word' id='word_1_132' title='bbox 587 3117 680 3179; x_wconf 89' lang='lat' dir='ltr'>vobis</span> <span class='ocrx_word' id='word_1_133' title='bbox 710 3117 954 3194; x_wconf 83' lang='lat' dir='ltr'>porrigeremus</span> 
     </span>
     <span class='ocr_line' id='line_1_28' title="bbox 154 3215 955 3292; baseline -0.004 -14"><span class='ocrx_word' id='word_1_134' title='bbox 154 3215 373 3292; x_wconf 86' lang='lat' dir='ltr'>Apostolieas,</span> <span class='ocrx_word' id='word_1_135' title='bbox 389 3215 423 3277; x_wconf 92' lang='lat' dir='ltr'>et</span> <span class='ocrx_word' id='word_1_136' title='bbox 441 3216 644 3288; x_wconf 86' lang='lat' dir='ltr'>mandatum,</span> <span class='ocrx_word' id='word_1_137' title='bbox 673 3217 709 3276; x_wconf 90' lang='lat' dir='ltr'>ut</span> <span class='ocrx_word' id='word_1_138' title='bbox 736 3215 845 3292; x_wconf 88' lang='lat' dir='ltr'>ipsum</span> <span class='ocrx_word' id='word_1_139' title='bbox 867 3215 955 3277; x_wconf 89' lang='lat' dir='ltr'>reci-</span> 
     </span>
     <span class='ocr_line' id='line_1_29' title="bbox 131 3311 954 3390; baseline 0.001 -18"><span class='ocrx_word' id='word_1_140' title='bbox 131 3313 279 3390; x_wconf 80' lang='lat' dir='ltr'>paretis</span> <span class='ocrx_word' id='word_1_141' title='bbox 302 3314 338 3374; x_wconf 90' lang='lat' dir='ltr'>iu</span> <span class='ocrx_word' id='word_1_142' title='bbox 362 3314 560 3374; x_wconf 91' lang='lat' dir='ltr'>canonicum</span> <span class='ocrx_word' id='word_1_143' title='bbox 584 3314 672 3375; x_wconf 90' lang='lat' dir='ltr'>etin</span> <span class='ocrx_word' id='word_1_144' title='bbox 696 3312 844 3384; x_wconf 81' lang='lat' dir='ltr'>fratrem,</span> <span class='ocrx_word' id='word_1_145' title='bbox 869 3311 954 3389; x_wconf 91' lang='lat' dir='ltr'>quod</span> 
     </span>
     <span class='ocr_line' id='line_1_30' title="bbox 156 3408 956 3488; baseline 0 -19"><span class='ocrx_word' id='word_1_146' title='bbox 156 3409 265 3472; x_wconf 84' lang='lat' dir='ltr'>iacere</span> <span class='ocrx_word' id='word_1_147' title='bbox 288 3409 458 3481; x_wconf 70' lang='lat' dir='ltr'>renuistis</span> <span class='ocrx_word' id='word_1_148' title='bbox 486 3408 697 3488; x_wconf 80' lang='lat' dir='ltr'>praebendam</span> <span class='ocrx_word' id='word_1_149' title='bbox 719 3424 792 3485; x_wconf 88' lang='lat' dir='ltr'>quae</span> <span class='ocrx_word' id='word_1_150' title='bbox 807 3409 956 3485; x_wconf 91' lang='lat' dir='ltr'>postmo-</span> 
     </span>
     <span class='ocr_line' id='line_1_31' title="bbox 156 3503 957 3569; baseline -0.002 -1"><span class='ocrx_word' id='word_1_151' title='bbox 156 3507 233 3568; x_wconf 92' lang='lat' dir='ltr'>dum</span> <span class='ocrx_word' id='word_1_152' title='bbox 257 3507 291 3568; x_wconf 91' lang='lat' dir='ltr'>in</span> <span class='ocrx_word' id='word_1_153' title='bbox 312 3507 453 3569; x_wconf 88' lang='lat' dir='ltr'>ecclesia</span> <span class='ocrx_word' id='word_1_154' title='bbox 476 3508 587 3568; x_wconf 88' lang='lat' dir='ltr'>vestra</span> <span class='ocrx_word' id='word_1_155' title='bbox 608 3505 741 3567; x_wconf 87' lang='lat' dir='ltr'>vaeavit</span> <span class='ocrx_word' id='word_1_156' title='bbox 764 3504 822 3567; x_wconf 89' lang='lat' dir='ltr'>alii</span> <span class='ocrx_word' id='word_1_157' title='bbox 842 3503 957 3566; x_wconf 84' lang='lat' dir='ltr'>conie-</span> 
     </span>
     <span class='ocr_line' id='line_1_32' title="bbox 156 3601 953 3676; baseline -0.003 -12"><span class='ocrx_word' id='word_1_158' title='bbox 156 3605 285 3676; x_wconf 89' lang='lat' dir='ltr'>rentes,</span> <span class='ocrx_word' id='word_1_159' title='bbox 316 3603 402 3665; x_wconf 89' lang='lat' dir='ltr'>sicut</span> <span class='ocrx_word' id='word_1_160' title='bbox 425 3603 521 3664; x_wconf 89' lang='lat' dir='ltr'>nobis</span> <span class='ocrx_word' id='word_1_161' title='bbox 548 3603 743 3665; x_wconf 91' lang='lat' dir='ltr'>dilectorum</span> <span class='ocrx_word' id='word_1_162' title='bbox 771 3601 953 3664; x_wconf 85' lang='lat' dir='ltr'>illiorum...</span> 
     </span>
     <span class='ocr_line' id='line_1_33' title="bbox 156 3699 953 3773; baseline -0.003 -11"><span class='ocrx_word' id='word_1_163' title='bbox 156 3701 505 3773; x_wconf 71' lang='lat' dir='ltr'>decanttlresaurarii,</span> <span class='ocrx_word' id='word_1_164' title='bbox 522 3701 591 3761; x_wconf 88' lang='lat' dir='ltr'>et...</span> <span class='ocrx_word' id='word_1_165' title='bbox 607 3699 755 3772; x_wconf 83' lang='lat' dir='ltr'>official,</span> <span class='ocrx_word' id='word_1_166' title='bbox 766 3699 953 3772; x_wconf 69' lang='lat' dir='ltr'>Belvacen„</span> 
     </span>
     <span class='ocr_line' id='line_1_34' title="bbox 156 3795 956 3876; baseline 0 -18"><span class='ocrx_word' id='word_1_167' title='bbox 156 3815 238 3876; x_wconf 91' lang='lat' dir='ltr'>quos</span> <span class='ocrx_word' id='word_1_168' title='bbox 262 3799 369 3860; x_wconf 91' lang='lat' dir='ltr'>eidem</span> <span class='ocrx_word' id='word_1_169' title='bbox 384 3797 565 3859; x_wconf 87' lang='lat' dir='ltr'>monitores</span> <span class='ocrx_word' id='word_1_170' title='bbox 578 3797 817 3868; x_wconf 83' lang='lat' dir='ltr'>concessimus,</span> <span class='ocrx_word' id='word_1_171' title='bbox 836 3795 956 3858; x_wconf 89' lang='lat' dir='ltr'>relatio</span> 
     </span>
     <span class='ocr_line' id='line_1_35' title="bbox 156 3893 957 3970; baseline -0.002 -14"><span class='ocrx_word' id='word_1_172' title='bbox 156 3895 348 3957; x_wconf 87' lang='lat' dir='ltr'>declaravit.</span> <span class='ocrx_word' id='word_1_173' title='bbox 364 3895 523 3956; x_wconf 89' lang='lat' dir='ltr'>Nolentes</span> <span class='ocrx_word' id='word_1_174' title='bbox 536 3894 639 3970; x_wconf 89' lang='lat' dir='ltr'>igitur</span> <span class='ocrx_word' id='word_1_175' title='bbox 652 3893 882 3970; x_wconf 86' lang='lat' dir='ltr'>imperiectum</span> <span class='ocrx_word' id='word_1_176' title='bbox 901 3908 957 3954; x_wconf 92' lang='lat' dir='ltr'>re-</span> 
     </span>
     <span class='ocr_line' id='line_1_36' title="bbox 156 3991 954 4070; baseline -0.001 -17"><span class='ocrx_word' id='word_1_177' title='bbox 156 3994 308 4070; x_wconf 89' lang='lat' dir='ltr'>linquere</span> <span class='ocrx_word' id='word_1_178' title='bbox 328 3991 415 4070; x_wconf 92' lang='lat' dir='ltr'>quod</span> <span class='ocrx_word' id='word_1_179' title='bbox 435 3991 696 4054; x_wconf 89' lang='lat' dir='ltr'>misericorditer</span> <span class='ocrx_word' id='word_1_180' title='bbox 710 3991 954 4064; x_wconf 85' lang='lat' dir='ltr'>inchoavimus,</span> 
     </span>
     <span class='ocr_line' id='line_1_37' title="bbox 157 4088 956 4167; baseline 0 -17"><span class='ocrx_word' id='word_1_181' title='bbox 157 4090 198 4151; x_wconf 89' lang='lat' dir='ltr'>do</span> <span class='ocrx_word' id='word_1_182' title='bbox 227 4091 348 4152; x_wconf 90' lang='lat' dir='ltr'>clerico</span> <span class='ocrx_word' id='word_1_183' title='bbox 383 4091 590 4162; x_wconf 89' lang='lat' dir='ltr'>memorato,</span> <span class='ocrx_word' id='word_1_184' title='bbox 621 4105 680 4167; x_wconf 94' lang='lat' dir='ltr'>per</span> <span class='ocrx_word' id='word_1_185' title='bbox 712 4090 831 4151; x_wconf 89' lang='lat' dir='ltr'>iterata</span> <span class='ocrx_word' id='word_1_186' title='bbox 861 4088 956 4150; x_wconf 88' lang='lat' dir='ltr'>vobis</span> 
     </span>
     <span class='ocr_line' id='line_1_38' title="bbox 158 4187 955 4266; baseline -0.003 -16"><span class='ocrx_word' id='word_1_187' title='bbox 158 4189 281 4266; x_wconf 89' lang='lat' dir='ltr'>scripta</span> <span class='ocrx_word' id='word_1_188' title='bbox 306 4187 529 4265; x_wconf 89' lang='lat' dir='ltr'>praecipiendo</span> <span class='ocrx_word' id='word_1_189' title='bbox 559 4187 764 4260; x_wconf 89' lang='lat' dir='ltr'>mandamus,</span> <span class='ocrx_word' id='word_1_190' title='bbox 792 4187 955 4265; x_wconf 90' lang='lat' dir='ltr'>quatenus</span> 
     </span>
     <span class='ocr_line' id='line_1_39' title="bbox 154 4285 955 4364; baseline -0.002 -18"><span class='ocrx_word' id='word_1_191' title='bbox 154 4288 252 4364; x_wconf 81' lang='lat' dir='ltr'>juxta</span> <span class='ocrx_word' id='word_1_192' title='bbox 268 4285 367 4363; x_wconf 91' lang='lat' dir='ltr'>primi</span> <span class='ocrx_word' id='word_1_193' title='bbox 384 4285 531 4347; x_wconf 89' lang='lat' dir='ltr'>mandati</span> <span class='ocrx_word' id='word_1_194' title='bbox 546 4287 694 4347; x_wconf 89' lang='lat' dir='ltr'>tenorem</span> <span class='ocrx_word' id='word_1_195' title='bbox 705 4285 740 4345; x_wconf 89' lang='lat' dir='ltr'>in</span> <span class='ocrx_word' id='word_1_196' title='bbox 758 4285 955 4346; x_wconf 88' lang='lat' dir='ltr'>canonicum</span> 
     </span>
     <span class='ocr_line' id='line_1_40' title="bbox 156 4380 957 4459; baseline -0.002 -13"><span class='ocrx_word' id='word_1_197' title='bbox 156 4387 303 4446; x_wconf 88' lang='lat' dir='ltr'>vestrum</span> <span class='ocrx_word' id='word_1_198' title='bbox 327 4385 360 4444; x_wconf 88' lang='lat' dir='ltr'>et</span> <span class='ocrx_word' id='word_1_199' title='bbox 384 4383 519 4444; x_wconf 83' lang='lat' dir='ltr'>tratrem</span> <span class='ocrx_word' id='word_1_200' title='bbox 542 4380 713 4459; x_wconf 89' lang='lat' dir='ltr'>recipiatis</span> <span class='ocrx_word' id='word_1_201' title='bbox 731 4383 882 4444; x_wconf 90' lang='lat' dir='ltr'>eumdem</span> <span class='ocrx_word' id='word_1_202' title='bbox 899 4403 906 4458; x_wconf 90' lang='lat'><strong>;</strong></span> <span class='ocrx_word' id='word_1_203' title='bbox 924 4383 957 4444; x_wconf 91' lang='lat' dir='ltr'>et</span> 
     </span>
     <span class='ocr_line' id='line_1_41' title="bbox 156 4479 955 4559; baseline -0.004 -16"><span class='ocrx_word' id='word_1_204' title='bbox 156 4481 378 4559; x_wconf 75' lang='lat' dir='ltr'>praebendam,</span> <span class='ocrx_word' id='word_1_205' title='bbox 393 4482 422 4541; x_wconf 94' lang='lat' dir='ltr'>si</span> <span class='ocrx_word' id='word_1_206' title='bbox 437 4497 501 4558; x_wconf 91' lang='lat' dir='ltr'>qua</span> <span class='ocrx_word' id='word_1_207' title='bbox 512 4481 547 4542; x_wconf 92' lang='lat' dir='ltr'>in</span> <span class='ocrx_word' id='word_1_208' title='bbox 561 4480 700 4542; x_wconf 90' lang='lat' dir='ltr'>eeclesia</span> <span class='ocrx_word' id='word_1_209' title='bbox 712 4481 785 4557; x_wconf 86' lang='lat' dir='ltr'>ipsa</span> <span class='ocrx_word' id='word_1_210' title='bbox 801 4482 908 4553; x_wconf 88' lang='lat' dir='ltr'>vacat,</span> <span class='ocrx_word' id='word_1_211' title='bbox 924 4479 955 4541; x_wconf 94' lang='lat' dir='ltr'>ei</span> 
     </span>
     <span class='ocr_line' id='line_1_42' title="bbox 156 4577 956 4654; baseline 0 -16"><span class='ocrx_word' id='word_1_212' title='bbox 156 4578 340 4640; x_wconf 87' lang='lat' dir='ltr'>liberaliter</span> <span class='ocrx_word' id='word_1_213' title='bbox 361 4579 551 4654; x_wconf 86' lang='lat' dir='ltr'>assignetis.</span> <span class='ocrx_word' id='word_1_214' title='bbox 570 4577 719 4640; x_wconf 91' lang='lat' dir='ltr'>Soientes</span> <span class='ocrx_word' id='word_1_215' title='bbox 741 4594 801 4639; x_wconf 90' lang='lat' dir='ltr'>nos</span> <span class='ocrx_word' id='word_1_216' title='bbox 825 4577 956 4639; x_wconf 90' lang='lat' dir='ltr'>dilectis</span> 
     </span>
     <span class='ocr_line' id='line_1_43' title="bbox 158 4676 954 4752; baseline -0.001 -15"><span class='ocrx_word' id='word_1_217' title='bbox 158 4676 273 4737; x_wconf 86' lang='lat' dir='ltr'>liliis...</span> <span class='ocrx_word' id='word_1_218' title='bbox 288 4677 424 4746; x_wconf 89' lang='lat' dir='ltr'>decano,</span> <span class='ocrx_word' id='word_1_219' title='bbox 439 4677 579 4748; x_wconf 89' lang='lat' dir='ltr'>cantori,</span> <span class='ocrx_word' id='word_1_220' title='bbox 592 4677 625 4738; x_wconf 89' lang='lat' dir='ltr'>et</span> <span class='ocrx_word' id='word_1_221' title='bbox 640 4676 799 4752; x_wconf 87' lang='lat' dir='ltr'>magistro</span> <span class='ocrx_word' id='word_1_222' title='bbox 812 4679 849 4736; x_wconf 82' lang='lat' dir='ltr'>G.</span> <span class='ocrx_word' id='word_1_223' title='bbox 862 4679 954 4737; x_wconf 81' lang='lat' dir='ltr'>Gom.</span> 
     </span>
     <span class='ocr_line' id='line_1_44' title="bbox 158 4772 956 4850; baseline -0.003 -15"><span class='ocrx_word' id='word_1_224' title='bbox 158 4772 956 4850; x_wconf 85' lang='lat' dir='ltr'>canonicoRemensipernostrasdedisselitteras</span> 
     </span>
     <span class='ocr_line' id='line_1_45' title="bbox 157 4869 955 4948; baseline -0.004 -15"><span class='ocrx_word' id='word_1_225' title='bbox 157 4871 376 4940; x_wconf 74' lang='lat' dir='ltr'>inmandatiS,</span> <span class='ocrx_word' id='word_1_226' title='bbox 387 4871 423 4931; x_wconf 86' lang='lat' dir='ltr'>ut</span> <span class='ocrx_word' id='word_1_227' title='bbox 433 4869 497 4930; x_wconf 90' lang='lat' dir='ltr'>nisi</span> <span class='ocrx_word' id='word_1_228' title='bbox 511 4872 709 4934; x_wconf 87' lang='lat' dir='ltr'>curaveritis</span> <span class='ocrx_word' id='word_1_229' title='bbox 722 4871 855 4934; x_wconf 83' lang='lat' dir='ltr'>efficere</span> <span class='ocrx_word' id='word_1_230' title='bbox 870 4869 955 4948; x_wconf 92' lang='lat' dir='ltr'>quod</span> 
     </span>
     <span class='ocr_line' id='line_1_46' title="bbox 157 4966 956 5046; baseline -0.005 -14"><span class='ocrx_word' id='word_1_231' title='bbox 157 4969 399 5038; x_wconf 88' lang='lat' dir='ltr'>mandavimus,</span> <span class='ocrx_word' id='word_1_232' title='bbox 425 4966 487 5044; x_wconf 92' lang='lat' dir='ltr'>ipsi</span> <span class='ocrx_word' id='word_1_233' title='bbox 513 4983 572 5028; x_wconf 89' lang='lat' dir='ltr'>vos</span> <span class='ocrx_word' id='word_1_234' title='bbox 592 4968 633 5029; x_wconf 89' lang='lat' dir='ltr'>ad</span> <span class='ocrx_word' id='word_1_235' title='bbox 653 4969 685 5029; x_wconf 91' lang='lat' dir='ltr'>id</span> <span class='ocrx_word' id='word_1_236' title='bbox 708 4983 956 5046; x_wconf 86' lang='lat' dir='ltr'>percensuram</span> 
     </span>
     <span class='ocr_line' id='line_1_47' title="bbox 158 5064 955 5142; baseline -0.005 -12"><span class='ocrx_word' id='word_1_237' title='bbox 158 5065 417 5130; x_wconf 87' lang='lat' dir='ltr'>ecclesiasticam</span> <span class='ocrx_word' id='word_1_238' title='bbox 431 5064 652 5142; x_wconf 88' lang='lat' dir='ltr'>appellatione</span> <span class='ocrx_word' id='word_1_239' title='bbox 663 5067 791 5127; x_wconf 90' lang='lat' dir='ltr'>remota</span> <span class='ocrx_word' id='word_1_240' title='bbox 806 5065 955 5141; x_wconf 91' lang='lat' dir='ltr'>compel-</span> 
     </span>
     <span class='ocr_line' id='line_1_48' title="bbox 157 5149 959 5240; baseline -0.005 -12"><span class='ocrx_word' id='word_1_241' title='bbox 157 5167 243 5234; x_wconf 88' lang='lat' dir='ltr'>lant,</span> <span class='ocrx_word' id='word_1_242' title='bbox 264 5164 329 5225; x_wconf 88' lang='lat' dir='ltr'>nisi</span> <span class='ocrx_word' id='word_1_243' title='bbox 353 5162 479 5240; x_wconf 90' lang='lat' dir='ltr'>aliquid</span> <span class='ocrx_word' id='word_1_244' title='bbox 500 5162 664 5239; x_wconf 90' lang='lat' dir='ltr'>objectum</span> <span class='ocrx_word' id='word_1_245' title='bbox 679 5149 781 5224; x_wconf 80' lang='lat' dir='ltr'>luerit</span> <span class='ocrx_word' id='word_1_246' title='bbox 798 5163 830 5224; x_wconf 90' lang='lat' dir='ltr'>et</span> <span class='ocrx_word' id='word_1_247' title='bbox 845 5165 959 5225; x_wconf 89' lang='lat' dir='ltr'>osten-</span> 
     </span>
     <span class='ocr_line' id='line_1_49' title="bbox 159 5258 956 5338; baseline -0.004 -14"><span class='ocrx_word' id='word_1_248' title='bbox 159 5281 242 5335; x_wconf 88' lang='lat' dir='ltr'>sum,</span> <span class='ocrx_word' id='word_1_249' title='bbox 268 5258 510 5338; x_wconf 90' lang='lat' dir='ltr'>propterquod</span> <span class='ocrx_word' id='word_1_250' title='bbox 537 5258 570 5319; x_wconf 91' lang='lat' dir='ltr'>id</span> <span class='ocrx_word' id='word_1_251' title='bbox 592 5275 659 5320; x_wconf 91' lang='lat' dir='ltr'>non</span> <span class='ocrx_word' id='word_1_252' title='bbox 685 5259 789 5336; x_wconf 87' lang='lat' dir='ltr'>possit</span> <span class='ocrx_word' id='word_1_253' title='bbox 812 5260 865 5322; x_wconf 90' lang='lat' dir='ltr'>vel</span> <span class='ocrx_word' id='word_1_254' title='bbox 890 5277 956 5321; x_wconf 91' lang='lat' dir='ltr'>non</span> 
     </span>
     <span class='ocr_line' id='line_1_50' title="bbox 158 5355 957 5434; baseline -0.005 -12"><span class='ocrx_word' id='word_1_255' title='bbox 158 5361 276 5424; x_wconf 90' lang='lat' dir='ltr'>debeat</span> <span class='ocrx_word' id='word_1_256' title='bbox 289 5357 474 5434; x_wconf 90' lang='lat' dir='ltr'>adimpleri.</span> <span class='ocrx_word' id='word_1_257' title='bbox 489 5358 606 5418; x_wconf 91' lang='lat' dir='ltr'>Datum</span> <span class='ocrx_word' id='word_1_258' title='bbox 618 5355 789 5418; x_wconf 80' lang='lat' dir='ltr'>Ferentini</span> <span class='ocrx_word' id='word_1_259' title='bbox 804 5357 957 5419; x_wconf 86' lang='lat' dir='ltr'>kalendis</span> 
     </span>
     <span class='ocr_line' id='line_1_51' title="bbox 159 5453 630 5537; baseline -0.008 -17"><span class='ocrx_word' id='word_1_260' title='bbox 159 5456 355 5537; x_wconf 88' lang='lat' dir='ltr'>septembris</span> <span class='ocrx_word' id='word_1_261' title='bbox 370 5471 459 5518; x_wconf 91' lang='lat' dir='ltr'>anno</span> <span class='ocrx_word' id='word_1_262' title='bbox 474 5453 630 5517; x_wconf 88' lang='lat' dir='ltr'>seeundo.</span> 
     </span>
    </p>
   </div>
   <div class='ocr_carea' id='block_1_8' title="bbox 200 5649 956 5728">
    <p class='ocr_par' dir='ltr' id='par_1_9' title="bbox 200 5649 956 5728">
     <span class='ocr_line' id='line_1_52' title="bbox 200 5649 956 5728; baseline -0.004 -13"><span class='ocrx_word' id='word_1_263' title='bbox 200 5655 235 5716; x_wconf 93' lang='lat' dir='ltr'>ln</span> <span class='ocrx_word' id='word_1_264' title='bbox 251 5653 401 5715; x_wconf 90' lang='lat' dir='ltr'>eumdem</span> <span class='ocrx_word' id='word_1_265' title='bbox 417 5651 486 5714; x_wconf 87' lang='lat' dir='ltr'>sere</span> <span class='ocrx_word' id='word_1_266' title='bbox 499 5649 631 5714; x_wconf 88' lang='lat' dir='ltr'>modum</span> <span class='ocrx_word' id='word_1_267' title='bbox 651 5649 876 5728; x_wconf 88' lang='lat' dir='ltr'>scriptumest</span> <span class='ocrx_word' id='word_1_268' title='bbox 895 5665 956 5712; x_wconf 90' lang='lat' dir='ltr'>su·</span> 
     </span>
    </p>
   </div>
   <div class='ocr_carea' id='block_1_9' title="bbox 782 327 1177 402">
    <p class='ocr_par' dir='ltr' id='par_1_10' title="bbox 782 327 1177 402">
     <span class='ocr_line' id='line_1_53' title="bbox 782 327 1177 402; baseline -0.003 -12"><span class='ocrx_word' id='word_1_269' title='bbox 782 327 1011 392; x_wconf 75' lang='lat' dir='ltr'>srisTOLAE.</span> <span class='ocrx_word' id='word_1_270' title='bbox 1035 327 1113 402; x_wconf 80' lang='lat' dir='ltr'>Lis.</span> <span class='ocrx_word' id='word_1_271' title='bbox 1136 331 1177 392; x_wconf 93' lang='grc' dir='ltr'>ΙΙ.</span> 
     </span>
    </p>
   </div>
   <div class='ocr_carea' id='block_1_10' title="bbox 1007 488 1805 762">
    <p class='ocr_par' dir='ltr' id='par_1_11' title="bbox 1007 488 1805 762">
     <span class='ocr_line' id='line_1_54' title="bbox 1008 488 1805 568; baseline 0.005 -18"><span class='ocrx_word' id='word_1_272' title='bbox 1008 505 1068 566; x_wconf 93' lang='lat' dir='ltr'>per</span> <span class='ocrx_word' id='word_1_273' title='bbox 1080 490 1143 552; x_wconf 86' lang='lat' dir='ltr'>lroe</span> <span class='ocrx_word' id='word_1_274' title='bbox 1158 488 1283 554; x_wconf 88' lang='lat' dir='ltr'>eisdem</span> <span class='ocrx_word' id='word_1_275' title='bbox 1299 489 1532 554; x_wconf 80' lang='lat' dir='ltr'>executoribus</span> <span class='ocrx_word' id='word_1_276' title='bbox 1547 490 1657 554; x_wconf 89' lang='lat' dir='ltr'>verbis</span> <span class='ocrx_word' id='word_1_277' title='bbox 1670 505 1805 568; x_wconf 89' lang='lat' dir='ltr'>compe-</span> 
     </span>
     <span class='ocr_line' id='line_1_55' title="bbox 1007 587 1805 661; baseline 0.001 -13"><span class='ocrx_word' id='word_1_278' title='bbox 1007 587 1116 649; x_wconf 90' lang='lat' dir='ltr'>tenter</span> <span class='ocrx_word' id='word_1_279' title='bbox 1130 587 1277 649; x_wconf 88' lang='lat' dir='ltr'>mutatis.</span> <span class='ocrx_word' id='word_1_280' title='bbox 1293 587 1383 660; x_wconf 89' lang='lat' dir='ltr'>Quod</span> <span class='ocrx_word' id='word_1_281' title='bbox 1399 588 1428 648; x_wconf 91' lang='lat' dir='ltr'>si</span> <span class='ocrx_word' id='word_1_282' title='bbox 1443 603 1509 649; x_wconf 90' lang='lat' dir='ltr'>non</span> <span class='ocrx_word' id='word_1_283' title='bbox 1518 603 1632 650; x_wconf 87' lang='lat' dir='ltr'>omnes</span> <span class='ocrx_word' id='word_1_284' title='bbox 1644 589 1720 661; x_wconf 71' lang='lat' dir='ltr'>etc„</span> <span class='ocrx_word' id='word_1_285' title='bbox 1733 592 1805 650; x_wconf 88' lang='lat' dir='ltr'>Duo</span> 
     </span>
     <span class='ocr_line' id='line_1_56' title="bbox 1007 687 1565 762; baseline 0.004 -18"><span class='ocrx_word' id='word_1_286' title='bbox 1007 691 1166 760; x_wconf 87' lang='lat' dir='ltr'>vestrum,</span> <span class='ocrx_word' id='word_1_287' title='bbox 1181 687 1257 758; x_wconf 82' lang='lat' dir='ltr'>etc,</span> <span class='ocrx_word' id='word_1_288' title='bbox 1272 687 1389 747; x_wconf 87' lang='lat' dir='ltr'>Datum</span> <span class='ocrx_word' id='word_1_289' title='bbox 1403 687 1439 746; x_wconf 88' lang='lat' dir='ltr'>ul</span> <span class='ocrx_word' id='word_1_290' title='bbox 1453 700 1565 762; x_wconf 89' lang='lat' dir='ltr'>supra.</span> 
     </span>
    </p>
   </div>
   <div class='ocr_carea' id='block_1_11' title="bbox 1352 847 1459 934">
    <p class='ocr_par' dir='ltr' id='par_1_12' title="bbox 1352 847 1459 934">
     <span class='ocr_line' id='line_1_57' title="bbox 1352 847 1459 934; baseline -0.019 0"><span class='ocrx_word' id='word_1_291' title='bbox 1352 847 1459 934; x_wconf 88' lang='lat' dir='ltr'>XXV</span> 
     </span>
    </p>
   </div>
   <div class='ocr_carea' id='block_1_12' title="bbox 1047 990 1768 1163">
    <p class='ocr_par' dir='ltr' id='par_1_13' title="bbox 1047 990 1768 1163">
     <span class='ocr_line' id='line_1_58' title="bbox 1047 990 1768 1054; baseline 0.006 -4"><span class='ocrx_word' id='word_1_292' title='bbox 1047 991 1099 1050; x_wconf 85' lang='lat' dir='ltr'>Ad</span> <span class='ocrx_word' id='word_1_293' title='bbox 1114 991 1264 1052; x_wconf 67' lang='lat' dir='ltr'>Ulmonm</span> <span class='ocrx_word' id='word_1_294' title='bbox 1278 990 1526 1052; x_wconf 72' lang='lat' dir='ltr'>pataviensem</span> <span class='ocrx_word' id='word_1_295' title='bbox 1538 990 1572 1052; x_wconf 85' lang='lat' dir='ltr'>et</span> <span class='ocrx_word' id='word_1_296' title='bbox 1581 991 1768 1054; x_wconf 78' lang='lat' dir='ltr'>robertum</span> 
     </span>
     <span class='ocr_line' id='line_1_59' title="bbox 1181 1088 1677 1163; baseline 0.006 -15"><span class='ocrx_word' id='word_1_297' title='bbox 1181 1088 1432 1150; x_wconf 80' lang='lat' dir='ltr'>olomucensem</span> <span class='ocrx_word' id='word_1_298' title='bbox 1448 1091 1631 1163; x_wconf 79' lang='lat' dir='ltr'>episcopos.</span> <span class='ocrx_word' id='word_1_299' title='bbox 1673 1101 1677 1116; x_wconf 76' lang='grc'><strong>“</strong></span> 
     </span>
    </p>
   </div>
   <div class='ocr_carea' id='block_1_13' title="bbox 1070 1211 1745 1382">
    <p class='ocr_par' dir='ltr' id='par_1_14' title="bbox 1070 1211 1745 1382">
     <span class='ocr_line' id='line_1_60' title="bbox 1305 1211 1509 1281; baseline 0.005 -14"><span class='ocrx_word' id='word_1_300' title='bbox 1305 1211 1410 1281; x_wconf 88' lang='lat' dir='ltr'>lsept.</span> <span class='ocrx_word' id='word_1_301' title='bbox 1431 1211 1509 1268; x_wconf 77' lang='lat' dir='ltr'>latr.</span> 
     </span>
     <span class='ocr_line' id='line_1_61' title="bbox 1070 1313 1745 1382; baseline 0.004 -17"><span class='ocrx_word' id='word_1_302' title='bbox 1070 1313 1187 1379; x_wconf 62' lang='lat' dir='ltr'>[eornm</span> <span class='ocrx_word' id='word_1_303' title='bbox 1198 1315 1260 1367; x_wconf 86' lang='lat' dir='ltr'>Cod.</span> <span class='ocrx_word' id='word_1_304' title='bbox 1273 1315 1408 1380; x_wconf 83' lang='lat' dir='ltr'>diplomat.</span> <span class='ocrx_word' id='word_1_305' title='bbox 1424 1315 1552 1380; x_wconf 72' lang='lat' dir='ltr'>licronis,</span> <span class='ocrx_word' id='word_1_306' title='bbox 1562 1317 1594 1378; x_wconf 90' lang='grc' dir='ltr'>ΙΙ,</span> <span class='ocrx_word' id='word_1_307' title='bbox 1605 1317 1645 1380; x_wconf 74' lang='lat' dir='ltr'>di,</span> <span class='ocrx_word' id='word_1_308' title='bbox 1656 1332 1682 1369; x_wconf 88' lang='lat' dir='ltr'>n.</span> <span class='ocrx_word' id='word_1_309' title='bbox 1693 1318 1745 1382; x_wconf 80' lang='lat' dir='ltr'>se]</span> 
     </span>
    </p>
   </div>
   <div class='ocr_carea' id='block_1_14' title="bbox 1008 1423 1807 1586">
    <p class='ocr_par' dir='ltr' id='par_1_15' title="bbox 1008 1423 1807 1586">
     <span class='ocr_line' id='line_1_62' title="bbox 1008 1423 1807 1495; baseline 0.004 -16"><span class='ocrx_word' id='word_1_310' title='bbox 1008 1423 1066 1480; x_wconf 90' lang='lat' dir='ltr'>llos</span> <span class='ocrx_word' id='word_1_311' title='bbox 1078 1423 1229 1495; x_wconf 86' lang='lat' dir='ltr'>episcopos</span> <span class='ocrx_word' id='word_1_312' title='bbox 1238 1423 1384 1481; x_wconf 89' lang='lat' dir='ltr'>constituit</span> <span class='ocrx_word' id='word_1_313' title='bbox 1395 1429 1503 1481; x_wconf 86' lang='lat' dir='ltr'>tutores</span> <span class='ocrx_word' id='word_1_314' title='bbox 1515 1425 1623 1494; x_wconf 89' lang='lat' dir='ltr'>uxoris,</span> <span class='ocrx_word' id='word_1_315' title='bbox 1644 1433 1673 1483; x_wconf 92' lang='lat' dir='ltr'>et</span> <span class='ocrx_word' id='word_1_316' title='bbox 1685 1423 1807 1482; x_wconf 83' lang='lat' dir='ltr'>filiorum</span> 
     </span>
     <span class='ocr_line' id='line_1_63' title="bbox 1114 1510 1687 1586; baseline 0.005 -19"><span class='ocrx_word' id='word_1_317' title='bbox 1114 1510 1250 1583; x_wconf 81' lang='lat' dir='ltr'>leopoldi</span> <span class='ocrx_word' id='word_1_318' title='bbox 1260 1510 1340 1569; x_wconf 89' lang='lat' dir='ltr'>ducis</span> <span class='ocrx_word' id='word_1_319' title='bbox 1351 1513 1472 1570; x_wconf 77' lang='lat' dir='ltr'>Austriae</span> <span class='ocrx_word' id='word_1_320' title='bbox 1485 1513 1687 1586; x_wconf 87' lang='lat' dir='ltr'>crucesignati.</span> 
     </span>
    </p>
   </div>
   <div class='ocr_carea' id='block_1_15' title="bbox 1007 1629 1811 4024">
    <p class='ocr_par' dir='ltr' id='par_1_16' title="bbox 1007 1629 1808 2091">
     <span class='ocr_line' id='line_1_64' title="bbox 1047 1629 1805 1708; baseline 0.004 -20"><span class='ocrx_word' id='word_1_321' title='bbox 1047 1629 1214 1690; x_wconf 89' lang='lat' dir='ltr'>Honorius</span> <span class='ocrx_word' id='word_1_322' title='bbox 1229 1629 1533 1708; x_wconf 88' lang='lat' dir='ltr'>episcopusservus</span> <span class='ocrx_word' id='word_1_323' title='bbox 1548 1646 1719 1692; x_wconf 86' lang='lat' dir='ltr'>servorum</span> <span class='ocrx_word' id='word_1_324' title='bbox 1735 1629 1805 1702; x_wconf 90' lang='lat' dir='ltr'>Dei,</span> 
     </span>
     <span class='ocr_line' id='line_1_65' title="bbox 1007 1724 1805 1799; baseline 0.001 -12"><span class='ocrx_word' id='word_1_325' title='bbox 1007 1724 1252 1788; x_wconf 87' lang='lat' dir='ltr'>venerabilibus</span> <span class='ocrx_word' id='word_1_326' title='bbox 1293 1726 1462 1799; x_wconf 85' lang='lat' dir='ltr'>iratribus,</span> <span class='ocrx_word' id='word_1_327' title='bbox 1502 1728 1693 1790; x_wconf 78' lang='lat' dir='ltr'>pataviensi</span> <span class='ocrx_word' id='word_1_328' title='bbox 1723 1728 1805 1789; x_wconf 80' lang='lat' dir='ltr'>et...</span> 
     </span>
     <span class='ocr_line' id='line_1_66' title="bbox 1008 1823 1808 1902; baseline 0 -18"><span class='ocrx_word' id='word_1_329' title='bbox 1008 1823 1216 1885; x_wconf 90' lang='lat' dir='ltr'>Olomucensi</span> <span class='ocrx_word' id='word_1_330' title='bbox 1225 1823 1389 1902; x_wconf 86' lang='lat' dir='ltr'>episcopis</span> <span class='ocrx_word' id='word_1_331' title='bbox 1401 1826 1434 1887; x_wconf 92' lang='lat' dir='ltr'>et</span> <span class='ocrx_word' id='word_1_332' title='bbox 1446 1825 1565 1888; x_wconf 89' lang='lat' dir='ltr'>dilecto</span> <span class='ocrx_word' id='word_1_333' title='bbox 1577 1825 1683 1887; x_wconf 88' lang='lat' dir='ltr'>lilio...</span> <span class='ocrx_word' id='word_1_334' title='bbox 1697 1823 1808 1886; x_wconf 88' lang='lat' dir='ltr'>abbati</span> 
     </span>
     <span class='ocr_line' id='line_1_67' title="bbox 1008 1920 1808 1997; baseline 0.001 -17"><span class='ocrx_word' id='word_1_335' title='bbox 1008 1920 1131 1982; x_wconf 88' lang='lat' dir='ltr'>sanctae</span> <span class='ocrx_word' id='word_1_336' title='bbox 1144 1923 1253 1984; x_wconf 87' lang='lat' dir='ltr'>erucis</span> <span class='ocrx_word' id='word_1_337' title='bbox 1269 1922 1478 1984; x_wconf 77' lang='lat' dir='ltr'>pataviensis</span> <span class='ocrx_word' id='word_1_338' title='bbox 1489 1923 1654 1997; x_wconf 88' lang='lat' dir='ltr'>dioecesis,</span> <span class='ocrx_word' id='word_1_339' title='bbox 1667 1922 1808 1985; x_wconf 90' lang='lat' dir='ltr'>salutem</span> 
     </span>
     <span class='ocr_line' id='line_1_68' title="bbox 1008 2015 1558 2091; baseline 0.004 -15"><span class='ocrx_word' id='word_1_340' title='bbox 1008 2017 1040 2078; x_wconf 93' lang='lat' dir='ltr'>et</span> <span class='ocrx_word' id='word_1_341' title='bbox 1052 2017 1268 2091; x_wconf 88' lang='lat' dir='ltr'>apostolicam</span> <span class='ocrx_word' id='word_1_342' title='bbox 1283 2015 1558 2080; x_wconf 88' lang='lat' dir='ltr'>benedictionem.</span> 
     </span>
    </p>

    <p class='ocr_par' dir='ltr' id='par_1_17' title="bbox 1008 2113 1811 4024">
     <span class='ocr_line' id='line_1_69' title="bbox 1048 2113 1809 2188; baseline 0.001 -16"><span class='ocrx_word' id='word_1_343' title='bbox 1048 2114 1153 2184; x_wconf 88' lang='lat' dir='ltr'>Quum</span> <span class='ocrx_word' id='word_1_344' title='bbox 1167 2113 1307 2176; x_wconf 91' lang='lat' dir='ltr'>dilectus</span> <span class='ocrx_word' id='word_1_345' title='bbox 1321 2115 1411 2175; x_wconf 84' lang='lat' dir='ltr'>illius</span> <span class='ocrx_word' id='word_1_346' title='bbox 1426 2115 1547 2176; x_wconf 90' lang='lat' dir='ltr'>nobilis</span> <span class='ocrx_word' id='word_1_347' title='bbox 1559 2115 1622 2188; x_wconf 88' lang='lat' dir='ltr'>vir,</span> <span class='ocrx_word' id='word_1_348' title='bbox 1637 2114 1706 2174; x_wconf 82' lang='lat' dir='ltr'>dux</span> <span class='ocrx_word' id='word_1_349' title='bbox 1720 2116 1809 2174; x_wconf 82' lang='lat' dir='ltr'>Aus-</span> 
     </span>
     <span class='ocr_line' id='line_1_70' title="bbox 1008 2209 1806 2290; baseline -0.001 -19"><span class='ocrx_word' id='word_1_350' title='bbox 1008 2209 1118 2271; x_wconf 86' lang='lat' dir='ltr'>triae...</span> <span class='ocrx_word' id='word_1_351' title='bbox 1146 2212 1316 2290; x_wconf 90' lang='lat' dir='ltr'>assumpto</span> <span class='ocrx_word' id='word_1_352' title='bbox 1345 2214 1468 2274; x_wconf 85' lang='lat' dir='ltr'>sanetae</span> <span class='ocrx_word' id='word_1_353' title='bbox 1494 2213 1603 2274; x_wconf 89' lang='lat' dir='ltr'>crucis</span> <span class='ocrx_word' id='word_1_354' title='bbox 1632 2209 1806 2288; x_wconf 89' lang='lat' dir='ltr'>signaculo</span> 
     </span>
     <span class='ocr_line' id='line_1_71' title="bbox 1008 2308 1808 2388; baseline 0.001 -20"><span class='ocrx_word' id='word_1_355' title='bbox 1008 2308 1183 2384; x_wconf 82' lang='lat' dir='ltr'>magnifice</span> <span class='ocrx_word' id='word_1_356' title='bbox 1191 2309 1255 2370; x_wconf 91' lang='lat' dir='ltr'>iter</span> <span class='ocrx_word' id='word_1_357' title='bbox 1264 2310 1491 2388; x_wconf 90' lang='lat' dir='ltr'>arripueritad</span> <span class='ocrx_word' id='word_1_358' title='bbox 1503 2309 1687 2370; x_wconf 90' lang='lat' dir='ltr'>subsidium</span> <span class='ocrx_word' id='word_1_359' title='bbox 1695 2311 1808 2369; x_wconf 88' lang='lat' dir='ltr'>Terrae</span> 
     </span>
     <span class='ocr_line' id='line_1_72' title="bbox 1009 2405 1808 2484; baseline 0.001 -18"><span class='ocrx_word' id='word_1_360' title='bbox 1009 2407 1150 2479; x_wconf 86' lang='lat' dir='ltr'>Sanctae,</span> <span class='ocrx_word' id='word_1_361' title='bbox 1174 2421 1235 2468; x_wconf 90' lang='lat' dir='ltr'>nos</span> <span class='ocrx_word' id='word_1_362' title='bbox 1257 2408 1327 2467; x_wconf 91' lang='lat' dir='ltr'>suis</span> <span class='ocrx_word' id='word_1_363' title='bbox 1337 2407 1439 2484; x_wconf 81' lang='lat' dir='ltr'>Justis</span> <span class='ocrx_word' id='word_1_364' title='bbox 1458 2406 1738 2484; x_wconf 88' lang='lat' dir='ltr'>postulationibus</span> <span class='ocrx_word' id='word_1_365' title='bbox 1753 2405 1808 2467; x_wconf 88' lang='lat' dir='ltr'>in-</span> 
     </span>
     <span class='ocr_line' id='line_1_73' title="bbox 1008 2501 1807 2579; baseline 0 -17"><span class='ocrx_word' id='word_1_366' title='bbox 1008 2502 1123 2564; x_wconf 90' lang='lat' dir='ltr'>clinati</span> <span class='ocrx_word' id='word_1_367' title='bbox 1147 2518 1324 2579; x_wconf 89' lang='lat' dir='ltr'>personam</span> <span class='ocrx_word' id='word_1_368' title='bbox 1342 2520 1437 2564; x_wconf 90' lang='lat' dir='ltr'>suam</span> <span class='ocrx_word' id='word_1_369' title='bbox 1461 2519 1572 2564; x_wconf 90' lang='lat' dir='ltr'>cum...</span> <span class='ocrx_word' id='word_1_370' title='bbox 1586 2518 1702 2573; x_wconf 81' lang='lat' dir='ltr'>uxore,</span> <span class='ocrx_word' id='word_1_371' title='bbox 1717 2501 1807 2571; x_wconf 88' lang='lat' dir='ltr'>liliis,</span> 
     </span>
     <span class='ocr_line' id='line_1_74' title="bbox 1008 2597 1809 2677; baseline -0.001 -18"><span class='ocrx_word' id='word_1_372' title='bbox 1008 2600 1098 2660; x_wconf 90' lang='lat' dir='ltr'>terra</span> <span class='ocrx_word' id='word_1_373' title='bbox 1113 2599 1331 2677; x_wconf 90' lang='lat' dir='ltr'>omnibusque</span> <span class='ocrx_word' id='word_1_374' title='bbox 1342 2599 1439 2660; x_wconf 91' lang='lat' dir='ltr'>bonis</span> <span class='ocrx_word' id='word_1_375' title='bbox 1453 2601 1522 2660; x_wconf 88' lang='lat' dir='ltr'>suis</span> <span class='ocrx_word' id='word_1_376' title='bbox 1538 2599 1598 2660; x_wconf 92' lang='lat' dir='ltr'>sub</span> <span class='ocrx_word' id='word_1_377' title='bbox 1612 2598 1702 2660; x_wconf 90' lang='lat' dir='ltr'>beati</span> <span class='ocrx_word' id='word_1_378' title='bbox 1717 2597 1809 2659; x_wconf 87' lang='lat' dir='ltr'>Petri</span> 
     </span>
     <span class='ocr_line' id='line_1_75' title="bbox 1009 2696 1806 2775; baseline -0.001 -19"><span class='ocrx_word' id='word_1_379' title='bbox 1009 2696 1370 2775; x_wconf 88' lang='lat' dir='ltr'>etnostraprotectione</span> <span class='ocrx_word' id='word_1_380' title='bbox 1378 2698 1596 2774; x_wconf 88' lang='lat' dir='ltr'>suscepimus.</span> <span class='ocrx_word' id='word_1_381' title='bbox 1606 2697 1806 2768; x_wconf 77' lang='lat' dir='ltr'>StatuerrteS,</span> 
     </span>
     <span class='ocr_line' id='line_1_76' title="bbox 1010 2792 1809 2872; baseline -0.003 -19"><span class='ocrx_word' id='word_1_382' title='bbox 1010 2793 1045 2854; x_wconf 89' lang='lat' dir='ltr'>ut</span> <span class='ocrx_word' id='word_1_383' title='bbox 1064 2809 1103 2854; x_wconf 86' lang='lat' dir='ltr'>ea</span> <span class='ocrx_word' id='word_1_384' title='bbox 1130 2793 1240 2855; x_wconf 90' lang='lat' dir='ltr'>omnia</span> <span class='ocrx_word' id='word_1_385' title='bbox 1260 2794 1321 2855; x_wconf 87' lang='lat' dir='ltr'>sub</span> <span class='ocrx_word' id='word_1_386' title='bbox 1343 2793 1481 2872; x_wconf 87' lang='lat' dir='ltr'>speciali</span> <span class='ocrx_word' id='word_1_387' title='bbox 1500 2792 1809 2870; x_wconf 78' lang='lat' dir='ltr'>apostolicaesedis</span> 
     </span>
     <span class='ocr_line' id='line_1_77' title="bbox 1009 2889 1810 2967; baseline -0.001 -17"><span class='ocrx_word' id='word_1_388' title='bbox 1009 2890 1261 2967; x_wconf 89' lang='lat' dir='ltr'>protectioneac</span> <span class='ocrx_word' id='word_1_389' title='bbox 1269 2891 1460 2952; x_wconf 84' lang='lat' dir='ltr'>defensione</span> <span class='ocrx_word' id='word_1_390' title='bbox 1470 2889 1810 2952; x_wconf 87' lang='lat' dir='ltr'>consistantdonecde</span> 
     </span>
     <span class='ocr_line' id='line_1_78' title="bbox 1008 2987 1807 3064; baseline -0.001 -16"><span class='ocrx_word' id='word_1_391' title='bbox 1008 2987 1117 3049; x_wconf 89' lang='lat' dir='ltr'>reditu</span> <span class='ocrx_word' id='word_1_392' title='bbox 1132 3004 1192 3051; x_wconf 90' lang='lat' dir='ltr'>suo</span> <span class='ocrx_word' id='word_1_393' title='bbox 1204 2989 1257 3050; x_wconf 94' lang='lat' dir='ltr'>vel</span> <span class='ocrx_word' id='word_1_394' title='bbox 1274 2987 1367 3050; x_wconf 91' lang='lat' dir='ltr'>obitu</span> <span class='ocrx_word' id='word_1_395' title='bbox 1379 2988 1565 3050; x_wconf 88' lang='lat' dir='ltr'>certissime</span> <span class='ocrx_word' id='word_1_396' title='bbox 1578 2988 1807 3064; x_wconf 87' lang='lat' dir='ltr'>cognoscatur.</span> 
     </span>
     <span class='ocr_line' id='line_1_79' title="bbox 1010 3083 1810 3162; baseline 0.001 -18"><span class='ocrx_word' id='word_1_397' title='bbox 1010 3084 1152 3162; x_wconf 85' lang='lat' dir='ltr'>Ideoque</span> <span class='ocrx_word' id='word_1_398' title='bbox 1177 3083 1371 3146; x_wconf 90' lang='lat' dir='ltr'>discretioni</span> <span class='ocrx_word' id='word_1_399' title='bbox 1400 3086 1520 3148; x_wconf 86' lang='lat' dir='ltr'>vestrae</span> <span class='ocrx_word' id='word_1_400' title='bbox 1544 3100 1604 3162; x_wconf 92' lang='lat' dir='ltr'>per</span> <span class='ocrx_word' id='word_1_401' title='bbox 1621 3083 1810 3162; x_wconf 81' lang='lat' dir='ltr'>Apostolica</span> 
     </span>
     <span class='ocr_line' id='line_1_80' title="bbox 1009 3181 1810 3260; baseline -0.004 -16"><span class='ocrx_word' id='word_1_402' title='bbox 1009 3182 1132 3260; x_wconf 84' lang='lat' dir='ltr'>scripta</span> <span class='ocrx_word' id='word_1_403' title='bbox 1152 3182 1358 3255; x_wconf 89' lang='lat' dir='ltr'>mandamus,</span> <span class='ocrx_word' id='word_1_404' title='bbox 1375 3182 1539 3260; x_wconf 91' lang='lat' dir='ltr'>quatenus</span> <span class='ocrx_word' id='word_1_405' title='bbox 1555 3199 1704 3254; x_wconf 84' lang='lat' dir='ltr'>uxorem,</span> <span class='ocrx_word' id='word_1_406' title='bbox 1722 3181 1810 3242; x_wconf 85' lang='lat' dir='ltr'>illios</span> 
     </span>
     <span class='ocr_line' id='line_1_81' title="bbox 1009 3278 1811 3358; baseline 0 -18"><span class='ocrx_word' id='word_1_407' title='bbox 1009 3282 1042 3342; x_wconf 90' lang='lat' dir='ltr'>et</span> <span class='ocrx_word' id='word_1_408' title='bbox 1053 3281 1176 3341; x_wconf 90' lang='lat' dir='ltr'>terram</span> <span class='ocrx_word' id='word_1_409' title='bbox 1200 3283 1272 3358; x_wconf 90' lang='lat' dir='ltr'>ejus</span> <span class='ocrx_word' id='word_1_410' title='bbox 1292 3296 1359 3341; x_wconf 92' lang='lat' dir='ltr'>non</span> <span class='ocrx_word' id='word_1_411' title='bbox 1370 3280 1568 3356; x_wconf 89' lang='lat' dir='ltr'>permittatis</span> <span class='ocrx_word' id='word_1_412' title='bbox 1587 3278 1629 3341; x_wconf 87' lang='lat' dir='ltr'>ab</span> <span class='ocrx_word' id='word_1_413' title='bbox 1644 3279 1811 3357; x_wconf 85' lang='lat' dir='ltr'>aliquibus</span> 
     </span>
     <span class='ocr_line' id='line_1_82' title="bbox 1009 3376 1811 3454; baseline -0.002 -16"><span class='ocrx_word' id='word_1_414' title='bbox 1009 3377 1191 3449; x_wconf 88' lang='lat' dir='ltr'>molestari,</span> <span class='ocrx_word' id='word_1_415' title='bbox 1204 3377 1433 3439; x_wconf 89' lang='lat' dir='ltr'>molestatores</span> <span class='ocrx_word' id='word_1_416' title='bbox 1440 3376 1617 3452; x_wconf 90' lang='lat' dir='ltr'>indebitos,</span> <span class='ocrx_word' id='word_1_417' title='bbox 1634 3377 1663 3438; x_wconf 87' lang='lat' dir='ltr'>si</span> <span class='ocrx_word' id='word_1_418' title='bbox 1676 3377 1733 3454; x_wconf 94' lang='lat' dir='ltr'>qui</span> <span class='ocrx_word' id='word_1_419' title='bbox 1743 3377 1811 3437; x_wconf 86' lang='lat' dir='ltr'>lue·</span> 
     </span>
     <span class='ocr_line' id='line_1_83' title="bbox 1009 3473 1810 3551; baseline -0.001 -16"><span class='ocrx_word' id='word_1_420' title='bbox 1009 3475 1087 3546; x_wconf 89' lang='lat' dir='ltr'>rint,</span> <span class='ocrx_word' id='word_1_421' title='bbox 1103 3489 1164 3551; x_wconf 91' lang='lat' dir='ltr'>per</span> <span class='ocrx_word' id='word_1_422' title='bbox 1186 3489 1363 3536; x_wconf 89' lang='lat' dir='ltr'>censuram</span> <span class='ocrx_word' id='word_1_423' title='bbox 1383 3473 1643 3536; x_wconf 89' lang='lat' dir='ltr'>ecclesiasticam</span> <span class='ocrx_word' id='word_1_424' title='bbox 1659 3474 1810 3551; x_wconf 92' lang='lat' dir='ltr'>appella·</span> 
     </span>
     <span class='ocr_line' id='line_1_84' title="bbox 1008 3571 1810 3648; baseline 0 -16"><span class='ocrx_word' id='word_1_425' title='bbox 1008 3571 1099 3632; x_wconf 90' lang='lat' dir='ltr'>tione</span> <span class='ocrx_word' id='word_1_426' title='bbox 1110 3571 1303 3648; x_wconf 86' lang='lat' dir='ltr'>postposita,</span> <span class='ocrx_word' id='word_1_427' title='bbox 1315 3573 1572 3648; x_wconf 88' lang='lat' dir='ltr'>compescentes.</span> <span class='ocrx_word' id='word_1_428' title='bbox 1592 3571 1683 3643; x_wconf 90' lang='lat' dir='ltr'>Quod</span> <span class='ocrx_word' id='word_1_429' title='bbox 1699 3571 1810 3632; x_wconf 90' lang='lat' dir='ltr'>sinon</span> 
     </span>
     <span class='ocr_line' id='line_1_85' title="bbox 1010 3667 1809 3746; baseline -0.001 -17"><span class='ocrx_word' id='word_1_430' title='bbox 1010 3683 1124 3729; x_wconf 90' lang='lat' dir='ltr'>omnes</span> <span class='ocrx_word' id='word_1_431' title='bbox 1135 3667 1177 3728; x_wconf 90' lang='lat' dir='ltr'>ils</span> <span class='ocrx_word' id='word_1_432' title='bbox 1199 3668 1420 3745; x_wconf 82' lang='lat' dir='ltr'>exsequendis</span> <span class='ocrx_word' id='word_1_433' title='bbox 1440 3667 1616 3746; x_wconf 91' lang='lat' dir='ltr'>potueritis</span> <span class='ocrx_word' id='word_1_434' title='bbox 1635 3667 1809 3740; x_wconf 87' lang='lat' dir='ltr'>iuteresse,</span> 
     </span>
     <span class='ocr_line' id='line_1_86' title="bbox 1010 3763 1811 3843; baseline 0.002 -19"><span class='ocrx_word' id='word_1_435' title='bbox 1010 3764 1076 3826; x_wconf 94' lang='lat' dir='ltr'>duo</span> <span class='ocrx_word' id='word_1_436' title='bbox 1090 3764 1237 3826; x_wconf 88' lang='lat' dir='ltr'>vestrum</span> <span class='ocrx_word' id='word_1_437' title='bbox 1251 3763 1467 3826; x_wconf 90' lang='lat' dir='ltr'>nibilominus</span> <span class='ocrx_word' id='word_1_438' title='bbox 1487 3766 1721 3843; x_wconf 87' lang='lat' dir='ltr'>exsequantur.</span> <span class='ocrx_word' id='word_1_439' title='bbox 1744 3767 1811 3826; x_wconf 88' lang='lat' dir='ltr'>Da-</span> 
     </span>
     <span class='ocr_line' id='line_1_87' title="bbox 1009 3841 1810 3942; baseline -0.002 -16"><span class='ocrx_word' id='word_1_440' title='bbox 1009 3863 1078 3926; x_wconf 86' lang='lat' dir='ltr'>tum</span> <span class='ocrx_word' id='word_1_441' title='bbox 1093 3862 1274 3936; x_wconf 85' lang='lat' dir='ltr'>Ferentini,</span> <span class='ocrx_word' id='word_1_442' title='bbox 1289 3861 1441 3924; x_wconf 85' lang='lat' dir='ltr'>kalendis</span> <span class='ocrx_word' id='word_1_443' title='bbox 1456 3861 1663 3942; x_wconf 89' lang='lat' dir='ltr'>septembris,</span> <span class='ocrx_word' id='word_1_444' title='bbox 1672 3841 1810 3941; x_wconf 75' lang='lat' dir='ltr'>pon&#39;tid-</span> 
     </span>
     <span class='ocr_line' id='line_1_88' title="bbox 1011 3959 1494 4024; baseline 0.002 -2"><span class='ocrx_word' id='word_1_445' title='bbox 1011 3960 1104 4022; x_wconf 91' lang='lat' dir='ltr'>catus</span> <span class='ocrx_word' id='word_1_446' title='bbox 1115 3959 1220 4023; x_wconf 88' lang='lat' dir='ltr'>nostri</span> <span class='ocrx_word' id='word_1_447' title='bbox 1235 3976 1322 4023; x_wconf 90' lang='lat' dir='ltr'>anno</span> <span class='ocrx_word' id='word_1_448' title='bbox 1338 3961 1494 4024; x_wconf 90' lang='lat' dir='ltr'>secundo.</span> 
     </span>
    </p>
   </div>
   <div class='ocr_carea' id='block_1_16' title="bbox 1346 4128 1473 4217">
    <p class='ocr_par' dir='ltr' id='par_1_18' title="bbox 1346 4128 1473 4217">
     <span class='ocr_line' id='line_1_89' title="bbox 1346 4128 1473 4217; baseline 0 -1"><span class='ocrx_word' id='word_1_449' title='bbox 1346 4128 1473 4217; x_wconf 89' lang='lat' dir='ltr'>XXVI</span> 
     </span>
    </p>
   </div>
   <div class='ocr_carea' id='block_1_17' title="bbox 1012 4274 1812 4448">
    <p class='ocr_par' dir='ltr' id='par_1_19' title="bbox 1012 4274 1812 4448">
     <span class='ocr_line' id='line_1_90' title="bbox 1012 4274 1812 4347; baseline 0.004 -14"><span class='ocrx_word' id='word_1_450' title='bbox 1012 4274 1065 4333; x_wconf 78' lang='lat' dir='ltr'>Ad</span> <span class='ocrx_word' id='word_1_451' title='bbox 1087 4275 1252 4334; x_wconf 77' lang='lat' dir='ltr'>Sanctum</span> <span class='ocrx_word' id='word_1_452' title='bbox 1273 4275 1470 4347; x_wconf 81' lang='lat' dir='ltr'>eptacopnm</span> <span class='ocrx_word' id='word_1_453' title='bbox 1488 4274 1522 4334; x_wconf 84' lang='lat' dir='ltr'>et</span> <span class='ocrx_word' id='word_1_454' title='bbox 1541 4277 1581 4334; x_wconf 83' lang='lat' dir='ltr'>F.</span> <span class='ocrx_word' id='word_1_455' title='bbox 1607 4275 1641 4336; x_wconf 86' lang='lat' dir='ltr'>et</span> <span class='ocrx_word' id='word_1_456' title='bbox 1661 4278 1704 4335; x_wconf 84' lang='lat' dir='ltr'>P.</span> <span class='ocrx_word' id='word_1_457' title='bbox 1721 4278 1812 4337; x_wconf 84' lang='lat' dir='ltr'>Ber-</span> 
     </span>
     <span class='ocr_line' id='line_1_91' title="bbox 1040 4369 1780 4448; baseline 0.004 -19"><span class='ocrx_word' id='word_1_458' title='bbox 1040 4369 1205 4431; x_wconf 81' lang='lat' dir='ltr'>trandnrn</span> <span class='ocrx_word' id='word_1_459' title='bbox 1220 4372 1479 4432; x_wconf 70' lang='lat' dir='ltr'>archidiaconos</span> <span class='ocrx_word' id='word_1_460' title='bbox 1494 4372 1780 4448; x_wconf 78' lang='lat' dir='ltr'>Coesaronpnstoe.</span> 
     </span>
    </p>
   </div>
   <div class='ocr_carea' id='block_1_18' title="bbox 1065 4483 1755 4656">
    <p class='ocr_par' dir='ltr' id='par_1_20' title="bbox 1065 4483 1755 4656">
     <span class='ocr_line' id='line_1_92' title="bbox 1310 4483 1724 4556; baseline -0.002 -15"><span class='ocrx_word' id='word_1_461' title='bbox 1310 4483 1327 4541; x_wconf 85' lang='lat' dir='ltr'>d</span> <span class='ocrx_word' id='word_1_462' title='bbox 1342 4489 1415 4556; x_wconf 86' lang='lat' dir='ltr'>sept.</span> <span class='ocrx_word' id='word_1_463' title='bbox 1430 4483 1510 4541; x_wconf 78' lang='lat' dir='ltr'>ltlr.</span> <span class='ocrx_word' id='word_1_464' title='bbox 1720 4535 1724 4540; x_wconf 88' lang='lat'>.</span> 
     </span>
     <span class='ocr_line' id='line_1_93' title="bbox 1065 4589 1755 4656; baseline 0.003 -16"><span class='ocrx_word' id='word_1_465' title='bbox 1065 4590 1231 4656; x_wconf 59' lang='lat' dir='ltr'>[bopponem</span> <span class='ocrx_word' id='word_1_466' title='bbox 1241 4589 1363 4656; x_wconf 83' lang='lat' dir='ltr'>Descript.</span> <span class='ocrx_word' id='word_1_467' title='bbox 1379 4589 1411 4640; x_wconf 91' lang='lat' dir='ltr'>de</span> <span class='ocrx_word' id='word_1_468' title='bbox 1421 4589 1505 4650; x_wconf 85' lang='lat' dir='ltr'>Osms,</span> <span class='ocrx_word' id='word_1_469' title='bbox 1517 4593 1537 4640; x_wconf 90' lang='lat' dir='ltr'>t.</span> <span class='ocrx_word' id='word_1_470' title='bbox 1552 4589 1594 4650; x_wconf 95' lang='lat' dir='ltr'>Ill,</span> <span class='ocrx_word' id='word_1_471' title='bbox 1606 4590 1646 4650; x_wconf 82' lang='lat' dir='ltr'>dd,</span> <span class='ocrx_word' id='word_1_472' title='bbox 1660 4605 1686 4641; x_wconf 91' lang='lat' dir='ltr'>n.</span> <span class='ocrx_word' id='word_1_473' title='bbox 1701 4591 1755 4656; x_wconf 70' lang='lat' dir='ltr'>ta]</span> 
     </span>
    </p>
   </div>
   <div class='ocr_carea' id='block_1_19' title="bbox 1011 4695 1814 5198">
    <p class='ocr_par' dir='ltr' id='par_1_21' title="bbox 1011 4695 1814 5198">
     <span class='ocr_line' id='line_1_94' title="bbox 1011 4695 1811 4770; baseline 0 -14"><span class='ocrx_word' id='word_1_474' title='bbox 1011 4698 1115 4756; x_wconf 90' lang='lat' dir='ltr'>Sancio</span> <span class='ocrx_word' id='word_1_475' title='bbox 1129 4698 1265 4770; x_wconf 86' lang='lat' dir='ltr'>episcopo</span> <span class='ocrx_word' id='word_1_476' title='bbox 1282 4703 1311 4755; x_wconf 90' lang='lat' dir='ltr'>et</span> <span class='ocrx_word' id='word_1_477' title='bbox 1327 4699 1358 4755; x_wconf 90' lang='lat' dir='ltr'>F.</span> <span class='ocrx_word' id='word_1_478' title='bbox 1375 4703 1403 4754; x_wconf 91' lang='lat' dir='ltr'>et</span> <span class='ocrx_word' id='word_1_479' title='bbox 1420 4698 1451 4754; x_wconf 89' lang='lat' dir='ltr'>P.</span> <span class='ocrx_word' id='word_1_480' title='bbox 1467 4695 1617 4755; x_wconf 87' lang='lat' dir='ltr'>Bertrandi</span> <span class='ocrx_word' id='word_1_481' title='bbox 1632 4697 1811 4756; x_wconf 86' lang='lat' dir='ltr'>archidiaco-</span> 
     </span>
     <span class='ocr_line' id='line_1_95' title="bbox 1047 4785 1810 4861; baseline 0.003 -18"><span class='ocrx_word' id='word_1_482' title='bbox 1047 4787 1327 4860; x_wconf 78' lang='lat' dir='ltr'>nisCaesarauguste</span> <span class='ocrx_word' id='word_1_483' title='bbox 1339 4785 1467 4856; x_wconf 86' lang='lat' dir='ltr'>mandat,</span> <span class='ocrx_word' id='word_1_484' title='bbox 1483 4794 1514 4843; x_wconf 89' lang='lat' dir='ltr'>ut</span> <span class='ocrx_word' id='word_1_485' title='bbox 1527 4787 1719 4844; x_wconf 83' lang='lat' dir='ltr'>oxoniensem</span> <span class='ocrx_word' id='word_1_486' title='bbox 1734 4789 1810 4861; x_wconf 87' lang='lat' dir='ltr'>epis-</span> 
     </span>
     <span class='ocr_line' id='line_1_96' title="bbox 1046 4873 1811 4948; baseline 0 -15"><span class='ocrx_word' id='word_1_487' title='bbox 1046 4891 1150 4948; x_wconf 91' lang='lat' dir='ltr'>copum</span> <span class='ocrx_word' id='word_1_488' title='bbox 1176 4875 1206 4932; x_wconf 92' lang='lat' dir='ltr'>in</span> <span class='ocrx_word' id='word_1_489' title='bbox 1238 4875 1452 4948; x_wconf 89' lang='lat' dir='ltr'>possessionem</span> <span class='ocrx_word' id='word_1_490' title='bbox 1481 4873 1556 4933; x_wconf 79' lang='lat' dir='ltr'>villae</span> <span class='ocrx_word' id='word_1_491' title='bbox 1580 4873 1665 4932; x_wconf 77' lang='lat' dir='ltr'>dicte</span> <span class='ocrx_word' id='word_1_492' title='bbox 1690 4877 1811 4945; x_wconf 85' lang='lat' dir='ltr'>oxoma,</span> 
     </span>
     <span class='ocr_line' id='line_1_97' title="bbox 1047 4962 1814 5036; baseline 0 -16"><span class='ocrx_word' id='word_1_493' title='bbox 1047 4979 1134 5036; x_wconf 88' lang='lat' dir='ltr'>quam</span> <span class='ocrx_word' id='word_1_494' title='bbox 1144 4965 1172 5022; x_wconf 92' lang='lat' dir='ltr'>ei</span> <span class='ocrx_word' id='word_1_495' title='bbox 1183 4962 1347 5036; x_wconf 81' lang='lat' dir='ltr'>Alphonsus</span> <span class='ocrx_word' id='word_1_496' title='bbox 1361 4978 1411 5020; x_wconf 86' lang='lat' dir='ltr'>rex</span> <span class='ocrx_word' id='word_1_497' title='bbox 1423 4963 1554 5021; x_wconf 84' lang='lat' dir='ltr'>castellas</span> <span class='ocrx_word' id='word_1_498' title='bbox 1568 4963 1598 5018; x_wconf 91' lang='lat' dir='ltr'>in</span> <span class='ocrx_word' id='word_1_499' title='bbox 1617 4963 1762 5020; x_wconf 87' lang='lat' dir='ltr'>voluntate</span> <span class='ocrx_word' id='word_1_500' title='bbox 1773 4965 1814 5021; x_wconf 94' lang='lat' dir='ltr'>ul·</span> 
     </span>
     <span class='ocr_line' id='line_1_98' title="bbox 1046 5049 1810 5124; baseline 0 -16"><span class='ocrx_word' id='word_1_501' title='bbox 1046 5053 1114 5109; x_wconf 89' lang='lat' dir='ltr'>tima</span> <span class='ocrx_word' id='word_1_502' title='bbox 1130 5052 1279 5124; x_wconf 81' lang='lat' dir='ltr'>legaverit,</span> <span class='ocrx_word' id='word_1_503' title='bbox 1303 5051 1489 5124; x_wconf 89' lang='lat' dir='ltr'>corporaliter</span> <span class='ocrx_word' id='word_1_504' title='bbox 1502 5049 1640 5108; x_wconf 88' lang='lat' dir='ltr'>inducant</span> <span class='ocrx_word' id='word_1_505' title='bbox 1660 5057 1689 5108; x_wconf 91' lang='lat' dir='ltr'>et</span> <span class='ocrx_word' id='word_1_506' title='bbox 1710 5049 1810 5108; x_wconf 85' lang='lat' dir='ltr'>delen·</span> 
     </span>
     <span class='ocr_line' id='line_1_99' title="bbox 1047 5139 1286 5198; baseline 0 0"><span class='ocrx_word' id='word_1_507' title='bbox 1047 5141 1116 5198; x_wconf 76' lang='lat' dir='ltr'>davit</span> <span class='ocrx_word' id='word_1_508' title='bbox 1129 5139 1286 5198; x_wconf 88' lang='lat' dir='ltr'>inductum.</span> 
     </span>
    </p>
   </div>
   <div class='ocr_carea' id='block_1_20' title="bbox 1011 5257 1811 5712">
    <p class='ocr_par' dir='ltr' id='par_1_22' title="bbox 1011 5257 1811 5712">
     <span class='ocr_line' id='line_1_100' title="bbox 1051 5257 1811 5334; baseline 0 -14"><span class='ocrx_word' id='word_1_509' title='bbox 1051 5257 1220 5320; x_wconf 89' lang='lat' dir='ltr'>Honorius</span> <span class='ocrx_word' id='word_1_510' title='bbox 1264 5257 1452 5334; x_wconf 90' lang='lat' dir='ltr'>episcopus,</span> <span class='ocrx_word' id='word_1_511' title='bbox 1487 5273 1606 5318; x_wconf 90' lang='lat' dir='ltr'>servus</span> <span class='ocrx_word' id='word_1_512' title='bbox 1639 5273 1811 5320; x_wconf 88' lang='lat' dir='ltr'>servorum</span> 
     </span>
     <span class='ocr_line' id='line_1_101' title="bbox 1011 5353 1811 5432; baseline 0.001 -15"><span class='ocrx_word' id='word_1_513' title='bbox 1011 5355 1082 5430; x_wconf 88' lang='lat' dir='ltr'>Dei,</span> <span class='ocrx_word' id='word_1_514' title='bbox 1103 5354 1289 5418; x_wconf 87' lang='lat' dir='ltr'>venerabili</span> <span class='ocrx_word' id='word_1_515' title='bbox 1312 5354 1410 5417; x_wconf 83' lang='lat' dir='ltr'>fratri</span> <span class='ocrx_word' id='word_1_516' title='bbox 1433 5353 1600 5432; x_wconf 88' lang='lat' dir='ltr'>episcope,</span> <span class='ocrx_word' id='word_1_517' title='bbox 1627 5355 1661 5416; x_wconf 90' lang='lat' dir='ltr'>et</span> <span class='ocrx_word' id='word_1_518' title='bbox 1680 5355 1811 5418; x_wconf 90' lang='lat' dir='ltr'>dilectis</span> 
     </span>
     <span class='ocr_line' id='line_1_102' title="bbox 1012 5451 1810 5516; baseline 0.001 -2"><span class='ocrx_word' id='word_1_519' title='bbox 1012 5453 1101 5515; x_wconf 84' lang='lat' dir='ltr'>tilius</span> <span class='ocrx_word' id='word_1_520' title='bbox 1113 5455 1149 5514; x_wconf 89' lang='lat' dir='ltr'>F.</span> <span class='ocrx_word' id='word_1_521' title='bbox 1166 5453 1198 5515; x_wconf 93' lang='lat' dir='ltr'>et</span> <span class='ocrx_word' id='word_1_522' title='bbox 1218 5455 1255 5513; x_wconf 90' lang='grc' dir='ltr'>Ρ.</span> <span class='ocrx_word' id='word_1_523' title='bbox 1276 5451 1453 5514; x_wconf 91' lang='lat' dir='ltr'>Bertrandi</span> <span class='ocrx_word' id='word_1_524' title='bbox 1468 5451 1714 5516; x_wconf 90' lang='lat' dir='ltr'>archidiaconis</span> <span class='ocrx_word' id='word_1_525' title='bbox 1734 5455 1810 5515; x_wconf 83' lang='lat' dir='ltr'>Cae-</span> 
     </span>
     <span class='ocr_line' id='line_1_103' title="bbox 1011 5551 1810 5628; baseline 0.003 -15"><span class='ocrx_word' id='word_1_526' title='bbox 1011 5552 1219 5628; x_wconf 75' lang='lat' dir='ltr'>saraugustae</span> <span class='ocrx_word' id='word_1_527' title='bbox 1234 5551 1387 5624; x_wconf 88' lang='lat' dir='ltr'>salutem,</span> <span class='ocrx_word' id='word_1_528' title='bbox 1411 5553 1443 5614; x_wconf 88' lang='lat' dir='ltr'>et</span> <span class='ocrx_word' id='word_1_529' title='bbox 1464 5551 1682 5628; x_wconf 90' lang='lat' dir='ltr'>apostolicam</span> <span class='ocrx_word' id='word_1_530' title='bbox 1703 5551 1810 5615; x_wconf 90' lang='lat' dir='ltr'>bene·</span> 
     </span>
     <span class='ocr_line' id='line_1_104' title="bbox 1011 5649 1200 5712; baseline 0 -2"><span class='ocrx_word' id='word_1_531' title='bbox 1011 5649 1200 5712; x_wconf 87' lang='lat' dir='ltr'>dictionem.</span> 
     </span>
    </p>
   </div>
   <div class='ocr_carea' id='block_1_21' title="bbox 0 0 2129 6436">
    <p class='ocr_par' dir='ltr' id='par_1_23' title="bbox 0 0 2129 6436">
     <span class='ocr_line' id='line_1_105' title="bbox 0 0 2129 6436; baseline 0 0"><span class='ocrx_word' id='word_1_532' title='bbox 0 0 2129 6436; x_wconf 95' lang='lat' dir='ltr'> </span> 
     </span>
    </p>
   </div>
   <div class='ocr_carea' id='block_1_22' title="bbox 1747 335 1892 398">
    <p class='ocr_par' dir='ltr' id='par_1_24' title="bbox 1747 335 1892 398">
     <span class='ocr_line' id='line_1_106' title="bbox 1747 335 1892 398; baseline 0.028 -4"><span class='ocrx_word' id='word_1_533' title='bbox 1747 335 1806 395; x_wconf 80' lang='lat'>498</span> <span class='ocrx_word' id='word_1_534' title='bbox 1888 391 1892 398; x_wconf 88' lang='lat'>.</span> 
     </span>
    </p>
   </div>
  </div>
 </body>
</html>
