4200 6404
148 327 213 388 265
585 333 703 394 XXIII.
718 335 817 396 -IN
841 337 1128 402 DEDIGATIONE
1148 341 1372 406 ECCLESIAE.
1743 351 1803 411 266

148 487 199 554 llo
215 487 442 566 scriptumest
458 509 465 560 ε,
482 493 562 566 1pse
581 496 675 554 enim
688 499 825 558 sacam
849 497 953 572 saciet
1007 498 1138 575 illicita,
1152 501 1195 564 de
1208 519 1273 580 qua
1286 503 1412 582 legitur
1423 505 1458 567 in
1474 507 1670 572 Salomone:
1686 511 1804 572 Detec-

143 591 315 662 poputum
329 602 468 650 sauma
482 591 632 664 peccatis
650 605 773 656 eornm
784 591 916 672 (manu.
927 611 950 668 1,
1007 597 1129 660 tantur
1151 615 1231 662 cnm
1252 607 1342 664 mate
1364 605 1521 678 fecerint,
1536 605 1572 666 et
1585 606 1744 668 actitant
1763 609 1801 668 in

148 684 219 764 21).
237 685 278 747 nt
294 685 367 763 ipse
381 685 482 748 dicit:
498 691 572 764 Epo
593 689 702 752 attam
724 692 895 754 ieiunam
910 696 952 756 dc
1006 695 1109 755 rabies
1133 699 1296 770 pessimis
1324 695 1436 776 (Prov.
1462 715 1502 772 11,
1530 698 1594 778 14).
1622 701 1719 762 Remi
1746 700 1803 778 qui

150 787 204 845 eis
214 783 325 862 (toan.
342 799 376 856 x,
390 783 456 864 28).
1007 791 1102 866 quasi
1111 793 1182 868 jam
1196 795 1379 870 procedunt
1393 796 1434 857 ad
1456 795 1611 866 trucium,
1624 797 1803 860 attendun-

192 882 233 944 nt
258 881 345 944 sicut
358 882 557 960 quicumque
580 885 771 948 comedebat
789 886 838 971 de
860 887 952 964 ligno
1006 887 1110 950 turin
1126 905 1301 963 consensu,
1316 892 1356 952 de
1369 910 1433 970 quo
1448 895 1624 971 Apostolus
1638 917 1646 955 :
1662 898 1741 957 Non
1751 911 1804 957 so-

147 981 231 1042 vitee
257 980 292 1041 in
315 980 483 1056 paradiso,
500 997 566 1042 non
582 983 712 1059 poterat
735 985 833 1058 mori,
849 986 896 1047 ita
917 986 952 1048 ln
1006 991 1077 1047 tum
1090 988 1208 1049 antem
1225 993 1438 1066 calfaciunt,
1453 995 1513 1054 sed
1530 993 1636 1055 ettam
1652 997 1710 1068 qut
1721 1009 1804 1056 con·
1874 995 1879 1010 '

149 1078 301 1141 Ecclesia
320 1078 372 1140 est
395 1079 646 1142 Sacramentum
668 1081 796 1155 altaris,
823 1083 863 1145 de
887 1101 951 1162 quo
1005 1085 1160 1146 sentiunt
1196 1089 1411 1162 facientibus,
1448 1094 1544 1167 dtpnt
1572 1093 1655 1154 sunt
1688 1090 1802 1153 morte

149 1177 352 1255 quicumque
365 1177 531 1240 veraciter
554 1179 745 1253 comederit,
757 1197 824 1242 non
844 1182 952 1258 potest
1007 1177 1115 1258 (Rom.
1131 1199 1153 1255 ι,
1174 1184 1215 1244 32
1229 1185 1262 1246 et
1278 1184 1365 1264 seq.)
1379 1187 1473 1248 Folia
1494 1188 1572 1250 sunt
1587 1188 1691 1252 verba
1706 1203 1800 1261 sana,

148 1275 320 1344 veraciter
331 1275 417 1336 mori
435 1278 542 1338 morte
557 1277 727 1356 perpetua,
742 1279 800 1340 sed
813 1280 902 1342 vivet
916 1279 951 1341 in
1006 1278 1187 1340 secundum
1202 1282 1287 1357 quod
1304 1283 1337 1344 et
1351 1284 1510 1346 Dominus
1523 1287 1558 1347 in
1569 1286 1711 1348 liculnea
1726 1301 1804 1348 are-

149 1373 315 1436 aeternum
343 1389 418 1436 oum
446 1373 588 1447 Christo,
607 1375 686 1452 quia
709 1377 782 1456 ipse
806 1377 951 1454 quotidie
1006 1373 1170 1438 tactanon
1183 1376 1488 1444 invenitnisirolia.
1501 1383 1640 1446 Fructus
1653 1384 1802 1461 operatio

149 1471 263 1549 pascit
274 1487 335 1534 nos
350 1486 452 1534 carne
464 1471 496 1534 et
511 1473 674 1549 sanguine
695 1490 765 1546 suo,
781 1475 951 1553 sicutipse
1006 1473 1194 1550 perniciosa
1205 1477 1303 1552 juxta
1317 1477 1399 1538 illud
1417 1500 1425 1539 ε
1441 1496 1460 1540 ιι
1476 1481 1690 1558 Unaquaeque
1702 1479 1803 1542 arbor
1838 1531 1843 1536 .

152 1569 195 1630 de
223 1585 259 1632 se
282 1569 364 1632 dicit
379 1591 387 1631 ε
405 1572 494 1632 Caro
513 1585 592 1632 mea
615 1585 698 1634 aere
724 1573 776 1634 est
796 1575 900 1646 cibus
918 1574 953 1635 et
1006 1585 1050 1634 ex
1062 1569 1170 1634 tructu
1184 1589 1245 1634 suo
1260 1576 1497 1650 cognoscetnr;
1512 1592 1579 1639 non
1594 1577 1682 1640 enlm
1694 1579 1802 1655 potest

149 1669 297 1744 surianis
310 1683 409 1730 naeus
422 1683 505 1731 cere
524 1668 576 1731 est
594 1669 710 1743 potus.
728 1672 792 1737 oni
804 1674 953 1732 nwndn-
1008 1667 1107 1729 arbor
1129 1670 1217 1732 mala
1232 1670 1343 1734 iacere
1357 1671 1483 1736 tructus
1495 1674 1611 1748 bonos,
1623 1691 1801 1754 nequear-

150 1767 208 1828 cat
234 1780 377 1828 carnem
405 1779 532 1839 meana,
562 1767 596 1828 et
634 1769 714 1830 bibit
746 1771 952 1844 sanquinem
1006 1764 1067 1827 bor
1080 1766 1167 1830 bona
1182 1767 1293 1831 tacere
1314 1769 1419 1832 malos
1434 1771 1576 1848 tructns3
1591 1788 1697 1851 neque
1713 1775 1803 1836 enim

150 1878 281 1936 meum,
296 1863 415 1925 marcet
429 1867 466 1925 tn
486 1864 588 1926 meet
600 1879 662 1941 eqo
675 1868 713 1926 tn
725 1879 765 1927 eo
778 1862 887 1944 (Joan.
904 1881 950 1938 ur,
1007 1862 1168 1940 colligunt
1195 1864 1235 1926 de
1261 1866 1365 1943 spinis
1394 1883 1491 1942 uvas,
1526 1871 1585 1931 aut
1606 1870 1647 1932 de
1669 1870 1803 1932 tribulis

151 1961 221 2040 56).
238 1961 322 2032 Quia
341 1961 428 2023 sicut
440 1961 587 2039 quotidie
601 1977 791 2039 peccamus,
807 1964 853 2024 ita
863 1979 951 2042 quo·
1007 1959 1343 2040 ficus.»(natin.v11,
1361 1963 1577 2044 17).Scilioet,
1590 1967 1676 2028 mala
1690 1967 1800 2041 arbor,
1858 2039 1860 2044 ¹

150 2060 234 2122 tidie
249 2075 443 2137 percorpus
463 2059 586 2122 christi
604 2059 766 2122 babemus
779 2061 954 2123 remissio-
1007 2058 1113 2119 malos
1127 2057 1255 2122 tructus
1269 2059 1359 2124 iacit.
1377 2063 1498 2124 Cortex
1518 2067 1570 2126 est
1583 2064 1750 2126 induratio
1770 2065 1804 2126 et

152 2174 230 2220 nem
254 2157 401 2220 omnium
429 2159 651 2235 peccatorum.
681 2159 720 2220 Et
743 2159 831 2220 siant
856 2160 953 2238 panis
1007 2153 1186 2218 obstinatio
1201 2158 1437 2238 peccatijuxta
1452 2161 1534 2222 illud
1548 2161 1610 2224 Job
1627 2183 1634 2222 ε
1651 2165 1804 2224 Indurae

152 2255 330 2318 coniicitur
344 2270 387 2318 ex
412 2255 525 2318 multis
545 2256 663 2328 acinis,
679 2257 726 2318 ita
749 2272 811 2318 nos
837 2273 952 2318 sumus
1008 2252 1082 2315 tuin
1094 2255 1218 2316 estcor
1231 2258 1307 2328 ejus
1319 2257 1496 2332 tamqnam
1507 2263 1594 2334 apis
1607 2260 1805 2336 eistrinpc-

153 2370 257 2415 unum
272 2369 393 2432 corpus
417 2369 477 2431 per
494 2353 690 2416 charitatem
712 2369 787 2416 oum
809 2354 950 2418 christo.
1008 2349 1067 2410 lut·
1087 2351 1264 2426 tamquam
1281 2355 1494 2417 madeataris
1512 2354 1801 2436 inonstantia,

153 2451 250 2513 Unde
271 2451 307 2512 in
320 2451 500 2526 Evangelio
514 2451 555 2512 de
571 2449 724 2511 fidelibus
738 2450 841 2513 dicit:
862 2455 950 2524 Volo,
1008 2447 1072 2528 15).
1089 2451 1129 2512 nt
1139 2449 1174 2510 in
1182 2451 1373 2513 Proverbiis
1390 2456 1543 2527 :Impius
1552 2459 1645 2516 enine
1656 2469 1735 2516 cum
1749 2469 1806 2517 ae·

150 2549 326 2622 Pater,at
340 2552 408 2622 ipsi
421 2563 530 2610 unum
543 2547 760 2612 sinistcutet
772 2563 953 2611 nosunnm
1007 2547 1099 2608 nerii
1130 2551 1168 2608 in
1191 2551 1401 2622 profanatum
1420 2551 1586 2631 uitiorum
1602 2553 1799 2615 contemnit.

152 2660 276 2708 samiis
290 2643 400 2724 (toan.
417 2661 502 2716 xvn,
517 2644 586 2724 24),
1008 2640 1121 2722 (Prot.
1137 2659 1234 2717 xvrn,
1247 2643 1293 2725 3).

194 2745 232 2806 ln
247 2743 310 2805 boc
322 2743 411 2804 enim
427 2743 643 2806 sacramento
655 2743 721 2806 tria
743 2743 954 2806 consideran·
1046 2740 1096 2802 Ad
1111 2741 1258 2804 radicem
1273 2758 1353 2820 ergo
1375 2743 1475 2822 hujus
1497 2743 1626 2807 arboris
1644 2745 1801 2810 debemus

152 2842 236 2904 tur:
259 2857 373 2914 ιιιιιιιιι,
396 2839 483 2918 quod
506 2841 557 2903 est
577 2841 832 2914 sacramentum,
862 2841 952 2903 aliud
1007 2853 1132 2916 ponere
1154 2841 1298 2902 securim
1324 2841 1475 2915 rationis,
1491 2844 1526 2904 ut
1537 2843 1711 2906 allidentes
1725 2861 1806 2923 par-

152 2939 241 3016 quod
257 2939 308 3001 est
325 2955 380 3000 res
396 2939 607 3020 sacramenti,
622 2939 713 3000 aliud
726 2938 812 3016 quod
828 2941 879 3001 est
898 2955 952 3001 res
1007 2937 1102 2998 vulos
1115 2937 1246 3000 nostros
1261 2939 1302 3000 ad
1317 2940 1445 3016 petram
1460 2941 1632 3018 captamus
1643 2941 1804 3021 vulpecu-

152 3035 284 3100 tantum
305 3038 339 3099 et
352 3052 419 3098 non
432 3038 687 3099 sacramentum.
703 3036 952 3099 Sacramentum
1007 3035 1069 3108 las,
1083 3035 1161 3098 dum
1184 3037 1333 3114 parvule
1354 3039 1442 3111 sunt,
1458 3053 1501 3100 ne
1514 3039 1649 3101 vineam
1671 3040 1804 3103 Domini

153 3136 285 3198 tantum
308 3134 360 3196 est
379 3133 522 3198 visibilis
544 3133 671 3212 species
699 3135 796 3212 panis
823 3134 950 3196 etvini.
1008 3132 1154 3196 Sabaoth
1189 3134 1424 3198 demoliantur.
1455 3137 1597 3213 Lignum
1631 3139 1805 3202 materiale

155 3233 407 3297 Sacramentum
431 3232 537 3294 atres
557 3236 746 3310 estcorpus
767 3232 801 3295 et
815 3233 952 3309 sanguis
1006 3231 1072 3293 tria
1096 3231 1199 3294 tacit:
1224 3231 1371 3306 roborat,
1391 3233 1566 3296 obumbrat
1589 3236 1626 3298 et
1649 3235 1802 3313 protegit

152 3331 297 3396 Domtni.
313 3334 379 3394 Res
394 3330 445 3392 est
455 3331 615 3408 quantum
635 3330 676 3392 ad
689 3329 864 3392 semelem
879 3347 952 3408 quae
1008 3329 1156 3392 Roborat
1171 3330 1292 3403 lassos,
1300 3330 1475 3393 obumbrat
1487 3334 1677 3405 aestuantes,
1691 3335 1804 3411 prote-

152 3430 202 3493 ibi
224 3429 385 3504 sumitur;
402 3429 454 3490 est
471 3429 560 3491 enim
582 3427 630 3490 ibi
651 3443 730 3490 cano
744 3429 778 3491 et
802 3428 951 3506 sanguis.
1007 3427 1056 3503 git
1076 3427 1278 3491 laborantes.
1307 3428 1476 3508 Sapientia
1497 3444 1577 3506 ergo
1592 3431 1651 3493 Dei
1675 3431 1803 3508 lignum

154 3529 321 3601 Quantum
335 3527 376 3588 ad
387 3527 531 3604 speeiem
545 3527 745 3590 exteriorem
760 3527 955 3588 Sacramen-
1008 3524 1140 3598 dicitur,
1157 3525 1236 3602 qula
1249 3525 1426 3588 dilectores
1440 3542 1530 3594 suos,
1543 3526 1695 3604 aquibus
1708 3545 1802 3590 cem-

152 3627 225 3691 tum
243 3627 294 3688 est
316 3624 529 3697 alterius-rei,
547 3623 625 3702 quia
640 3625 772 3700 signum
789 3625 840 3687 est
862 3623 954 3686 illius
1007 3621 1234 3700 prehenditur,
1248 3621 1384 3685 roborat
1398 3638 1417 3683 a
1432 3623 1628 3686 lassitudine
1649 3623 1804 3688 humanae

153 3723 274 3800 gratiae
290 3724 324 3786 et
337 3722 470 3784 virtutIs
485 3737 558 3798 quae
578 3720 626 3782 ibi
646 3721 839 3799 percipitur,
857 3720 954 3783 scili·
1008 3718 1210 3794 tragilitatis,
1228 3719 1264 3782 ut
1275 3719 1527 3783 aitPsalmista:
1542 3725 1635 3784 Deus
1651 3725 1725 3798 ipse
1743 3726 1807 3786 da-
1874 3763 1890 3788 0

155 3823 208 3886 cet
217 3820 351 3883 unionls
362 3821 480 3897 capitis
495 3820 528 3882 et
538 3818 771 3882 membrorum.
781 3821 861 3881 Haec
875 3819 954 3880 nnio
1009 3813 1055 3876 bit
1078 3815 1245 3876 uirtutem
1276 3816 1311 3876 et
1344 3815 1583 3889 fortitudinem
1612 3819 1701 3892 pteoi
1731 3833 1813 3894 suoe,

153 3935 210 3982 res
226 3921 288 3991 est,
306 3933 374 3980 non
389 3917 645 3988 sacramentum,
660 3916 717 3978 sed
732 3916 839 3978 virtus
854 3917 888 3977 et
900 3931 955 3977 res
1010 3909 1079 3990 (Ps.
1092 3925 1198 3984 nxvn,
1212 3910 1279 3990 36).
1294 3911 1474 3974 Obumbrat
1484 3913 1711 3974 aestnantesab
1722 3916 1805 3977 estu

155 4017 370 4078 sacramenti.
386 4016 547 4078 Eacetria
563 4015 859 4076 consideravimus.
874 4013 954 4075 Pri·
1009 4009 1213 4082 tentationis,
1228 4009 1262 4071 at
1279 4009 1423 4086 protegit
1443 4008 1633 4073 laborantes
1648 4027 1668 4073 a
1692 4011 1805 4089 pluvia

154 4131 247 4177 mum
261 4115 313 4176 est
330 4114 461 4190 signum
486 4112 635 4181 secundi,
648 4111 830 4174 secundum
852 4127 954 4173 causa
1010 4107 1262 4185 persecutionis.
1272 4109 1318 4168 De
1329 4107 1447 4185 quibus
1457 4108 1507 4169 ait
1517 4109 1640 4170 isaias:
1653 4111 1734 4171 Erit
1742 4113 1808 4172 Do·

154 4212 265 4285 tertii,
296 4211 432 4273 tertium
460 4211 567 4273 virtus
600 4209 738 4272 secundi
772 4210 806 4272 et
831 4210 955 4272 veritas
1009 4209 1125 4266 minus
1144 4209 1181 4266 in
1199 4207 1438 4266 umbraculum
1456 4207 1524 4266 diei
1547 4208 1588 4266 ab
1604 4205 1702 4277 cesta,
1715 4207 1749 4267 et
1767 4210 1806 4267 in

154 4311 267 4389 primi.
292 4309 370 4371 Ideo
383 4308 508 4371 veritas
528 4308 638 4386 primi,
650 4308 728 4384 quia
749 4308 891 4385 primum
906 4307 956 4369 est
1009 4303 1233 4364 securitatem
1252 4303 1286 4362 et
1304 4304 1560 4362 absconsionem
1576 4317 1599 4362 a
1617 4302 1752 4364 turbine
1771 4304 1807 4364 ct

155 4408 301 4484 signum.
317 4406 414 4469 Aliud
431 4406 481 4468 est
501 4420 582 4482 ergo
595 4404 735 4482 species,
749 4421 823 4480 quae
838 4403 957 4466 visibi—
1008 4402 1127 4474 ptuoia
1142 4396 1200 4477 (Is.
1216 4414 1261 4470 ιι,
1268 4396 1313 4477 6).
1328 4399 1368 4459 nt
1382 4398 1453 4475 ipse
1465 4397 1563 4461 bomo
1576 4398 1669 4461 estin
1682 4399 1805 4461 saeculo

155 4505 236 4568 liter
249 4504 408 4576 cernitur,
425 4495 516 4564 aliud
531 4503 655 4565 veritas
665 4502 821 4579 corporis.
830 4501 862 4562 et
877 4517 958 4562 san-
1011 4498 1108 4558 natus
1123 4498 1157 4557 et
1179 4511 1249 4572 prae
1271 4495 1402 4558 castatis
1416 4495 1594 4558 virtutibus
1618 4496 1804 4560 decoratus.

155 4602 279 4681 guinis,
296 4602 354 4680 qui
368 4601 581 4664 invisibiliter
597 4599 754 4672 creditur,
771 4599 862 4660 aliud
882 4599 955 4676 spi·
1013 4593 1106 4657 Unde
1116 4593 1197 4656 dicit
1206 4593 1330 4655 David:
1346 4594 1393 4655 lit
1404 4593 1473 4656 crit
1485 4594 1662 4669 tantaleam
1675 4598 1807 4671 itanum

155 4700 290 4763 ritualis
303 4699 411 4776 gratia
420 4714 494 4778 quae
505 4715 580 4760 cum
594 4713 733 4775 corpore
745 4699 779 4759 et
793 4696 957 4774 sanguine
1011 4697 1100 4768 qnod
1115 4692 1310 4768 paniolum
1333 4692 1385 4754 est
1400 4707 1499 4755 sconis
1511 4697 1677 4756 decursus
1697 4709 1807 4770 aqna-

156 4799 373 4862 inrisibiliter
386 4799 420 4859 et
434 4796 658 4874 spiritualiter
667 4794 862 4873 percipitur.
1011 4807 1094 4853 tum
1104 4789 1173 4870 (Pe.
1184 4805 1207 4864 1,
1221 4788 1267 4871 3).

197 4895 305 4960 Arbor
319 4895 470 4958 scientiae
482 4892 561 4956 boni
568 4895 602 4955 et
611 4893 691 4954 mali
701 4892 752 4954 est
760 4908 958 4970 progressus
1051 4891 1132 4950 'ires
1148 4890 1225 4950 sunt
1248 4889 1406 4950 decursus
1421 4903 1593 4966 aquarum,
1611 4905 1707 4951 secus
1726 4905 1809 4966 quos

156 4996 191 5058 et
204 5009 352 5073 propago
362 4992 502 5071 peceati,
515 4991 779 5069 cnjusradixest
790 4990 826 5050 in
842 4991 957 5067 primis
1012 4987 1139 5063 lignum
1154 4987 1338 5062 plantatum
1353 4985 1445 5047 dabit
1467 4987 1502 5047 in
1521 4987 1670 5063 tempore
1684 5003 1745 5048 sno
1757 4987 1809 5049 vi-

157 5092 312 5164 motibus,
323 5091 421 5169 Juxta
440 5088 522 5151 illud
536 5111 543 5150 ι
557 5092 637 5150 Jarn
651 5091 785 5150 secans
798 5091 843 5150 ad
860 5091 959 5150 radt-
1013 5085 1056 5147 tae
1066 5083 1209 5144 fructum
1222 5105 1230 5143 ι
1243 5083 1459 5146 incitamenta
1471 5084 1810 5161 scripturarumque

157 5207 233 5254 cem
253 5192 390 5253 arbert's
407 5189 522 5264 posita
543 5187 595 5248 est
611 5184 740 5266 (Matth.
760 5201 811 5258 111,
832 5184 906 5266 10);
923 5186 959 5248 ut
1013 5181 1201 5260 perminus
1222 5181 1255 5242 et
1272 5181 1436 5258 promissa
1453 5181 1627 5243 honestam
1648 5181 1811 5245 suscitant

158 5305 226 5351 non
240 5287 349 5350 solum
373 5285 564 5363 amputetur
580 5283 729 5360 operatio
746 5284 884 5360 peccati,
901 5282 958 5343 sed
1014 5280 1049 5341 in
1070 5279 1204 5342 homine
1226 5277 1443 5340 voluntatem.
1455 5279 1664 5340 charismata
1683 5279 1812 5354 metia-

158 5387 260 5450 etiam
276 5383 414 5462 quilibet
433 5384 541 5444 motus
556 5379 667 5442 illiciti
680 5379 848 5453 desiderii,
861 5383 959 5458 juxta
1014 5394 1088 5440 rum
1102 5393 1176 5455 qum
1190 5377 1358 5438 bominem
1373 5375 1556 5452 spiritalem
1569 5375 1748 5438 animalem
1762 5376 1813 5438 et·-

159 5484 242 5546 illud
258 5506 265 5544 :
279 5486 358 5546 Non
370 5482 493 5557 repnct
502 5479 729 5554 peccaturuin
739 5477 856 5538 vestro
869 5492 961 5539 mor·
1015 5474 1136 5538 lectum
1150 5475 1192 5537 ad
1208 5475 1261 5536 sui
1272 5473 1496 5551 provisionem
1520 5474 1553 5535 et
1576 5490 1689 5536 curam
1705 5475 1813 5537 intor-

160 5586 222 5647 tati
245 5578 463 5656 conparant
484 5577 650 5640 obediatis
677 5575 960 5650 comchiseenttis
1015 5573 1151 5646 mando,
1190 5575 1224 5638 et
1261 5587 1393 5634 omnem
1434 5571 1608 5634 veritatem
1643 5573 1813 5648 docendo,

159 5685 244 5757 eius.
253 5677 365 5760 (Rom.
378 5692 428 5750 ui,
438 5674 506 5756 12)..
518 5677 669 5741 Truncus
690 5673 724 5736 in
743 5671 961 5738 delectatione
1016 5672 1208 5736 ministrant
1232 5669 1491 5745 toecunditntem,
1509 5670 1679 5734 stillicidia
1698 5672 1813 5751 lacry-
