4214 6400
285 349 286 352 κ
313 311 374 400 sao
781 303 958 368 nouoau
981 303 1025 366 ιιι
1044 305 1196 368 opum.
1213 333 1250 348 -
1267 300 1501 370 suauouus.
1911 301 1974 367 sao

314 473 431 536 narius
446 471 535 534 enim
559 483 717 532 numerus
738 482 854 531 omnes
876 465 1035 530 articulos
1050 482 1113 528 nu·
1167 463 1296 528 dicetur
1316 465 1364 528 eis
1385 485 1394 527 :
1418 465 1543 529 Nescio
1562 478 1624 527 oos
1645 462 1778 544 (Mattb.
1805 479 1887 538 xxv,
1904 465 1971 546 12).

314 571 399 634 meri
414 567 673 646 comprehendit,
690 583 733 628 ex
748 567 866 644 quibus
876 565 1113 643 multiplicatus
1168 563 1248 626 itam
1264 567 1401 626 :Simile
1414 564 1622 640 estrepaeio
1634 567 1837 626 castoreum..
1850 565 1973 626 Decem

316 669 424 732 omnis
445 682 602 728 numerus
617 663 735 742 surgit.
756 663 804 726 Ab
820 679 886 726 uno
901 664 990 726 enim
1010 679 1113 740 usque
1167 660 1315 736 virgines
1333 661 1410 721 sunt
1424 659 1538 721 decem
1556 659 1704 721 fidelium
1719 660 1860 738 species,
1875 660 1976 722 rida-

315 767 356 830 ad
370 767 484 828 decem
498 780 559 841 per
574 763 733 826 articulos
748 761 951 834 ascenditur,
968 763 1002 824 et
1015 779 1034 824 a
1050 760 1112 822 de·
1168 757 1257 830 licat,
1274 757 1536 820 misericordiam
1551 757 1722 829 iacientes,
1742 774 1803 819 sna
1827 773 1975 835 corpora

315 865 411 942 nario
427 879 531 940 usque
553 861 592 924 ad
610 861 741 937 viginti,
765 861 797 922 et
821 861 870 922 sic
888 861 924 921 in
947 859 1113 921 inlinitum
1168 856 1379 933 castigantes,
1400 853 1560 932 virginali
1584 856 1748 918 munditia
1772 856 1973 928 recitantes,

315 978 375 1040 per
404 961 537 1024 eosdem
566 958 801 1036 multiplicatos
836 958 1039 1035 pervenitur.
1075 957 1115 1018 ut
1169 955 1314 1018 orationi
1334 954 1508 1026 instantes,
1524 955 1561 1016 in
1575 952 1790 1016 tribulatione
1806 956 1838 1017 et
1853 955 1976 1015 coutu-

315 1053 390 1122 ideo
426 1073 573 1135 congrue
607 1072 666 1134 per
700 1056 875 1117 denarium
913 1055 1113 1116 universitas
1169 1053 1278 1114 meliis
1295 1052 1470 1129 patientes.
1496 1051 1608 1113 Prinna
1627 1052 1755 1128 species
1777 1051 1975 1127 designatur

258 1173 260 1176 ·
315 1157 478 1219 bonorum
493 1156 703 1217 etmalorum
725 1153 781 1232 qui
808 1153 884 1216 sunt
901 1153 937 1214 in
948 1153 1112 1224 Ecclesia,
1168 1149 1204 1209 in
1229 1149 1389 1218 Rebecca,
1415 1164 1491 1226 quae
1520 1148 1664 1210 camelos
1692 1146 1883 1226 adaquavit,
1913 1165 1973 1210 se·-

315 1251 520 1326 designatur.
552 1249 732 1322 Quinarius
758 1249 869 1310 autem
899 1248 941 1310 ad
969 1248 1114 1326 quinque
1169 1247 1277 1308 cunda
1299 1247 1336 1308 in
1361 1246 1470 1308 Maria
1495 1262 1612 1308 sorore
1634 1249 1765 1318 Aaron,
1795 1262 1870 1324 quas
1897 1247 1975 1324 post

315 1365 434 1412 sensus
449 1347 599 1427 corporis
614 1346 817 1418 extenditur,
834 1346 891 1424 qui
912 1345 986 1407 ideo
1001 1345 1114 1422 dupli·
1168 1344 1345 1408 transitum
1365 1344 1468 1408 moris
1487 1343 1580 1406 rubri
1601 1346 1793 1422 tympanum
1813 1344 1971 1422 sumpsit,

315 1447 420 1518 catur,
447 1445 525 1523 quia
552 1445 629 1506 sunt
652 1443 687 1504 in
708 1443 856 1505 Ecclesia
883 1443 1028 1520 quidam,
1058 1444 1115 1520 qui
1168 1441 1267 1504 tertia
1282 1439 1318 1504 tn
1338 1442 1407 1504 tilia
1423 1442 1556 1520 caleph,
1580 1458 1654 1520 quae
1676 1442 1841 1518 irriguum
1865 1457 1973 1520 supe-

315 1544 460 1624 quinque
481 1540 634 1604 sensibus
659 1542 808 1620 corporis
834 1537 986 1603 ordinate
1010 1542 1114 1604 utun-
1169 1540 1239 1602 rius
1263 1543 1295 1602 et
1309 1540 1451 1602 interius
1462 1540 1570 1617 petiit,
1586 1540 1707 1617 quarm
1720 1540 1757 1600 in
1770 1539 1839 1601 fllia
1850 1540 1974 1617 Jepbte

314 1640 380 1716 tur,
398 1656 459 1703 nec
482 1657 539 1703 eos
554 1635 596 1702 ad
617 1640 822 1718 voluptatem
840 1639 951 1702 caruis
966 1638 1113 1708 flectunt,
1170 1655 1242 1716 quae
1270 1639 1497 1715 virginitatem
1520 1653 1617 1700 suam
1647 1637 1773 1700 duobus
1800 1637 1974 1700 mensibus

316 1740 372 1802 sed
390 1739 431 1801 ab
452 1738 544 1800 omni
569 1741 705 1816 peccato
730 1737 945 1810 abstinentes,
971 1753 1034 1798 uec
1056 1753 1116 1815 per
1170 1736 1299 1813 planxit
1320 1737 1357 1798 in
1380 1735 1560 1804 montibus.
1586 1735 1700 1814 quinta
1726 1736 1763 1796 in
1789 1738 1874 1796 Sara
1900 1735 1973 1798 tilia

313 1837 398 1899 vitia
411 1835 599 1898 diffluentes
614 1835 655 1898 ad
671 1836 821 1896 coelestia
837 1835 981 1911 erigunt.
1007 1837 1115 1906 Quare
1170 1834 1344 1910 Raguolis,
1371 1849 1446 1910 quae
1476 1833 1599 1896 auditis
1627 1832 1839 1896 ¹contumeliis
1870 1849 1975 1910 supe·

315 1935 450 2012 propter
465 1933 690 2010 integritatem
705 1927 852 2010 quinque
868 1949 1027 1994 sensuum
1040 1943 1117 2010 pru·
1169 1927 1259 1994 riora
1272 1932 1436 1994 coenaculi
1450 1929 1503 1993 sui
1517 1930 1678 1992 ascendit.

315 2031 433 2092 dentes
448 2031 567 2092 merito
581 2031 730 2107 virgines
746 2047 819 2091 esse
835 2031 1025 2092 censentur.
1210 2032 1246 2090 ln
1262 2029 1314 2090 his
1328 2029 1472 2106 quinque
1481 2022 1654 2090 ordinibus
1667 2027 1725 2090 alii
1739 2029 1817 2091 sunt
1826 2029 1885 2106 qui
1896 2031 1971 2090 stu·

357 2129 441 2190 Sunt
455 2130 488 2191 et
501 2128 560 2190 alii
571 2129 627 2205 qui
643 2128 788 2205 quinque
801 2127 953 2189 sensibus
966 2127 1115 2205 corporis
1170 2127 1247 2188 deut
1261 2127 1393 2204 placere
1409 2129 1487 2198 Deo,
1503 2127 1537 2188 et
1550 2125 1610 2187 alii
1621 2125 1677 2205 qui
1689 2126 1821 2189 student
1835 2127 1972 2204 placere

315 2223 505 2289 inordinate
537 2227 686 2298 utuntur,
715 2242 777 2288 nec
806 2242 862 2287 eos
890 2226 930 2287 ad
965 2219 1115 2287 coelestia
1170 2223 1303 2285 mundo.
1321 2225 1566 2286 Omnestamen
1582 2223 1819 2300 suntvirgines
1834 2227 1972 2302 propter

316 2323 476 2396 referunt,
496 2323 554 2386 sed
574 2323 616 2386 ab
638 2323 727 2385 omni
748 2323 835 2386 hono
851 2323 1067 2396 abstinentes,
1083 2324 1117 2385 ot
1170 2321 1278 2394 iidem,
1296 2323 1374 2399 quia
1388 2309 1475 2383 sicut
1489 2322 1665 2398 virginitas
1687 2322 1798 2384 caruis
1821 2323 1874 2384 est
1890 2337 1972 2384 caro
2094 2322 2095 2332 ’

315 2437 377 2499 per
392 2421 578 2499 voluptates
598 2422 710 2483 carnis
723 2421 910 2483 diffluentes
926 2421 966 2483 ad
979 2422 1115 2483 terrena
1170 2419 1354 2497 impolluta,
1370 2419 1418 2482 ita
1430 2415 1607 2496 virginitas
1618 2419 1737 2481 mentis
1748 2420 1798 2481 est
1811 2419 1894 2481 tides
1905 2421 1973 2481 sin·

315 2519 563 2581 convortuntur.
584 2521 727 2596 Propter
741 2535 840 2596 quam
863 2513 1115 2580 instabilitatem
1170 2529 1258 2578 cera.
1282 2516 1322 2579 Et
1340 2515 1417 2579 licet
1431 2532 1546 2579 omnes
1571 2517 1811 2594 univirgines,
1826 2534 1895 2579 nou
1911 2519 1969 2579 ta-

316 2615 461 2694 quinque
477 2628 635 2679 sensuum
650 2616 778 2677 nullum
802 2615 924 2678 bouum
939 2633 1022 2694 opus
1036 2631 1116 2694 pro·
1170 2629 1245 2676 meu
1277 2631 1392 2676 omnes
1416 2617 1493 2676 sunt
1519 2615 1702 2692 sapientes,
1728 2615 1808 2693 *quia
1832 2614 1883 2675 illi
1907 2612 1972 2676 soli

314 2711 516 2785 ducentium,
542 2714 643 2776 tatuae
663 2711 783 2776 merito
802 2714 952 2790 virgines
973 2730 1117 2776 censen-
1170 2711 1337 2787 sapientes
1350 2711 1428 2774 sunt
1446 2707 1503 2790 qui
1518 2727 1538 2772 a
1552 2714 1621 2773 Deo
1635 2712 1778 2788 gloriam
1792 2715 1969 2790 quaerrmt3

315 2809 379 2871 tur.
392 2810 457 2871 Aut
475 2831 483 2870 z
498 2811 574 2872 sunt
588 2811 721 2887 quidam
742 2809 808 2872 viri
824 2812 857 2872 et
872 2810 1021 2888 quaedam
1039 2827 1115 2871 mu·
1170 2811 1203 2871 et
1216 2809 1291 2870 ideo
1307 2810 1384 2871 sunt
1395 2810 1508 2871 decem
1521 2809 1682 2886 virgines,
1699 2811 1844 2888 quinque
1858 2811 1899 2872 de
1915 2811 1971 2872 bo-
2094 2823 2095 2876 ἲ

315 2907 428 2980 lieres,
457 2908 514 2985 qui
527 2910 661 2985 propter
672 2908 805 2970 laudem
820 2905 934 2970 saeculi
949 2908 1117 2971 abstinent
1171 2907 1232 2980 nis,
1250 2909 1283 2969 et
1293 2908 1438 2985 quinque
1455 2907 1496 2968 de
1510 2907 1619 2969 malis.
1638 2907 1903 2969 Misericordiam
1918 2909 1973 2968 ia·
2094 2947 2095 2950 κ

316 3004 484 3081 apeccato
498 3002 643 3066 mortali.
658 3005 799 3077 Quidam
810 3005 930 3067 timent
943 3005 1114 3069 infamiam
1170 3005 1296 3066 cientes
1312 3006 1390 3066 sunt
1402 3005 1459 3082 qui
1474 3004 1607 3067 student
1624 3021 1787 3082 pauperes
1801 3020 1969 3076 recreare,
2094 3007 2095 3012 ’

317 3100 416 3179 bujlm
428 3101 558 3176 mundi3
574 3102 708 3179 quidam
723 3103 837 3164 saeculi
852 3104 1059 3181 potestatem,
1073 3121 1116 3167 ne
1170 3101 1344 3180 dequibus
1370 3102 1493 3165 dictum
1518 3103 1570 3164 est
1589 3099 1623 3164 lu
1643 3102 1823 3179 Evangelio
1840 3125 1848 3163 ι
1865 3105 1968 3166 Beati
2094 3113 2095 3150 1

316 3197 516 3260 damnentur
526 3199 568 3260 ad
585 3201 735 3261 mortem.
750 3200 907 3273 Quaedam
926 3200 1027 3262 etiam
1041 3213 1117 3263 ma·
1169 3199 1423 3268 numericorum,
1439 3201 1602 3274 paconium
1614 3203 1681 3274 ipsi
1690 3203 1972 3262 miscricordiam

316 3294 418 3357 lieres
432 3295 548 3358 liment
561 3309 693 3374 poenam
709 3314 729 3359 a
745 3298 874 3361 maritis
886 3297 1112 3376 infligendam.
1169 3299 1421 3373 consequentur
1436 3295 1567 3376 (Mattb.
1582 3312 1616 3370 v,
1637 3295 1681 3376 7).
1699 3297 1739 3360 Et
1758 3297 1792 3360 in
1816 3301 1972 3375 Euange-
2094 3275 2095 3358 Ῐ

315 3393 359 3456 Hi
378 3409 505 3467 omnes,
522 3394 600 3472 quia
620 3411 686 3456 non
706 3396 841 3472 propter
861 3399 965 3458 Deum
980 3400 1116 3459 servant
1169 3395 1216 3458 lio
1232 3417 1240 3456 :
1257 3398 1345 3458 Date
1359 3401 1622 3470 eleemosynam,
1642 3397 1676 3458 et
1696 3399 1814 3458 omnia
1837 3400 1972 3459 monada
2094 3413 2095 3420 ¹

315 3491 540 3569 integritatem
571 3509 741 3567 sensuum,
772 3511 847 3556 cum
873 3495 940 3557 sint
967 3494 1115 3572 virgines
1169 3494 1251 3554 sunt
1263 3496 1356 3556 vobis
1368 3492 1461 3572 (Luc.
1475 3507 1521 3561 ιιι,
1531 3491 1596 3572 41).
1613 3493 1653 3554 Et
1665 3493 1700 3554 in
1711 3493 1968 3556 Ecclesiastico:

316 3590 464 3667 corporis
480 3590 537 3652 sed
553 3607 619 3654 non
633 3591 889 3665 mandatotum
906 3593 1024 3655 merito
1042 3594 1115 3654 vir·
1169 3590 1971 3668 stoutaouoectrnpzutcpaem,stacteonosuua

315 3687 410 3762 gipes
434 3688 654 3764 appellantur.
680 3689 764 3762 Quia
787 3705 867 3767 ergo
894 3707 991 3753 nemo
1011 3691 1115 3753 estin
1170 3687 1344 3764 eotcruputt
1375 3688 1554 3761 peccatum
1576 3687 1677 3766 (Eccl.
1702 3705 1752 3762 ιιι,
1777 3687 1843 3767 33).
1867 3690 1973 3752 Mise—
2094 3745 2095 3778 ,

316 3783 476 3856 Ecclesia,
502 3785 559 3861 qui
581 3786 629 3846 sic
644 3788 701 3847 aut
720 3787 772 3848 sic
795 3787 940 3866 quinque
966 3789 1115 3866 corporis
1170 3785 1314 3847 ricordia
1352 3785 1403 3847 est
1439 3801 1603 3863 pauperes
1633 3787 1791 3858 relicere,
1822 3787 1970 3849 debitum

317 3880 468 3941 sensibus
485 3896 551 3942 non
573 3881 696 3954 utatur,
724 3884 843 3946 merito
859 3885 1006 3947 Ecclesia
1022 3885 1115 3947 mili·
1170 3883 1351 3956 remittere,
1372 3883 1504 3960 culpam
1519 3884 1776 3946 condonarebo
1791 3901 1856 3962 qua
1868 3885 1969 3947 Salo-

315 3979 391 4038 tans
414 3978 579 4040 maloram
603 3980 637 4040 et
658 3979 822 4042 bonorum
843 3983 1018 4044 continens
1039 3984 1116 4044 uni·
1170 3995 1266 4042 mona
1283 3983 1347 4047 Quoi
1360 3979 1519 4055 sentietur
1531 3984 1972 4056 miscricordiometjusti·

316 4075 518 4148 densitatem,
532 4076 645 4139 decem
657 4078 854 4154 virginibus,
867 4095 1011 4156 ‘quarum
1025 4081 1117 4158 quin·
1171 4079 1268 4152 tiam,
1279 4079 1433 4141 inueniet
1443 4081 1552 4141 vitum
1564 4081 1599 4142 et
1608 4084 1755 4157 ommam
1765 4079 1879 4159 (Prov.
1894 4097 1968 4146 ιιι,

316 4189 380 4250 que
390 4176 468 4236 sunt
472 4174 659 4258 prudentes
670 4177 704 4237 et
713 4177 859 4254 quinque
871 4176 983 4249 fatuae,
995 4178 1114 4239 similis
1168 4176 1234 4256 21).
1258 4175 1524 4238 Misericordiam
1547 4177 1800 4240 iacientessunt
1823 4177 1886 4250 illi,
1911 4178 1969 4256 qui

315 4271 539 4334 denuntiatur.
554 4273 869 4352 Etsicbabesquod
885 4275 1036 4354 quaedam
1052 4276 1116 4338 vir·
1170 4275 1327 4336 exercent
1349 4274 1542 4336 mandatum
1567 4275 1643 4348 Dei,
1669 4275 1755 4337 sicut
1783 4275 1907 4352 legitur
1933 4276 1969 4337 iu
2094 4261 2095 4272 ¹

314 4369 409 4446 gines
432 4372 510 4432 sunt
531 4371 719 4449 prudentes,
744 4375 778 4436 et
800 4373 953 4451 quaedam
967 4373 1114 4451 virgines
1169 4371 1369 4449 Evangelio:
1384 4375 1529 4434 Esurioi
1550 4373 1583 4434 et
1603 4375 1744 4434 dedistis
1757 4377 1843 4434 milti
1859 4389 1967 4434 necis-

314 4465 424 4528 iatuse.
1168 4473 1307 4542 ducere,
1321 4468 1419 4532 sitivi
1433 4470 1466 4532 ct
1477 4471 1621 4532 dedistis
1636 4474 1722 4533 mibi
1746 4473 1859 4532 bibero
1871 4469 1966 4550 (xxv,

354 4566 504 4639 Regnum
529 4567 689 4628 coelorum
712 4567 836 4629 dicitur
864 4567 973 4630 simile
1000 4568 1113 4630 decem
1168 4567 1233 4647 35).
1247 4567 1330 4639 Quia
1341 4567 1397 4644 qui
1408 4566 1504 4630 modo
1520 4567 1675 4630 reficiunt
1686 4583 1851 4645 pauperes
1872 4568 1966 4630 elee-

314 4660 502 4735 uirginibus
516 4661 616 4724 fatuis
627 4667 660 4725 et
671 4663 898 4740 prudentibus,
911 4665 988 4742 quia
999 4668 1113 4728 sancta
1170 4665 1326 4742 mosyen,
1343 4665 1379 4725 iu
1393 4664 1505 4726 tuturo
1520 4683 1539 4726 a
1555 4665 1686 4728 Christo
1700 4667 1898 4728 reficiuntur
1910 4683 1970 4728 su-

314 4758 462 4820 Ecclesia
476 4759 624 4836 repletur
638 4759 734 4821 bonis
752 4763 785 4823 et
804 4761 911 4823 mulis
939 4763 1114 4826 bialivero
1169 4779 1229 4840 per
1242 4775 1390 4824 mensam
1407 4763 1516 4823 Patris
1531 4764 1566 4824 in
1584 4763 1688 4836 coelis,
1704 4764 1738 4824 et
1754 4779 1967 4841 cousequen-

313 4858 391 4918 sunt
405 4856 439 4918 in
457 4857 610 4920 Ecclesia
623 4859 983 4937 perparticipationem
999 4863 1115 4923 Sacra·
1168 4860 1967 4934 immisericordiam,idest,delictorumomnium

313 4956 512 5028 mentorum,
539 4956 617 5034 quia
637 4957 825 5035 suscipiunt
846 4958 961 5020 eadem
988 4961 1112 5022 Sacra·
1167 4959 1321 5033 veniam3
1348 4959 1435 5020 sicut
1454 4974 1472 5019 e
1494 4959 1662 5022 contrario
1678 4959 1868 5022 :iudicium
1894 4961 1967 5022 stine

312 5053 424 5115 menta
448 5069 523 5116 cum
546 5054 653 5128 bonis,
677 5055 776 5127 sicuti
797 5056 849 5118 est
870 5055 1053 5134 baptismus
1081 5059 1114 5120 et
1168 5055 1472 5118 misericordiaerit
1486 5057 1553 5117 illis
1568 5057 1703 5134 quinon
1717 5057 1846 5120 facium
1860 5057 1966 5119 mise-

312 5151 412 5213 otiam
442 5151 534 5216 tides.
569 5152 673 5216 Sicuti
699 5155 788 5217 erum
813 5154 851 5215 in
878 5171 956 5217 arca
978 5155 1114 5217 suerunt
1168 5154 1363 5228 ricordiam;
1385 5155 1464 5232 quia
1484 5154 1658 5232 sicutipse
1680 5154 1848 5218 obturavit
1868 5171 1967 5217 aures

311 5249 471 5312 animalia
486 5251 609 5312 munda
624 5253 658 5313 et
671 5252 852 5323 immunda,
868 5252 916 5315 ita
930 5255 1011 5314 sunt
1024 5253 1113 5314 intra
1168 5267 1246 5314 suas
1262 5251 1304 5313 ad
1325 5252 1503 5328 clamorem
1520 5253 1687 5329 pauperis,
1703 5253 1750 5314 ita
1764 5253 1924 5316 clamabit
1935 5255 1968 5316 at

312 5347 495 5410 Ecclesiam
508 5348 587 5410 boni
602 5351 635 5412 et
647 5349 737 5412 mali.
755 5349 818 5412 Sed
839 5349 916 5412 boni
933 5349 1114 5411 manebunt
1167 5365 1233 5412 uon
1250 5349 1448 5411 exaudietur
1460 5350 1496 5410 in
1509 5351 1657 5427 tempore
1672 5351 1893 5414 necessitatis.

311 5443 347 5504 iu
374 5444 485 5518 domo,
513 5446 609 5519 idest,
635 5447 671 5508 in
696 5447 845 5510 Ecclesia
870 5448 907 5509 in
933 5448 1110 5522 eternum3
1209 5448 1272 5520 Qui
1286 5463 1367 5523 ergo
1381 5447 1515 5510 student
1529 5449 1564 5510 in
1580 5446 1801 5527 eleemosynis
1814 5452 1881 5512 Deo
1892 5449 1968 5526 pla·

313 5541 401 5602 servi
416 5545 539 5616 autem,
558 5545 654 5617 idest,
673 5545 766 5618 mali,
790 5561 857 5608 non
879 5544 1059 5608 manebunt
1077 5546 1112 5606 in
1168 5561 1255 5618 cere,
1272 5545 1490 5622 designantur
1503 5546 1539 5608 in
1555 5545 1715 5619 Rebecca,
1733 5563 1807 5626 quae
1821 5546 1967 5625 adaqua-

211 5639 212 5642 ’
312 5637 485 5712 aeternum,
508 5641 584 5718 quia
600 5641 690 5704 sores
703 5642 859 5721 ejiciendi
875 5645 964 5738 suut,
981 5644 1112 5720 quando
1167 5645 1216 5705 uit
1227 5643 1384 5716 camelos,
1401 5644 1434 5706 et
1457 5644 1569 5722 potum
1592 5643 1684 5708 dedit
1705 5660 1802 5706 serro
1820 5645 1916 5706 Isaac
1933 5649 1967 5708 et
2094 5655 2095 5660 ’
