4162 6424
134 259 193 320 529
762 259 991 321 EPISTOLAE.
1016 261 1095 323 LIB.
1107 261 1160 352 ll.
1724 259 1783 323 530

174 419 244 482 Etsi
260 403 481 482 lamentabilis
505 433 602 482 casus
617 418 673 498 qui
690 418 811 482 accidit
823 419 932 482 caris-
984 421 1166 498 subiturus,
1183 436 1243 499 pro
1259 436 1298 484 eo
1314 421 1400 499 quod
1416 423 1532 482 contra
1552 421 1783 484 inhibitionem

133 519 274 579 simoin
298 518 428 580 Christo
450 517 519 578 lilio
544 517 657 578 nostro
681 518 719 576 P.
735 516 930 592 impetarori
984 519 1181 595 Apostolicae
1203 519 1297 580 Sedis
1312 533 1425 594 regem
1441 519 1480 579 ‘et
1493 534 1633 594 regnum
1654 520 1782 596 Angliae

133 615 498 691 Constantinopolitano
521 614 645 675 illustri
667 615 802 676 Latinos
815 615 929 691 tangat
984 617 1201 692 impugnavit.
1225 617 1344 678 Datum
1364 616 1531 687 Laterani,
1548 616 1654 693 pridie
1677 633 1783 679 nonas

134 711 930 791 communiterun'iversos(1),specialitertamen
984 713 1183 788 novembris,
1192 714 1403 790 pontificatus
1413 713 1519 776 nostri
1529 729 1616 774 anno
1625 715 1781 775 secundo.

132 813 264 886 gentem
284 810 432 872 noscitur
443 811 581 886 tangere
596 810 813 882 Gallicanam,
831 825 929 887 quam
1738 889 1739 892 Ἴ

132 923 198 968 non
213 907 320 968 solum
343 923 403 985 pro
426 907 500 984 ipso
519 907 719 984 imperatore
745 908 778 969 et
805 908 847 968 iis
873 908 931 985 qui
1025 890 1783 966 lnssumdssmmfflumscrilfflm0⁸10m11ib¹1⁸

132 1004 323 1066 detinentur
342 1020 416 1065 cum
442 1020 492 1076 eo,
517 1004 693 1066 sollicitam
712 1020 786 1066 esse
801 1005 931 1081 oportet
985 988 1245 1065 alihiOPiSOOPiS
1261 989 1412 1049 Franciae
1427 987 1458 1094 ⁰}
1471 985 1692 1064 suffraganeis
1713 989 1782 1048 suis

131 1101 165 1162 et
179 1101 326 1174 anxiam,
351 1117 466 1162 verum
483 1102 583 1163 etiam
598 1101 740 1164 sollicite
756 1101 931 1179 providere
985 1100 1091 1158 tmpore
1104 1087 1215 1146 Terrae
1226 1083 1374 1146 subsidiO
1390 1083 1581 1145 Offlliefflsst·

131 1214 173 1260 ne
188 1199 292 1260 totum
307 1199 484 1276 imperium
506 1199 689 1271 Romanius,
707 1214 782 1260 cum
803 1199 931 1274 ingenti

131 1295 240 1372 gloria
254 1296 488 1374 conquisitum,
506 1311 572 1358 non
590 1296 715 1374 absque
737 1295 930 1358 contusione
1337 1262 1431 1349 Lffl
1471 1300 1473 1305 '

130 1409 191 1470 Pel
241 1394 347 1471 ipsius
400 1395 611 1470 imperatffl'is
659 1393 930 1472 impedimentum
1017 1417 1070 1478 Act
1090 1413 1278 1476 Walterum
1291 1417 1543 1476 Eboraceusem
1559 1405 1772 1488 o›·clstepts-'

131 1490 272 1563 amittat,
289 1507 364 1552 cum
390 1491 602 1554 fraudulenta
626 1495 815 1553 Graecorum
834 1491 929 1555 timi·
1316 1523 1448 1586 copam,

132 1587 229 1661 ditas,
244 1604 304 1665 pro
315 1604 354 1650 eo
365 1589 452 1667 quod
467 1590 502 1650 in
518 1591 580 1652 hoc
593 1589 657 1651 sibi
667 1590 870 1651 successisse
884 1590 930 1650 vi·
1282 1633 1299 1690 6
1318 1647 1375 1690 nov
1403 1632 1471 1690 titt

131 1685 247 1758 detur,
287 1702 322 1747 se
356 1687 390 1748 in
422 1688 549 1749 tantam
586 1687 716 1750 dicatur
756 1687 930 1749 audaciam
1378 1677 1385 1691 '
1476 1675 1482 1688 ’

119 1785 291 1856 erexisse,
308 1785 394 1862 quod
417 1785 544 1846 Latinis
566 1786 622 1862 qui
647 1785 773 1848 suntin
789 1786 930 1862 imperio

130 1881 928 1954 memorato,nisiceleritersuccurratureisdem,
985 1864 1191 1924 Βθῡθῐὶῡῑθῖῑῑω
1212 1863 1393 1922 0⁰¹¹³¹i⁰¹¹⁰ffl
1415 1863 1451 1922 ab
1477 1866 1540 1937 il⁵⁰
1566 1863 1783 1936 θῐθῖῖῑθβῑθῦῡβθ

1039 1953 1178 2010 canonice
1193 1951 1297 2011 luctam
1314 1953 1484 2026 recognovit
1502 1960 1530 2010 et
1542 1968 1608 2010 eum
1623 1952 1729 2010 laudat.

1105 1747 1252 1812 [Wslbram
1267 1749 1369 1798 ldemor.
1382 1747 1409 1796 ol
1420 1747 1558 1806 lountains,
1573 1763 1599 1812 p.
1611 1747 1678 1812 loa]

129 1993 231 2052 grave
245 1978 379 2039 videtur
393 1978 577 2055 periculum
592 1979 778 2041 imminere.
793 1981 833 2041 nt
854 1980 924 2056 qni·

131 2075 203 2134 dem
215 2089 275 2134 uos
291 2089 391 2151 super
406 2076 512 2152 ipsius
524 2075 736 2152 imperatoris
748 2075 780 2138 et
795 2091 930 2136 suorum
1025 2077 1205 2150 Honorius,
1215 2079 1292 2151 etc,
1308 2078 1507 2140 Eboracensi
1518 2080 1781 2156 archiepiscopo.

131 2172 283 2248 captione
298 2187 337 2233 ac
352 2171 540 2234 detentione
554 2173 691 2250 indigna
705 2173 797 2235 tauto
816 2173 930 2234 dolore
1025 2177 1100 2238 Non
1120 2177 1171 2239 θεῖ
1192 2191 1314 2238 novum
1334 2176 1419 2255 quod
1436 2177 1574 2253 augelus
1596 2177 1727 2238 Satanae
1747 2177 1782 2236 in

60 2352 63 2358 Ι
130 2268 383 2346 perfringimur,
413 2271 621 2333 attendentes
658 2273 692 2333 et
720 2271 930 2333 devotionem
984 2274 1069 2334 lucis
1086 2274 1242 2350 angelum
1260 2290 1296 2336 se
1311 2274 1535 2347 transformet,
1557 2275 1796 2337 etimmi·ssio-·

131 2366 223 2428 illins
248 2368 282 2430 et
301 2366 500 2443 apostolicas
528 2368 623 2429 Sedis
645 2369 815 2445 injuriam,
836 2370 930 2444 cnjus
985 2387 1044 2433 nes
1057 2387 1116 2448 per
1131 2371 1236 2432 malos
1249 2371 1385 2446 angelos
1401 2388 1490 2448 saepe
1504 2372 1596 2444 flant,
1610 2388 1650 2433 ac
1662 2369 1781 2432 'adver-

130 2464 261 2540 legatus
271 2462 319 2542 (2)
330 2463 497 2526 detinetur
511 2481 585 2527 cum
597 2467 681 2542 ipso,
695 2481 735 2526 ac
745 2464 930 2541 periculum
985 2485 1042 2528 sus
1066 2469 1528 2544 innocentesmalignantium
1543 2467 1729 2530 simultates
1750 2469 1783 2529 et

129 2561 216 2639 quod
232 2561 360 2623 Latinis
374 2561 594 2623 existentibus
608 2563 643 2624 in
658 2561 799 2638 imperio
810 2578 932 2624 memo·
984 2565 1213 2626 aemulationes
1240 2565 1427 2640 insurgant.
1444 2564 1679 2626 Verumtamen
1708 2564 1784 2640 dig-

130 2659 387 2722 ratoimminere
395 2659 536 2731 videtur,
549 2660 635 2737 qnod
646 2660 686 2721 ad
700 2660 929 2722 liberationem
985 2675 1064 2722 num
1087 2662 1137 2723 est
1151 2662 1187 2723 ut
1208 2662 1404 2722 aemulorum
1429 2661 1585 2737 figmenta
1602 2677 1669 2721 non
1690 2677 1782 2738 prae·

129 2757 277 2832 ipsorum
291 2756 509 2819 libentissime
522 2758 760 2820 excitassemus
777 2758 929 2819 crucesi-
984 2759 1118 2821 valeant
1139 2759 1284 2830 veritati,
1310 2759 1367 2820 sed
1390 2758 1520 2820 falsitas
1546 2758 1685 2820 confusa
1701 2775 1782 2820 suo·

128 2856 305 2928 gnatorum
318 2855 512 2927 exercitum,
527 2855 592 2916 nisi
605 2871 693 2927 eum,
703 2872 763 2934 pro
773 2857 867 2932 ouJus
880 2853 930 2917 est
984 2856 1126 2928 cumbet,
1143 2855 1176 2918 et
1187 2855 1431 2917 detrahentium
1443 2855 1531 2917 labia
1545 2856 1780 2918 conticescant.

131 2953 266 3028 paratus
293 2952 471 3030 obsequio,
501 2953 727 3014 timuissemus
760 2953 929 3016 offendere
1023 2954 1116 3015 Licet
1138 2954 1248 3014 autem
1273 2953 1314 3013 ad
1335 2953 1621 3031 importunitatem
1644 2955 1676 3015 et
1699 2969 1783 3029 sug-

128 3051 240 3111 Jesum
256 3049 434 3112 Christum.
983 3051 1167 3127 gestionem
1182 3051 1411 3128 quorumdam,
1434 3051 1677 3127 aliquantulum
1696 3050 1779 3112 dure

168 3147 361 3224 Excogitata
389 3148 493 3224 igitur
512 3149 569 3211 via
598 3165 674 3226 qua,
701 3148 774 3211 sine
805 3149 928 3210 Christi
983 3150 1098 3210 contra
1118 3149 1161 3220 te,
1190 3165 1288 3227 quem
1310 3149 1441 3209 sincera
1467 3148 1637 3224 diligimus
1661 3148 1695 3209 in
1716 3150 1783 3209 Do-

129 3243 267 3313 ollensa,
280 3246 473 3322 imperatori
485 3247 643 3323 praedicto
659 3247 692 3308 et
706 3247 784 3308 aliis
800 3265 874 3308 cum
888 3264 928 3310 eo
984 3247 1073 3307 mino
1089 3247 1241 3317 caritate,
1258 3246 1293 3307 in
1310 3245 1506 3323 quibusdam
1530 3247 1653 3307 nostris
1669 3247 1785 3308 videa-

128 3340 280 3414 detentis,
294 3359 332 3404 ac
344 3343 443 3404 etiam
459 3345 586 3405 Latinis
599 3344 751 3404 omnihus
772 3344 807 3404 in
821 3361 930 3422 saepe·
984 3359 1058 3404 mur
1082 3343 1203 3405 litteris
1233 3344 1449 3419 processisse,
1470 3358 1537 3403 uon
1562 3343 1673 3404 tamen
1700 3359 1781 3418 erga

128 3437 214 3499 dicto
227 3438 366 3516 imperio
380 3439 649 3510 consistentibus
667 3442 791 3517 posset,
809 3441 845 3502 ut
861 3457 930 3502 cre·
984 3455 1160 3516 personam
1184 3441 1274 3500 tuam
1298 3441 1421 3501 nostrae
1440 3438 1545 3500 deluit
1561 3439 1710 3500 caritatis
1732 3439 1785 3499 al-

128 3535 258 3608 dimus,
292 3536 475 3598 efficaciter
507 3536 695 3608 subveniri,
727 3538 929 3600 fraternitati
986 3536 1104 3608 lectus,
1133 3535 1213 3612 quin
1238 3537 1349 3613 potius
1374 3537 1430 3596 too
1455 3535 1691 3597 consulebatur
1718 3536 1783 3597 ho-

128 3634 258 3694 vestrae-
280 3647 340 3710 per
362 3632 552 3710 Apostolica
581 3633 703 3711 scripta
732 3635 928 3696 mandamus
984 3633 1069 3704 nori,
1084 3633 1124 3706 si,
1141 3632 1225 3710 quod
1244 3632 1341 3704 absit,
1355 3648 1435 3694 vera
1451 3632 1592 3695 luissent
1609 3649 1682 3711 quae
1695 3631 1736 3694 de
1749 3633 1782 3695 te

129 3729 291 3805 quatenus
304 3729 428 3806 singuli
438 3730 601 3792 moneatis
612 3729 726 3792 fideles
734 3733 929 3808 pervestras
984 3729 1080 3792 nobis
1108 3730 1242 3792 fuerant
1267 3730 1432 3792 intimata.
1460 3733 1582 3792 Verum
1613 3747 1713 3807 quum
1739 3747 1783 3792 ex

128 3824 290 3888 dioeceses
314 3827 522 3898 constitutos,
542 3828 575 3888 et
587 3827 636 3888 eis
651 3829 799 3903 exparte
815 3829 929 3891 nostra
984 3827 1105 3889 litteris
1118 3827 1283 3888 carissimi
1298 3829 1332 3889 in
1346 3827 1477 3890 Christo
1490 3827 1551 3888 lilii
1567 3827 1672 3890 nostri
1685 3831 1780 3890 Hen-

127 3924 406 3985 inremissionem
432 3925 661 4000 peccaminum
673 3925 858 4002 injungatis
881 3929 927 4000 ut,
985 3925 1046 3986 rici
1068 3914 1207 3986 illustris
1222 3925 1311 4001 regis
1325 3925 1454 4003 Angliee
1476 3926 1587 3987 dilecti
1607 3926 1665 3987 dlii
1684 3929 1720 3988 G.
1738 3926 1784 3988 ti-

129 4021 238 4081 crncis
263 4023 432 4098 assumpto
457 4020 641 4096 signaculo,
664 4021 706 4083 ad
735 4039 929 4085 succursum
983 4022 1045 4084 tuli
1075 4023 1189 4085 Sancti
1214 4024 1350 4085 Martini
1379 4024 1565 4102 presbpteri
1581 4024 1779 4096 cardinalis,

127 4118 339 4194 imperatoris
360 4119 512 4196 praedicti
531 4119 675 4180 viriliter
692 4135 728 4182 se
741 4120 928 4196 accingant,
984 4121 1181 4197 Apostolicae
1197 4121 1292 4183 Sedis
1307 4121 1419 4198 legati,
1436 4123 1470 4182 et
1485 4121 1701 4182 Eboracensis
1724 4138 1784 4183 ca-

127 4214 175 4275 ita
189 4215 300 4284 tamen
316 4215 401 4292 quod
416 4216 439 4276 ii
455 4216 513 4293 qui
522 4217 593 4293 jam
614 4217 836 4293 crucesignati
852 4221 930 4281 sunt
984 4218 1092 4294 pituli,
1117 4219 1344 4295 acceperimus
1358 4219 1391 4280 ῖθ
1413 4233 1514 4295 super
1528 4217 1705 4280 collatione
1722 4219 1784 4280 be-

126 4328 187 4389 pro
202 4313 350 4374 subsidio
373 4315 486 4375 Terrae
511 4314 653 4386 Sauctae,
676 4317 811 4392 propter
831 4316 928 4378 hoca
984 4315 1178 4377 nelioiorum
1196 4317 1347 4391 Murgan.
1369 4315 1591 4394 Aquoniam
1611 4317 1782 4393 praepositi

127 4425 187 4470 suo
200 4411 369 4487 proposito
380 4426 447 4473 non
460 4409 637 4484 divertant,
651 4413 707 4472 sed
718 4411 871 4488 proximo
882 4412 930 4474 lu·
983 4413 1249 4486 Beverlacensis,
1276 4431 1342 4476 non
1368 4413 1488 4476 fec-isse
1514 4413 1630 4476 contra
1656 4415 1779 4476 statuta

126 4507 202 4566 turo
213 4508 367 4583 passagio
380 4508 493 4569 votum
511 4509 649 4585 exsequi
664 4508 828 4581 studeant,
842 4509 927 4586 qnod
983 4510 1150 4587 generalis
1164 4510 1315 4584 Consilii,
1337 4513 1424 4574 siout
1444 4527 1464 4572 a
1485 4507 1560 4573 tuis'
1575 4512 1704 4573 aemulis
1719 4529 1783 4574 no·

129 4601 169 4663 de
182 4603 404 4680 ipsinsTerrae
417 4605 565 4667 subsidio
575 4605 767 4667 emiserunt.
780 4606 829 4667 Ad
842 4607 925 4678 haec,
982 4609 1128 4684 tabaris;
1160 4626 1221 4670 nos
1258 4610 1408 4671 eamdem
1439 4611 1662 4683 collationem,
1694 4611 1782 4673 sicut

129 4697 233 4758 nobili
243 4699 315 4760 viro
331 4705 369 4762 R.
385 4700 432 4781 (3)
446 4703 677 4778 decortcuou,
691 4703 798 4782 ipsius
822 4704 929 4781 impe-
982 4705 1069 4768 facta
1085 4708 1145 4778 est,
1162 4708 1322 4769 canonice
1333 4707 1566 4784 approbamus.

128 4795 250 4856 ratoris
265 4811 435 4872 germano,
453 4801 649 4862 auctoritate
664 4801 854 4878 Apostolica
873 4801 929 4864 in·
1023 4805 1202 4876 Praeterea,
1217 4805 1295 4882 quia
1311 4806 1399 4866 sicut
1413 4822 1456 4867 ex
1475 4805 1595 4867 litteris
1610 4805 1781 4868 intellexi-

123 4893 274 4970 jungatis
289 4895 324 4954 ut
337 4894 407 4970 ipse
422 4896 611 4971 specialiter
621 4914 695 4959 cum
708 4899 851 4962 exfortio
866 4915 926 4960 suo
982 4917 1055 4961 mus
1070 4901 1314 4978 praedictorum,
1338 4902 1425 4963 idem
1444 4903 1641 4979 praepositus
1657 4905 1782 4964 Bever·

128 4991 168 5050 ad
179 4988 285 5066 ipsius
298 4990 509 5067 imperatoris
520 5009 713 5056 succursum
724 5012 760 5058 se
774 4995 928 5076 accingat
982 4999 1136 5070 lacensis,
1153 4999 1211 5075 qui
1225 4999 1366 5060 vivifloae
1377 4999 1492 5059 Crucis
1503 5000 1636 5075 signum
1650 4999 1780 5075 accepit

126 5087 271 5149 viriliter
292 5091 325 5148 ei
345 5088 507 5164 potenter,
526 5090 704 5152 transitum
726 5107 791 5168 per.
810 5092 927 5154 sedem
982 5096 1022 5156 de
1037 5111 1172 5157 suorum
1187 5096 1424 5157 beneficiorum
1440 5096 1665 5172 proventibus,
1682 5097 1781 5172 prout

127 5185 353 5262 apostolicam
368 5184 531 5258 faciendo,
547 5188 687 5249 remisso
697 5189 761 5249 sihi
773 5189 928 5251 Hieroso·
982 5193 1077 5254 nohis
1094 5193 1285 5269 suggestum
1300 5193 1409 5254 luerat
1424 5193 1506 5253 nihil
1522 5193 1558 5254 iu
1580 5195 1684 5256 morte
1705 5192 1779 5254 dis-

128 5282 928 5363 lymitanseperegrinationislahorequemluerat
958 5290 1102 5368 posuit,
1131 5291 1210 5367 quin
1239 5291 1348 5368 potius
1374 5293 1452 5353 ante
1475 5306 1572 5351 suum
1596 5291 1722 5352 obitum
1746 5293 1781 5354 et

178 5426 203 5496 ll
215 5425 290 5482 Petri
299 5424 505 5484 decurtinlaco
515 5440 613 5483 casum
624 5423 780 5485 luculenter
794 5427 928 5486 describit
1018 5428 1058 5500 (i)
1078 5397 1204 5489 loannes
1215 5429 1251 5488 de
1261 5431 1407 5500 Columna,
1421 5429 1567 5505 presbyter
1580 5399 1742 5491 cardinalis.

129 5497 267 5553 llorertus
282 5496 540 5555 Autissiodorensis
555 5498 785 5556 Sancti-Mariani
802 5499 924 5558 chrono-
1018 5503 1058 5576 (3)
1080 5500 1212 5560 lieberto.

128 5565 266 5640 graphas,
283 5573 360 5626 torno
373 5575 469 5627 nostro
480 5570 585 5637 lllllll,
601 5583 669 5644 pag.
691 5569 744 5628 ast
760 5571 924 5646 (bouquet).
