4162 6424
264 4003 267 4012 2
389 3953 509 4010 busdam
519 3953 638 4010 decimis
653 3958 682 4009 et
696 3952 781 4010 rebus
793 3953 856 4009 aliia
870 3954 998 4012 vertitur.

351 239 411 298 607
960 227 1136 294 HONORII
1160 229 1204 291 111
1226 229 1373 308 OPERA.
1977 237 2035 296 <3:12

394 395 540 458 Dilectus
555 393 644 456 iilius
658 394 774 454 cantor
789 390 1004 452 suessionen.
1023 391 1058 452 in
1071 405 1152 453 noa·
1205 389 1297 452 dium
1310 391 1422 452 Terrae
1438 388 1579 464 Sauotae,
1596 404 1658 452 nec
1673 404 1740 456 nou
1752 407 1847 454 unus
1865 396 1957 470 conj
1964 396 2035 455 nni-

354 494 407 556 tra
433 492 611 570 praeseutia
639 487 838 552 constitutus
861 487 957 550 nohis
979 485 1151 550 humiliter
1208 503 1283 549 cum
1309 487 1349 549 ad
1370 487 1482 565 partes
1506 487 1592 548 alias
1615 488 1667 550 est
1687 490 1896 562 manslatus,
1928 507 2033 553 causa

355 589 556 668 supplicavit
584 588 621 650 ut
647 587 792 648 AElidem
826 585 990 662 virginem
1019 587 1151 663 neptem
1206 585 1279 661 ipsa
1294 585 1456 646 remansit
1476 585 1638 648 hactenus
1662 586 1827 650 indecisa.
1857 589 2031 650 volentes

355 703 460 758 suam,
472 665 633 763 qnavoto
647 683 810 746 eastitatis
825 683 959 756 emisso,
973 683 1008 744 in
1023 699 1152 745 monas·
1206 679 1308 758 igitur
1320 683 1357 744 ut
1372 681 1448 743 tlnis
1461 681 1575 744 litibus
1590 683 1792 760 imponatur,
1810 684 2030 747 dIscretioni

355 784 439 846 terio
464 783 575 845 vestro
602 782 663 844 sub
687 777 834 857 regulari
860 780 986 854 habitu,
1012 779 1151 842 Domino
1206 779 1326 840 vestrm
1345 794 1406 855 per
1430 779 1622 856 Apostolica
1649 780 1775 857 scripta
1798 783 2032 847 mandamus,

355 879 527 959 proposuit
551 879 716 950 famulari,
740 880 775 938 in
800 877 978 940 monialem
1000 877 1034 939 et
1057 893 1153 938 soro-
1207 875 1382 952 quatenus,
1400 876 1430 936 si
1451 876 1575 950 estita,
1593 892 1654 938 vos
1675 877 1711 938 in
1733 879 1858 940 eodem
1885 883 2029 954 negoti.

354 995 425 1040 rem
451 977 596 1039 vestram
618 976 724 1052 recipi
748 975 943 1036 laceremus.
960 976 1029 1036 Nos
1049 975 1153 1051 igitur
1202 973 1301 1050 Juxta
1313 972 1505 1050 praecedeua
1521 973 1778 1050 praedecessoris
1794 976 1917 1037 nostri
1934 994 2033 1038 man-

356 1074 652 1152 supplicaiionibus
692 1067 840 1149 eiusdem
874 1071 1019 1134 cantoris
1056 1071 1153 1134 beni·
1206 1069 1330 1142 datum,
1346 1070 1568 1148 appellatione
1582 1071 1721 1144 remota,
1736 1072 1878 1134 ratione
1894 1078 2031 1149 praeuia

352 1188 456 1248 gnum
473 1170 701 1250 impertiamus
716 1185 900 1241 assensum,
911 1169 944 1230 et
956 1170 1048 1246 pium
1066 1183 1153 1245 prae-
1206 1167 1406 1244 procedatis.
1418 1167 1509 1240 Quod
1523 1168 1552 1228 si
1567 1183 1755 1230 nonomues
1772 1169 1816 1230 iis
1828 1185 2030 1247 exsequere

354 1268 450 1330 diotae
471 1267 590 1346 puellae
604 1267 808 1346 propositum
834 1263 870 1327 in
896 1265 1036 1327 Domino
1061 1280 1154 1327 oom—
1208 1263 1259 1324 dis
1291 1264 1467 1341 potueritis
1495 1265 1674 1338 interesse,
1699 1265 1765 1328 duo
1792 1269 1966 1328 uestrum
1996 1287 2028 1328 aa

348 1365 563 1446 mandantes,
576 1364 826 1427 universitatem
839 1363 984 1425 vestram
996 1377 1153 1439 rogamus
1208 1360 1427 1422 nihilominus
1447 1364 1684 1439 exsequantur.
1701 1361 1825 1424 Datum
1847 1365 2028 1434 Laterani,

354 1465 386 1524 et
414 1478 586 1524 monemus
616 1461 652 1522 in
691 1461 842 1533 Domino,
870 1475 931 1538 per
961 1459 1153 1536 Apostolica
1208 1458 1252 1518 Vl
1274 1457 1436 1519 kalendas
1460 1457 1640 1532 februarii,
1665 1460 1890 1537 pontificatus
1922 1464 2031 1523 nostri

352 1560 447 1622 vohis
475 1559 598 1636 scripta
625 1557 832 1628 mandantes,
858 1557 1021 1633 quatenus
1047 1553 1153 1617 diuini
1209 1568 1297 1616 auno
1313 1555 1470 1617 secundo.

353 1657 478 1720 amoris
497 1655 630 1727 iutuitu,
652 1654 685 1716 et
712 1654 902 1716 nostrarum
934 1667 1069 1732 precum
1094 1651 1155 1714 oh-

353 1754 458 1826 antu,
488 1753 523 1814 in
553 1765 703 1814 sororem
729 1753 874 1812 vestram
903 1751 937 1812 et
973 1743 1154 1811 monialem

354 1847 565 1912 admittentes
578 1847 741 1915 eamdem,
761 1848 876 1910 mutua
891 1846 998 1923 ipsam
1015 1846 1155 1908 caritate

352 1946 513 2019 tractetis,
530 1947 567 2006 ut
578 1945 651 2022 ipsa
662 1945 775 2006 votum
790 1960 887 2004 suum
907 1943 1019 2004 valeat
1046 1943 1155 2004 adim-

354 2044 456 2120 plere,
472 2042 632 2120 vobisque
646 2042 687 2103 de
701 2042 893 2118 receptione
922 2039 1013 2101 illius
1036 2055 1155 2102 cumu-

353 2141 408 2202 lus
428 2141 561 2202 aeternae
584 2133 813 2201 retributionis
838 2137 1018 2204 accrescat.
1035 2137 1153 2198 Datum

355 2236 510 2299 Laterani
541 2237 635 2298 sexto
671 2235 832 2297 kalendas
867 2233 1028 2295 februarii
1066 2249 1154 2296 auno

356 2333 512 2395 secundo.

1528 1719 1691 1812 CXVIII

1237 1883 1290 1942 Ad
1303 1883 1486 1944 Nicolaum
1499 1883 1654 1945 abbatem
1668 1883 1789 1945 Sancti
1805 1885 2000 1948 medacii

1462 1981 1604 2053 masque
1618 1979 1760 2054 fraires.

1499 2101 1534 2166 ta
1556 2108 1617 2182 iau.
1641 2105 1720 2167 1118.

1287 2229 1418 2294 libainai,
1432 2232 1499 2282 liam
1514 2231 1573 2292 hist,
1586 2231 1720 2296 ilungaria
1731 2225 1817 2284 illust.
1831 2237 1855 2284 t.
1874 2236 1896 2294 l,
1910 2229 1953 2300 9.]

1209 2338 1413 2396 lionasterium
1439 2339 1534 2397 Sancti
1556 2337 1708 2397 uhsodmh
1733 2339 1967 2400 Goeuohierchae
1991 2343 2018 2398 da

1246 2425 1379 2483 Labernis
1402 2425 1430 2484 in
1454 2441 1506 2485 sua
1523 2428 1699 2504 protectione
1721 2429 1847 2500 suscipit
1880 2431 2014 2503 pontifex.

1244 2521 1372 2572 statuens
1388 2521 1420 2572 ut
1440 2515 1545 2574 ibidem
1565 2517 1665 2590 regilla
1689 2519 1720 2574 Β.
1742 2518 1843 2574 Basilii
1874 2523 2016 2592 perpetuis

1245 2603 1421 2674 temporibus
1429 2603 1613 2675 observetur,
1624 2618 1782 2677 omnesque
1798 2609 2013 2678 possessiones,

1242 2689 1307 2763 jura
1323 2693 1351 2748 et
1365 2691 1515 2766 privilegiu
1529 2691 1688 2750 cohllrmai.

393 2433 432 2491 In
457 2430 609 2492 eumdem
637 2429 770 2490 modum
790 2427 949 2506 scriptum
971 2428 1029 2508 ‘est
1055 2443 1155 2504 super

354 2527 457 2588 hoo...
487 2526 598 2588 abbati
627 2527 695 2588 et...
725 2525 852 2586 decano
883 2525 989 2586 sancti
1018 2524 1154 2586 Vedasti

357 2622 583 2694 suessionen„
602 2625 638 2684 ut
656 2637 712 2682 eos
732 2621 773 2682 ad
798 2620 861 2682 hoc
884 2619 1064 2697 prudenter
1082 2635 1156 2680 mo-

354 2720 465 2791 neant,
492 2720 525 2780 et
547 2711 728 2780 efficaciter
748 2716 906 2778 inducere
933 2732 999 2777 non
1026 2717 1155 2793 postpo-

356 2817 447 2877 nant.
476 2815 567 2886 Quod
598 2814 628 2874 si
653 2829 719 2876 non
748 2828 874 2884 omnes,
895 2813 970 2886 etc,
992 2812 1057 2873 duo
1078 2829 1156 2874 ves·
1249 2818 1416 2880 Honorius
1430 2818 1604 2896 episeopus
1619 2833 1734 2882 servus
1745 2835 1934 2884 serrorum
1950 2826 2012 2887 bei,
2046 2871 2047 2890 ,

359 2913 458 2983 trum,
475 2913 537 2974 etc.
553 2912 672 2972 Datum
687 2911 846 2986 utsupra.
1210 2913 1331 2975 dilecto
1367 2914 1436 2976 illio
1482 2915 1622 2978 Nicolao
1664 2916 1776 2979 abbati
1815 2923 2012 2982 monasterii

1211 3013 1244 3072 S.
1252 3011 1431 3073 Theodosii
1439 3013 1686 3076 Coeuobiarchae
1694 3013 1926 3088 dehaberria‚
1936 3022 2014 3094 ejus

1210 3123 1273 3184 que
1288 3107 1445 3170 iratribus
1459 3109 1526 3171 lam
1539 3111 1756 3187 praesentibus
1769 3128 1877 3190 quam
1897 3115 2012 3177 suturis

1209 3205 1397 3282 regularem
1420 3206 1522 3268 vitam
1546 3207 1706 3283 protessis
1734 3208 1769 3270 in
1794 3213 2009 3287 perpetuum,

1210 3302 1351 3364 salutem
1369 3304 1402 3364 et
1418 3303 1640 3381 Apostolicam
1659 3304 1947 3370 benedIotionem.

1249 3399 1452 3476 Religiosam
1466 3401 1569 3464 vitam
1582 3402 1791 3478 eligentibus,
1808 3405 1893 3477 etc„
1909 3421 2010 3480 usaria

1209 3495 1379 3575 infringat.
1409 3499 1455 3560 Ea
1488 3501 1632 3576 propter,
1662 3498 1774 3562 dilecti
1806 3501 1844 3561 in
1874 3504 2010 3564 Domino

1209 3593 1282 3665 lilii,
1292 3594 1412 3654 vestris
1421 3594 1523 3671 justIs
1538 3595 1817 3672 postulationibus
1827 3597 2010 3660 clementer

1209 3690 1398 3763 annuimus,
1416 3692 1449 3753 et
1462 3691 1637 3768 praeratum
1651 3693 1897 3756 monasterium
1910 3696 2008 3757 sancti

1208 3786 1386 3849 Theodosii
1397 3787 1644 3852 coenobiarchae
1658 3789 1698 3851 de
1711 3789 1888 3864 Laberria,
1901 3794 1938 3854 in
1952 3810 2007 3870 quo

1209 3884 1321 3946 divino
1337 3885 1517 3963 mancipati
1530 3887 1610 3948 estis
1625 3886 1793 3964 obsequio,
1808 3889 1891 3961 etc„
1907 3905 2007 3965 impar

1208 3982 1462 4043 communimus.
1490 3985 1527 4043 lu
1562 3983 1677 4060 primis
1710 3984 1896 4061 siquidem,
1937 3993 2004 4054 ete,

686 3105 827 3191 CXVII

355 3257 407 3316 Aa
421 3254 578 3316 abbatem
597 3255 638 3315 dc
655 3255 753 3315 Libia
768 3255 969 3316 ecamensis
987 3253 1151 3325 diaecesis,

395 3353 676 3413 archidiaconum
714 3352 748 3412 ei
788 3347 967 3412 conatorem
1000 3353 1154 3422 maedam

394 3449 553 3510 ecclesia.

649 3541 683 3600 27
702 3541 763 3615 jau.
781 3539 860 3600 ltld.

461 3667 586 3727 [honum.
604 3664 739 3728 Hungariaa
752 3663 810 3714 hist
821 3664 896 3728 dipl..
907 3663 950 3726 Vl,
962 3659 1030 3729 idm]

355 3781 414 3838 lllis
429 3777 580 3836 committit
592 3793 709 3836 eausam
724 3793 788 3850 quia
806 3779 878 3836 inter
903 3778 1034 3836 abbatem
1047 3777 1082 3836 de
1097 3777 1155 3836 Piis

391 3874 419 3922 et
442 3863 574 3922 abbatem
591 3865 686 3922 Sancti
701 3865 813 3923 liartini
829 3865 864 3922 de
880 3865 1026 3923 Pannonia
1039 3865 1075 3922 de
1090 3866 1152 3938 qui·

395 4079 563 4140 Honorius
576 4078 762 4155 episcopus,
771 4093 888 4140 servus
899 4094 1070 4142 servorum
1080 4079 1151 4152 Dei,

331 4213 333 4218 -
354 4176 484 4239 dilectis
497 4176 576 4237 filiis
587 4174 698 4237 abbati
711 4176 751 4237 de
764 4175 872 4249 Libin,
884 4176 1057 4238 Gouriane.
1069 4176 1154 4238 dioe-

355 4275 453 4346 cesis,
477 4272 725 4345 archidiacono,
749 4274 782 4336 ei
808 4273 937 4335 cantori
964 4273 1150 4346 (lauriensi,

355 4373 497 4434 salutem
513 4371 546 4432 et
560 4370 776 4447 apostolicam
788 4369 1063 4433 benedictionem.

394 4467 512 4528 Dilecti
540 4467 600 4526 tilii
626 4465 728 4527 abbas
764 4467 797 4528 et
828 4469 1010 4530 conventus
1045 4469 1151 4530 sancti

354 4562 490 4624 Martini
515 4562 556 4622 de
583 4561 757 4622 Pannonia
786 4577 846 4622 sua
872 4562 968 4623 nobis
993 4564 1152 4640 petitione

354 4659 591 4726 monstrarunt,
604 4658 775 4733 quodcum
789 4656 897 4720 felicis
910 4659 1151 4722 recordationis

354 4754 568 4816 innocentius
583 4770 668 4832 papa
683 4755 912 4832 praedecessor
931 4757 1046 4818 noster
1071 4773 1152 4819 cau-

354 4868 436 4925 sam,
453 4868 526 4930 quaa
540 4851 628 4914 inter
639 4852 729 4929 ipsos
744 4867 788 4913 ex
806 4852 900 4930 parte
912 4869 990 4922 una,
1007 4854 1041 4916 et
1055 4854 1152 4917 abba·

352 4951 419 5014 tem
432 4965 472 5011 ac
487 4950 667 5012 monachos
682 4949 722 5010 de
736 4949 805 5010 Piis
820 4949 1152 5013 Cisterciensisordi-

351 5048 404 5109 uis
419 5046 675 5124 vesprimiensis
690 5046 844 5108 diaecesis
861 5063 903 5108 ex
915 5048 1033 5121 altera,
1050 5065 1151 5125 super

1207 4093 1314 4152 imque
1329 4079 1509 4140 secundum
1519 4082 1622 4140 Deum
1635 4083 1668 4142 et
1682 4080 1771 4143 beati
1783 4082 1906 4144 Basilii
1921 4100 2004 4160 regu

1208 4175 1273 4236 lam
1290 4174 1324 4234 in
1333 4175 1448 4236 eodem
1457 4176 1672 4249 monasterio,
1689 4179 1764 4250 etc,
1774 4193 1889 4252 imaue
1904 4181 2003 4242 obser

1207 4272 1314 4334 uetur.
1353 4273 1510 4334 Preterea
1551 4289 1777 4351 quascumque
1819 4280 2003 4352 possessio-

1207 4384 1277 4442 nes,
1309 4370 1384 4441 eic.,
1414 4385 1520 4444 aeque
1546 4370 1673 4432 illibata
1701 4377 1935 4448 permaneant.
1972 4379 2004 4436 lu

1207 4466 1325 4542 quibus
1349 4466 1432 4538 haeo,
1460 4467 1536 4538 eta,
1559 4482 1667 4541 usqae
1687 4468 1872 4542 vocabulis,
1899 4470 2001 4533 locum

1206 4563 1328 4640 ipsum,
1340 4563 1375 4625 in
1386 4579 1451 4640 quo
1465 4563 1640 4640 praelatum
1652 4565 1893 4628 monasterium
1907 4570 2001 4632 situm

1207 4660 1267 4730 est,
1292 4677 1367 4723 cum
1389 4659 1542 4722 omnibus
1564 4663 1774 4738 pertinentiis
1802 4664 1893 4740 suis3
1920 4668 2001 4744 apud

1207 4757 1482 4834 Hierosolymam,
1499 4759 1674 4820 ecclesiam
1693 4761 1801 4822 sancti
1824 4760 1998 4824 Theodosii

1207 4869 1281 4915 cum
1308 4853 1465 4932 hospitali
1501 4856 1534 4916 et
1565 4855 1749 4932 apothecis,
1778 4857 1812 4920 et
1846 4857 1948 4921 furno
1972 4867 1999 4922 cl

1205 4951 1326 5026 vineis3
1345 4951 1377 5012 in
1393 4951 1520 5014 duobus
1539 4953 1752 5015 monasteriis
1768 4954 1876 5016 sancti
1897 4958 1997 5018 Joan-

1205 5048 1258 5108 nis
1272 5048 1427 5124 Baptistae
1443 5049 1477 5110 et
1490 5049 1596 5110 sancti
1607 5049 1741 5126 Georgii
1757 5050 1842 5128 apud
1858 5055 1997 5115 Ramela

352 5144 548 5223 quibusdam
563 5143 701 5206 decimis
722 5144 756 5206 et
782 5143 882 5206 rebus
908 5145 985 5206 aliis
1008 5145 1150 5208 vertitur
1203 5145 1326 5219 terram
1343 5145 1430 5222 apud
1446 5146 1590 5208 Schalon
1605 5149 1713 5209 terras
1733 5149 1766 5210 et
1786 5148 1902 5212 videas
1930 5168 1995 5212 oum

350 5241 535 5304 venerabili
551 5240 646 5303 fratri
661 5241 815 5318 episcopo
840 5242 1015 5304 (lauriensi
1031 5243 1063 5304 et
1076 5243 1150 5319 eJ'us
1205 5239 1377 5321 hospitali;
1403 5243 1497 5304 extra
1529 5242 1651 5305 Jaffam
1682 5245 1868 5306 ecclesiam
1898 5250 1996 5309 suncti

351 5337 1150 5416 collegiscommiseritterminandam,tumprop·
1203 5341 1309 5409 Jouae,
1323 5341 1357 5401 et
1369 5337 1462 5402 intus
1474 5339 1657 5416 apothecas
1681 5342 1714 5403 et
1740 5341 1905 5420 hospitale
1932 5362 1997 5406 cun

350 5433 404 5496 ter
417 5435 622 5496 mandatoris
639 5437 790 5508 mortem,
807 5435 877 5496 tum
897 5437 976 5512 quia
991 5435 1148 5513 prelatus
1203 5437 1301 5498 uinea
1313 5451 1452 5514 magua;
1466 5437 1549 5499 duas
1564 5453 1667 5500 naves
1686 5438 1809 5500 liberas
1825 5455 1886 5516 per
1899 5443 1996 5504 totum

352 5529 528 5608 episcopus
558 5531 793 5594 transfretasse
824 5532 947 5595 dicitur
973 5549 1009 5594 uu
1038 5531 1149 5595 subsi-
1204 5549 1295 5596 mare
1311 5533 1397 5612 apud
1410 5533 1542 5612 latiam3
1557 5533 1778 5598 obedientlam
1798 5537 1883 5613 apud
1896 5541 1994 5612 zebei,
