4104 6392
322 257 381 314 727

323 413 447 490 scripta
463 415 667 488 mandamus,
685 417 857 494 quatenus,
875 419 904 480 si
919 419 1116 483 sententiam

322 510 429 588 ipsam
445 514 519 589 post
532 513 787 589 appellationem
809 516 999 596 hujusmodi
1015 519 1115 579 inve-

323 609 441 670 neritis
456 625 529 670 esse
544 609 657 683 latam,
677 611 911 676 denuntiantes
932 631 1005 676 eam
1020 613 1116 691 peni-

321 707 375 765 tus
389 720 463 766 esse
478 706 615 780 nullam,
631 711 759 771 vocatis
772 712 827 788 qui
844 712 968 774 luerint
978 727 1117 774 evocan-

323 801 366 873 di,
402 803 545 865 audiatis
572 821 718 879 causam,
748 809 781 870 ot
804 809 890 886 quod
919 809 1115 871 canonicum

321 896 423 960 luerit
437 901 658 978 appellatione
668 906 848 982 postposita
866 907 1030 970 statuatis.
1047 909 1115 967 lia-

321 995 459 1068 cientes,
471 1000 545 1070 etc,
555 1000 667 1072 testes,
682 1003 757 1075 etc.,
770 1003 895 1079 quodsi
911 1020 978 1066 non
989 1019 1113 1075 omnes,

321 1094 384 1153 etc.
412 1097 531 1156 Datum
557 1100 670 1159 Romae
694 1100 780 1177 apud
804 1103 837 1161 S.
861 1102 995 1163 Petrum
1018 1101 1115 1163 tertio

321 1205 426 1252 nonas
442 1193 532 1266 maii,
550 1209 637 1258 anno
650 1197 807 1258 secunde.
1073 1193 1081 1204 '

654 1384 783 1470 CCXX

459 1525 510 1583 Ad
533 1527 687 1585 hormines
705 1529 746 1586 dc
766 1528 973 1599 cottanorum.

617 1647 717 1704 dmaii
737 1647 816 1706 litt.

434 1759 606 1824 [spicilegium
622 1761 794 1820 Libonianum,
805 1777 831 1826 p.
844 1761 899 1821 721,
911 1776 936 1812 u.
950 1761 1000 1826 lh]

320 1864 452 1932 Queritur
477 1863 512 1921 de
536 1866 674 1924 molestiis
702 1865 738 1924 uh
761 1867 804 1924 eis
827 1866 943 1924 inllictis
963 1865 1116 1924 couventui

462 1953 558 2010 Sancti
575 1953 774 2013 bartholomaei
790 1955 825 2012 de
840 1955 973 2013 trisulto.
1026 2029 1030 2038 ι

360 2078 527 2138 Honorius
543 2079 848 2155 episcopusservus
869 2095 1039 2141 servorum
1056 2078 1115 2140 het

320 2172 450 2235 dilectis
466 2175 544 2234 tiliis
558 2175 748 2236 homiuibus
765 2177 806 2237 de
821 2176 1016 2253 Collepardo
1029 2176 1114 2236 tide-

319 2269 406 2332 libus
424 2272 558 2344 nostris,
575 2272 717 2335 salutem
738 2274 771 2337 et
784 2274 999 2350 apostolicam
1014 2273 1117 2335 bene-

319 2367 508 2430 dictionem.

359 2469 466 2526 Grave
476 2467 623 2542 gerimus
639 2469 671 2529 et
685 2469 858 2544 indignum
874 2468 960 2546 quod
976 2468 1115 2530 dilectos

318 2561 405 2623 lilios
420 2564 564 2641 priorem
582 2566 615 2627 et
627 2567 825 2628 conventum
841 2567 953 2627 Sancti
968 2565 1114 2627 Bartho-

318 2660 427 2721 lomaei
440 2661 481 2722 de
496 2662 640 2724 'trisulto
655 2664 877 2725 cartusiensis
892 2661 1019 2724 ordinis
1035 2663 1116 2723 mul-

317 2757 492 2832 tipliciter,
527 2761 613 2820 sicut
648 2761 853 2836 accepimus,
886 2761 1111 2832 molestantes,

319 2869 434 2916 eorum
449 2856 572 2932 sylvas,
587 2856 696 2917 hanno
709 2857 816 2918 lelicis
830 2858 997 2918 memoriae
1009 2859 1113 2918 Inno-

319 2951 420 3012 centii
442 2968 496 3029 pp.
513 2952 768 3030 praedecessoris
788 2954 892 3015 nostri
915 2956 1112 3030 contempt0,

319 3048 491 3109 succidere
507 3065 572 3110 non
584 3050 720 3122 timetis,
735 3066 857 3127 eosque
872 3065 972 3127 super
982 3051 1115 3127 pascuis

317 3146 444 3206 temere
455 3146 642 3219 molestare,
653 3147 708 3224 qui
719 3163 788 3209 suae
802 3148 976 3223 religionis
990 3149 1115 3210 intuitu

318 3242 351 3303 et
385 3243 651 3305 consideratione
678 3245 876 3322 spostolicae
908 3244 1013 3316 Sedis,
1041 3262 1114 3323 quae

318 3339 426 3401 locum
448 3342 556 3418 ipsum
577 3344 735 3419 tanquam
760 3359 853 3404 suam
876 3343 1114 3420 plantationem

317 3437 481 3499 novellam
494 3439 631 3517 speciali
642 3439 751 3517 diligit
763 3441 913 3513 caritate,
927 3456 994 3503 non
1007 3441 1113 3503 solum

317 3534 357 3594 ab
370 3537 653 3600 eorumdeberetis
663 3537 829 3600 abstinere
840 3538 985 3616 injuriis,
996 3554 1113 3599 verum

316 3633 414 3694 etiam
430 3635 524 3710 grata
540 3636 588 3696 eis
611 3635 730 3697 solatia
746 3635 918 3708 exhibere,
940 3637 977 3696 ut
996 3635 1111 3698 osten-

317 3729 440 3792 deretis
454 3747 513 3792 vos
526 3732 665 3808 diligere
677 3734 827 3809 quosmet
842 3733 875 3793 et
889 3732 1024 3795 domina
1034 3748 1113 3794 ves-

315 3830 369 3889 tra
389 3831 538 3890 Romana
564 3829 712 3890 Ecclesia
735 3829 843 3905 diligit
870 3829 903 3890 et
926 3830 1113 3892 orationum

317 3939 452 3985 suarum
477 3923 638 4000 suffragia
663 3927 819 4002 consequi
835 3925 1003 3988 valeretis.
1020 3927 1113 3988 Licet

318 4021 420 4096 igitur
456 4022 552 4099 culpa
588 4023 778 4101 hujusmodi
813 4037 949 4099 gravem
982 4017 1113 4101 poenam

318 4120 432 4195 procul
447 4118 546 4182 dubio
557 4121 735 4192 mereatur,
752 4119 902 4181 volentes
916 4121 1028 4182 tamen
1040 4137 1115 4199 pro·

316 4218 433 4279 cedere
444 4217 614 4280 vobiscum
625 4219 659 4278 in
675 4217 961 4295 spiritnlenitatis,
971 4234 1115 4296 praeser-

314 4315 375 4376 tim
395 4333 496 4392 quum
511 4316 611 4376 iidem
627 4316 747 4378 iratres
763 4315 933 4377 humiliter
945 4316 979 4377 id
994 4315 1114 4393 depos-

316 4415 417 4484 cant,
463 4413 716 4475 universitatem
758 4414 903 4474 uestram
941 4429 1113 4475 monemus

316 4509 473 4570 attentius
491 4509 524 4569 et
537 4509 710 4570 hortamur
730 4524 789 4585 per
809 4510 1000 4586 Apostolica
1019 4510 1113 4571 vobis

316 4605 438 4681 scripta
465 4605 698 4682 praecipiendo,
726 4605 921 4667 mandantes
950 4607 1113 4683 quatenus

316 4702 357 4763 ab
373 4702 463 4762 omni
477 4701 712 4779 praedictorum
728 4701 787 4763 Dei
803 4717 975 4764 serrorum
986 4703 1112 4764 moles-

315 4799 441 4862 tatione
476 4799 644 4861 cessantes
679 4799 871 4860 mandatum
900 4800 986 4878 quod
1026 4801 1112 4862 idem

315 4898 539 4977 predecessor
549 4898 940 4974 nostervobissuperhoc
950 4898 1113 4961 direxisse

315 4997 520 5073 dignoscitur
538 4994 776 5058 inviolabiliter
796 4994 1001 5071 observetis3
1023 4997 1113 5059 alio-

315 5096 394 5173 quin
406 5111 472 5157 non
492 5094 598 5155 solum
611 5093 851 5171 poenambanni
863 5093 1029 5156 abeodem
1045 5097 1114 5155 sta-

314 5193 387 5260 tuti,
408 5208 523 5254 verum
543 5193 643 5254 etiam
663 5192 765 5252 aliam
788 5193 976 5267 graviorem
999 5193 1112 5269 procul

314 5289 614 5360 dubioincurretis,
627 5291 789 5365 procerte
805 5287 975 5362 hahentes,
992 5289 1019 5349 si
1034 5306 1114 5368 prac-

314 5403 392 5448 sens
408 5387 535 5450 euobis
549 5386 650 5448 luerit
662 5387 848 5464 contempta
861 5387 1011 5448 monitio.

355 5485 472 5546 Datum
495 5487 608 5546 ltomae
628 5481 714 5563 apud
738 5487 771 5546 S.
798 5484 943 5557 Petrum,
968 5487 1015 5547 Ill
1034 5501 1111 5547 non.

315 5581 407 5651 maii,
424 5581 636 5658 pontificatus
651 5581 757 5644 nostri
773 5597 860 5644 anno
876 5581 1032 5646 secundo.

941 261 1117 323 bouchu
1139 259 1187 319 Ill
1206 261 1353 321 urhun.

1938 271 1990 327 623

1494 431 1646 518 CCXXI

1210 547 1906 646 Aceattversoscuronpceusrozontae
1920 577 1954 634 et

1457 673 1691 732 Pomeraniae.

1468 790 1572 849 bmaii
1592 793 1671 852 ibid

1257 893 1387 958 [Theiuen
1400 897 1567 948 documenta
1577 898 1702 958 rotante,
1722 900 1743 957 1,
1757 899 1786 956 d.
1802 913 1832 948 n.
1849 899 1909 963 to]

1196 1001 1232 1058 tlt
1246 999 1378 1058 Prutenis
1389 1009 1519 1058 recenter
1534 1003 1570 1061 ad
1585 1002 1670 1062 tidem
1685 1005 1850 1064 conversis
1866 1013 1967 1063 cenna

1364 1089 1502 1148 barbaros
1516 1092 1653 1151 auxilium
1669 1093 1779 1152 ierant.

1210 1198 1377 1260 Honorius
1391 1199 1567 1277 episcopus
1582 1217 1699 1263 servus
1715 1218 1909 1264 servorum
1921 1205 1983 1271 liei,

1170 1295 1338 1357 universis
1357 1297 1481 1358 Christi
1496 1297 1647 1359 fidelibus
1672 1316 1735 1377 per
1755 1300 1944 1361 Poloniam
1957 1309 1983 1361 et
2021 1289 2022 1340 Ῑ

1171 1392 1204 1452 et
1218 1393 1450 1456 Pomeraniam
1461 1396 1660 1469 constitutis,
1671 1397 1828 1460 salutem
1844 1399 1882 1458 et
1896 1414 1982 1474 apos·

1170 1489 1302 1550 tolioam
1317 1489 1593 1553 benedictionem.

1212 1587 1287 1648 Alto
1311 1587 1433 1649 divinae
1448 1587 1674 1665 dispositionis
1689 1591 1845 1653 consilio
1863 1593 1977 1668 agitur,

1170 1685 1207 1745 ut
1221 1685 1372 1746 conversi
1387 1686 1429 1747 ed
1444 1686 1614 1748 dominum
1630 1688 1897 1764 persecutiones
1910 1707 1977 1750 sus-

1171 1781 1299 1844 tineant
1312 1784 1345 1845 et
1358 1798 1544 1859 pressuras,
1560 1786 1593 1845 et
1616 1785 1779 1846 Israelem
1802 1791 1975 1848 exeuntem

1173 1880 1332 1956 Egyptum
1360 1880 1493 1941 Pharao
1525 1881 1636 1942 acrius
1662 1887 1901 1960 persequatur
1921 1907 1928 1944 :
1948 1887 1974 1944 in
2021 1919 2022 1960 p

1171 1979 1265 2054 cujus
1293 1979 1474 2053 conspectu
1501 1980 1624 2040 terram
1652 1981 1903 2057 promissionis
1927 1983 1974 2041 in-

1169 2074 1288 2136 trantis
1309 2075 1513 2152 consumpsit
1534 2077 1622 2136 Deus
1644 2093 1793 2152 magnus
1820 2081 1859 2139 et
1888 2082 1975 2140 tern'-
2021 2119 2022 2126 .

1170 2169 1247 2231 bilis
1261 2169 1414 2233 nationes
1430 2172 1589 2248 paulatim
1601 2173 1702 2250 alque
1714 2189 1779 2251 per
1796 2177 1928 2251 partes,
1942 2193 1973 2237 ue

1170 2267 1296 2344 pariter
1307 2267 1375 2329 illis
1390 2268 1507 2330 deletis
1526 2270 1839 2346 multiplicarentur
1870 2273 1973 2334 bestie

1170 2367 1286 2427 contra
1324 2365 1430 2439 illum,
1459 2367 1571 2429 hostes
1603 2367 1786 2430 interiores
1825 2371 1971 2432 videlicet

1170 2463 1281 2524 acrius
1304 2465 1550 2541 persequentes.
1565 2465 1736 2527 Gebuseus
1758 2483 1905 2545 quoque
1920 2470 1973 2528 ha-

1169 2560 1286 2622 bitavit
1307 2561 1343 2622 in
1368 2561 1575 2622 Hierusalem
1598 2577 1671 2623 oum
1688 2563 1770 2626 liliis
1788 2567 1973 2642 Benjamin,

1170 2674 1211 2719 ne
1221 2658 1289 2720 olio
1300 2657 1483 2720 effeminati
1490 2661 1726 2736 torpescerent,
1742 2662 1807 2722 sed
1819 2662 1974 2724 habentes

1170 2771 1243 2816 cum
1258 2755 1376 2834 quibus
1390 2772 1427 2816 se
1442 2759 1637 2818 exercerent
1651 2757 1693 2818 ad
1710 2759 1889 2835 praelium,
1907 2777 1973 2823 oer-

1169 2853 1280 2926 tando,
1306 2853 1462 2929 legitimae
1478 2855 1595 2928 gloriae
1609 2869 1767 2916 coronam
1782 2858 1974 2934 acciperent

1169 2953 1244 3028 post
1269 2951 1486 3028 triumphum.
1519 2950 1703 3014 'tribulatio
1733 2968 1890 3032 namque
1916 2957 1974 3015 iir-

1170 3051 1275 3110 tutum
1301 3048 1465 3126 adjutrix,
1495 3049 1531 3110 ut
1559 3064 1676 3110 aurum
1700 3047 1829 3112 fornax
1865 3053 1974 3130 probat

1170 3147 1302 3218 electos,
1321 3147 1479 3223 partaque
1499 3147 1610 3208 tuetur
1630 3148 1663 3208 et
1681 3150 1796 3223 auget,
1821 3152 1973 3226 quonlam

1170 3244 1304 3306 venatio
1333 3243 1390 3304 dat
1424 3243 1627 3304 intellectum
1656 3244 1808 3317 audihri,
1838 3251 1876 3308 et
1902 3248 1972 3309 Abel

1169 3357 1244 3402 esse
1254 3342 1375 3414 renuit,
1389 3357 1486 3418 quem
1501 3342 1582 3402 Cain
1602 3342 1730 3403 malitia
1743 3358 1816 3404 non
1832 3351 1971 3416 exercet,
2021 3355 2022 3428 ᾗ

1169 3455 1269 3516 quum
1279 3439 1478 3500 otiumvitiis
1488 3439 1844 3502 tribuatincentivum.
1858 3444 1908 3504 Ad
1919 3445 1973 3504 boe
2021 3431 2022 3450 ³

1169 3553 1248 3613 ergo
1274 3537 1443 3609 Dominus,
1473 3537 1531 3613 qui
1555 3537 1643 3598 mala
1668 3553 1736 3599 non
1763 3542 1972 3615 permitteret
2021 3553 2022 3556 ’

1169 3633 1253 3706 lieri,
1280 3634 1345 3695 nisi
1356 3634 1492 3696 eliceret
1506 3634 1583 3694 inde
1598 3633 1732 3708 honum,
1749 3651 1815 3698 suo
1827 3641 1971 3699 exterius
2021 3617 2022 3642 ¹

1168 3732 1323 3793 tribulari
1338 3732 1508 3808 permittit,
1524 3733 1560 3793 ut
1576 3749 1612 3792 se
1625 3733 1709 3794 totos
1725 3734 1879 3796 interius
1892 3736 1973 3798 colli·

1168 3831 1283 3906 gentes
1305 3845 1400 3890 suam
1417 3829 1676 3891 imbecillitatem
1700 3837 1924 3906 cognoscant,
1944 3839 1971 3894 et

1168 3927 1204 3987 in
1216 3929 1395 4004 conspectu
1409 3927 1468 3988 Dei
1491 3927 1704 3988 humiliantes
1721 3928 1861 4005 seipsos
1884 3931 1924 3991 ab
1938 3949 1969 3991 eo

1169 4025 1332 4085 auxilium
1346 4023 1590 4102 praestolentur,
1601 4026 1633 4085 et
1643 4025 1775 4086 dicant:
1789 4029 1853 4088 tua
1864 4031 1915 4090 est
1925 4046 1971 4105 po-

1169 4122 1284 4194 tentia,
1301 4123 1394 4183 tuum
1413 4137 1562 4196 regnum,
1581 4137 1645 4182 non
1662 4137 1779 4198 pacem
1797 4127 1966 4202 temporis.

1168 4219 1227 4280 sed
1243 4219 1352 4296 potius
1366 4221 1509 4296 pectoris
1520 4219 1714 4295 expetendo.
1728 4221 1902 4292 Quoniam
1913 4226 1966 4284 etsi

1168 4333 1247 4396 pars
1263 4315 1429 4378 interdum
1441 4317 1475 4376 in
1491 4333 1574 4392 pace
1588 4317 1767 4394 Babylonis
1785 4319 1843 4392 sit,
1861 4322 1967 4389 eisin

1168 4416 1240 4492 ipsa
1254 4415 1365 4475 tamen
1381 4428 1462 4490 pace
1474 4413 1664 4490 frequenter
1674 4415 1871 4478 amaritudo
1887 4435 1969 4479 ama-

1168 4512 1312 4573 rissima.
1327 4511 1429 4573 David
1444 4511 1577 4582 etenim,
1594 4527 1691 4588 quem
1703 4511 1794 4573 bella
1807 4531 1883 4575 non
1896 4518 1971 4576 vice·

1167 4611 1253 4680 rant,
1268 4609 1533 4685 paxprostravit,
1550 4610 1583 4671 et
1597 4609 1715 4673 l'ortius
1726 4611 1866 4684 cecidit,
1879 4630 1971 4690 quan

1168 4706 1197 4768 si
1217 4706 1334 4768 luisset
1354 4723 1374 4768 a
1396 4705 1583 4768 visibilibus
1604 4706 1754 4768 hostibus
1779 4716 1971 4785 superatus.

1167 4801 1266 4865 Aliud
1287 4819 1416 4881 quoque
1434 4804 1522 4865 circa
1541 4819 1601 4866 nos
1620 4803 1779 4866 Dominus
1798 4823 1877 4870 suae
1894 4811 1975 4888 judi

1169 4903 1256 4963 cium
1267 4901 1402 4963 exhibet
1414 4901 1572 4964 bonitatis
1583 4902 1618 4962 in
1631 4901 1705 4973 hoc,
1715 4902 1802 4978 quod
1817 4913 1975 4968 reservat

1168 4998 1321 5060 fidelibus
1339 4999 1410 5060 suis
1426 4998 1549 5066 hostes,
1564 5013 1646 5075 quos
1666 5000 1777 5075 posset
1796 5006 1977 5067 conterere

1168 5095 1361 5168 soloverbo,
1372 5097 1426 5157 cui
1436 5096 1526 5157 venti
1536 5094 1694 5158 obediunt
1705 5097 1807 5173 atque
1818 5116 1932 5174 mare,
1948 5109 1978 5164 ut

1167 5193 1322 5256 videlicet
1347 5193 1403 5270 qni
1424 5192 1634 5256 offenderunt
1653 5193 1690 5258 iu
1709 5194 1837 5268 multis,
1858 5201 1977 5262 multi-

1168 5291 1287 5369 plicem
1313 5290 1457 5352 habeant
1480 5289 1707 5354 satisfaciendi
1729 5294 1979 5367 materiensi

1169 5389 1403 5461 succurrendo,
1426 5388 1462 5449 in
1479 5389 1629 5465 personis
1642 5388 1675 5449 et
1687 5387 1800 5462 rebus,
1816 5390 1978 5458 fidelibus

1168 5486 1345 5558 tribulatis,
1368 5486 1484 5548 saltem
1495 5486 1630 5562 accepto
1641 5485 1747 5550 calice
1760 5487 1911 5552 salutari
1926 5511 1979 5555 re-

1168 5585 1316 5648 tribuant
1330 5583 1454 5662 aliquid
1465 5584 1614 5654 Domino,
1628 5584 1684 5660 qtii
1693 5598 1752 5660 pro
1768 5586 1821 5646 eis
1837 5589 1978 5654 tradidit
