4214 6400
135 327 205 388 425
505 321 515 336 ‘
703 327 881 389 HONORII
908 327 1034 388 PAPAE
1057 326 1103 390 iti
1124 329 1233 390 vlint.
1735 329 1795 391 426

139 486 309 558 habuerat
335 485 474 566 (Arcton.
495 487 657 559 00100.
677 484 800 565 336).
818 487 944 564 Siquis
998 487 1250 564 libertatemque
1287 485 1549 550 ecclesiasticam
1584 487 1793 566 panulvisse,

137 586 256 648 temen
279 585 375 661 plura
398 585 507 648 adhuc
522 585 603 647 vetit
623 585 664 646 de
687 585 787 648 rebus
804 584 942 647 Honorii
998 587 1096 662 atque
1131 586 1199 649 alia
1236 585 1398 662 praeterea
1428 585 1571 646 nefanda
1608 585 1794 647 admisisse.

138 684 180 744 in
195 683 303 744 Gallia
313 684 427 758 gestis,
440 685 561 760 praeter
566 687 637 760 jam
649 683 737 745 dicta
748 699 814 744 uon
825 699 941 760 pauca,
999 686 1078 744 itam
1107 682 1148 743 ob
1172 699 1253 754 rem,
1285 699 1359 744 cum
1391 697 1472 758 gens
1501 684 1561 745 illa
1587 683 1796 760 impoenitens

141 781 213 842 alia
228 779 408 856 comperiet
422 781 509 855 apud
523 781 718 856 Gregorium
734 783 788 842 IX.
999 795 1073 842 sese
1103 781 1204 842 etiam
1239 781 1341 842 armis
1377 783 1580 858 protegeret,
1617 780 1798 857 conscripti

186 882 425 938 Germanorum
441 893 495 938 res
512 894 587 938 curn
599 879 747 940 Honorio
760 879 862 954 gestae
877 893 944 940 non
998 880 1075 940 sunt
1089 894 1188 940 cruce
1207 879 1328 956 signati
1345 879 1466 940 milites
1486 865 1686 956 Apostolicae
1703 878 1798 940 Sedis

142 991 261 1053 paucae
288 976 375 1036 suut.
393 976 436 1036 ut
454 975 556 1050 igitur
580 976 814 1052 Aquilonarem
834 976 945 1052 regio-
999 976 1216 1052 promulgatis
1237 977 1367 1048 litteris,
1396 978 1495 1054 atque
1521 978 1567 1038 ita
1593 975 1663 1038 ieie
1683 993 1797 1038 omnes

144 1089 224 1134 uem
249 1087 488 1149 prosequamur
512 1074 766 1136 exordiemura
792 1075 942 1135 Livonia.
999 1074 1129 1149 protriti
1155 1076 1246 1150 sunt;
1273 1076 1310 1136 ut
1332 1074 1494 1136 memorat
1510 1075 1626 1136 Krant.
1648 1075 1798 1149 Metron.

142 1170 348 1248 iampridem
382 1171 574 1234 Innocentio
599 1173 643 1233 111
671 1175 805 1234 Summo
829 1171 946 1234 Ponti·
999 1171 1056 1231 lib.
1083 1174 1153 1243 Vll,
1178 1187 1206 1232 c.
1227 1176 1268 1234 17
1286 1193 1293 1232 :
1310 1172 1388 1234 licet
1404 1173 1546 1233 Sitridus
1561 1172 1594 1233 id
1613 1170 1737 1233 referat
1756 1170 1798 1232 ad

143 1268 211 1328 fica
240 1267 371 1328 Livonii
396 1267 518 1330 Christi
545 1267 642 1330 tidem
667 1270 859 1346 amplexati,
883 1267 944 1329 sub
999 1283 1122 1330 annum
1149 1269 1280 1330 Domini
1307 1271 1385 1331 1238
1406 1269 1467 1331 suh
1488 1269 1649 1346 Gregorio
1661 1267 1798 1342 1X3sed

142 1365 410 1441 Templariorum
429 1364 554 1428 ditione
567 1367 730 1442 degebant
746 1387 753 1428 ε
768 1370 891 1428 Verum
909 1366 944 1428 in
999 1366 1032 1426 id
1048 1366 1132 1428 torte
1145 1381 1279 1427 rursum
1299 1367 1476 1429 acciderat.

143 1479 205 1524 eos
220 1462 387 1524 crudelius
399 1479 498 1539 quam
513 1464 714 1526 christianos
731 1465 872 1536 deceret,
888 1467 946 1542 Ju-
1039 1465 1228 1526 bremensis
1248 1465 1519 1542 archiepiscopus
1543 1466 1580 1526 ut
1598 1464 1798 1524 Galliensem

143 1559 243 1622 diciis
257 1560 495 1637 temporalibus
511 1561 746 1624 desaeviebant.
762 1563 944 1640 Siquando
1000 1562 1189 1638 episcopum
1206 1563 1391 1624 litterarum
1407 1577 1544 1639 prorsus
1563 1561 1717 1637 ignarum
1739 1560 1800 1621 de-

144 1658 270 1720 etenim
300 1659 341 1722 de
365 1658 506 1736 alicujus
532 1659 610 1721 laici
641 1661 780 1722 crimine
807 1661 945 1722 infamia
996 1659 1127 1736 jwiceret,
1144 1675 1261 1736 nempe
1274 1660 1331 1737 qui
1344 1676 1405 1721 nec
1416 1659 1535 1722 Donati
1546 1658 1679 1737 quidem
1690 1673 1798 1732 gram·

144 1755 377 1830 evulgabatur,
395 1757 431 1818 ut
445 1757 636 1820 diffamatus
647 1761 856 1834 purgaretur,
872 1773 947 1820 can·
1001 1758 1154 1818 maticam
1167 1757 1346 1834 aliquando
1357 1758 1502 1833 legisset,
1519 1759 1617 1834 atque
1629 1755 1705 1816 ideo
1715 1769 1800 1831 pon-

145 1853 256 1914 dentis
272 1853 305 1916 et
320 1853 417 1928 igniti
434 1853 514 1916 terri
530 1856 793 1932 experimentum
807 1855 948 1918 adhibe·
1001 1851 1112 1916 titiciae
1133 1855 1287 1931 dignitati
1307 1853 1579 1916 administranda
1594 1853 1730 1914 omnino
1744 1867 1800 1912 es-

143 1949 237 2021 bant,
264 1953 361 2026 cujus
382 1952 536 2014 contactu
556 1953 587 2013 si
606 1952 738 2014 adustio
763 1954 875 2031 aliqua
892 1969 948 2014 se-
1001 1953 1053 2013 set
1079 1952 1221 2028 ineptus
1242 1952 1381 2013 Honorii
1406 1951 1636 2014 auctoritatem
1649 1947 1797 2025 expetiit,

146 2049 318 2123 queretur,
344 2049 434 2110 velut
457 2050 493 2110 in
516 2065 610 2110 reum
627 2051 944 2114 animadvertebant.
1002 2049 1058 2126 qui
1068 2049 1267 2126 apostolicis
1285 2049 1407 2112 litteris
1426 2048 1617 2128 requaesita,
1630 2045 1799 2108 hominem

146 2147 230 2206 Cum
253 2145 356 2222 igitur
374 2146 564 2224 hujusmodi
581 2148 709 2225 judicio
724 2152 810 2210 Deus
826 2151 947 2212 tentari
1003 2145 1224 2224 dejiciendum
1240 2147 1318 2209 sede
1332 2146 1568 2224 pronunciavit
1582 2143 1643 2224 (2).

145 2244 329 2314 rideretur,
343 2245 512 2306 Honorius
524 2247 654 2321 sategit,
672 2249 709 2308 ut
722 2248 872 2307 censuris
886 2251 950 2308 Ec-
1042 2245 1259 2307 'treverensis
1280 2245 1381 2308 etiam
1402 2243 1672 2320 archiepiscopus
1691 2241 1727 2301 in
1741 2239 1803 2302 de-

146 2341 348 2404 ciesiasticis
367 2341 490 2404 abusus
507 2343 732 2419 hujusmodia
749 2345 949 2421 Templanis
1003 2341 1149 2403 finienda
1173 2341 1302 2404 abbatis
1329 2345 1362 2402 S.
1391 2341 1482 2403 Petri
1504 2339 1670 2402 ‘bullensis
1698 2353 1803 2415 quaes·

147 2439 249 2516 atque
261 2438 338 2502 aliis
352 2439 880 2521 001011000101010100(1)((1000.
892 2445 946 2514 111,
1004 2441 1122 2508 stione,
1150 2455 1343 2520 aequaeuo
1372 2454 1479 2516 neque
1508 2437 1648 2498 alterius
1673 2434 1801 2512 judicio

147 2536 254 2608 lihV,
270 2537 320 2600 tit.
331 2535 397 2615 35).
409 2538 664 2600 Teutonicorum
677 2541 787 2602 autem
799 2539 949 2600 ordinem
1003 2537 1240 2616 quiescendum
1264 2537 1403 2614 putavit,
1420 2535 1477 2596 sed
1492 2533 1691 2610 apostolica
1707 2531 1802 2592 Sedis

147 2634 341 2696 confirmari
363 2633 404 2696 ah
418 2637 567 2698 Honorio
587 2636 717 2699 curavit
731 2635 862 2714 quidem
876 2639 952 2698 Fri-
1004 2635 1217 2712 quaerendam
1243 2633 1475 2695 auctoritatem
1498 2629 1681 2701 constituit,
1698 2629 1734 2689 ut
1759 2625 1802 2688 ab

146 2733 284 2794 dericus
308 2732 498 2809 imperator,
525 2734 667 2795 Krentio
694 2735 794 2806 teste,
830 2737 947 2808 Vana„
1005 2734 1062 2794 illa
1074 2731 1238 2810 judicium
1260 2729 1497 2801 manaretrite,
1518 2725 1802 2802 neaniilagitime

146 2829 208 2890 lib.
219 2831 290 2902 vlt,
304 2831 399 2905 c.27;
413 2831 471 2892 sed
480 2831 514 2892 id
532 2832 716 2894 coniectum
730 2835 782 2896 est
794 2849 814 2894 a
825 2835 952 2909 Grego-
1005 2831 1075 2892 suis
1085 2829 1229 2907 juribus,
1247 2828 1349 2890 abbas
1369 2826 1524 2889 cessisset
1540 2822 1599 2903 (3).
1618 2823 1729 2904 (Greg.
1745 2823 1801 2891 IX,

147 2927 202 2990 rio
216 2931 271 2990 ix.
438 2997 443 3006 ,
1005 2927 1062 2989 lib.
1080 2931 1105 3000 1,
1120 2927 1171 2989 tit.
1181 2926 1227 3006 9.)

191 3025 272 3088 Daci
287 3041 417 3104 quoque
435 3027 500 3104 ipsi
520 3042 661 3104 paruere
682 3029 841 3100 Honorio,
859 3029 952 3106 judi·
1045 3025 1140 3103 Apud
1161 3024 1390 3100 salisburgum
1406 3021 1520 3084 coacta
1536 3019 1662 3098 synodo
1679 3034 1804 3080 conve·

150 3122 344 3201 clerumque
357 3124 498 3186 termam
516 3124 559 3184 ab
571 3126 760 3201 apostolica
774 3127 858 3188 Sede
868 3143 952 3203 peu·
1005 3124 1126 3186 nerunt
1138 3122 1398 3199 Phrisingensis,
1414 3119 1636 3191 Putaviensis,
1653 3119 1806 3191 (lurcon-

150 3221 230 3283 dere
251 3223 427 3284 contestati
453 3224 540 3294 sunt,
562 3223 829 3300 quandoquidem
856 3227 950 3286 Lun-
1006 3223 1063 3293 sis,
1081 3221 1287 3283 chiemensis
1308 3219 1467 3296 episcopi,
1493 3219 1527 3280 et
1549 3213 1803 3293 Ratisponensis

150 3320 264 3380 densis
284 3319 556 3396 archiepiscopus
571 3337 645 3381 cum
661 3321 953 3384 animadvertisset
1006 3335 1065 3398 per
1092 3319 1254 3381 vicarium
1285 3317 1363 3394 quia
1391 3317 1540 3392 legitimo
1569 3311 1804 3391 impedimento

146 3417 285 3495 judiciis
305 3417 411 3488 illudi,
428 3419 513 3494 qnod
529 3418 643 3480 clerici
665 3418 706 3480 ad
726 3419 951 3482 testimonium
1007 3415 1249 3478 distinebatur:
1266 3415 1346 3476 Cum
1359 3413 1471 3490 itaque
1489 3413 1525 3472 iu
1544 3411 1629 3472 alios
1645 3409 1807 3483 suffraga-

151 3514 393 3592 perhibendum
403 3515 544 3578 adhibiti
564 3532 633 3578 suae
648 3517 766 3578 salutis
781 3517 954 3578 immemo·
1007 3529 1087 3575 neos
1100 3513 1291 3590 reliquosve
1302 3509 1488 3572 Provinciae
1501 3507 1543 3568 ad
1553 3504 1714 3584 synodum
1732 3519 1807 3566 evo·

152 3627 223 3681 res,
245 3614 393 3691 perjurio
421 3613 572 3690 salsaque
604 3615 817 3676 attestatione
844 3615 954 3676 010110-
1007 3614 1110 3682 catos,
1132 3609 1320 3672 contumaci
1344 3607 1453 3669 mente
1472 3605 1625 3667 absentes
1642 3601 1806 3680 judicium

152 3711 323 3788 quantiam
338 3713 480 3774 crimina
495 3711 699 3787 obtegerent,
716 3714 817 3776 tantae
832 3714 882 3773 rei
895 3727 954 3774 oc-
1008 3707 1153 3786 synodus
1168 3705 1370 3784 protulisset,
1389 3701 1526 3781 rogatus
1542 3699 1712 3764 Honorius
1726 3715 1807 3760 con-

152 3825 330 3882 cursurus,
361 3810 501 3872 Honorii
530 3825 692 3870 summam
722 3809 953 3872 auctoritatem
1008 3821 1116 3879 suras,
1142 3805 1178 3866 in
1201 3804 1279 3865 illos
1302 3801 1511 3866 confirmavit
1537 3798 1806 3880 (Metropolitae.

153 3908 293 3983 expetiit
307 3906 419 3987 (drag.
437 3909 492 3979 lx,
507 3907 565 3968 lib.
582 3909 623 3977 11,
639 3907 691 3970 tit.
708 3906 772 3986 te).
1007 3907 1139 3974 salisb,
1161 3917 1213 3980 ep.
1237 3901 1304 3982 33).
1319 3900 1472 3978 Eiusdem
1486 3913 1617 3978 quoque
1631 3893 1804 3959 Pontificio

195 4004 404 4066 Lubeceuses
419 4021 549 4083 quoque
568 4003 716 4066 obsecuti
736 4006 813 4066 sunt
835 4007 952 4067 Hono·
1003 4004 1112 4079 jussu,
1130 3999 1393 4076 salisburgensis
1411 3997 1685 4074 archiepiscopus
1703 3993 1804 4065 idem,

153 4103 205 4164 rio
238 4103 388 4166 Primati.
421 4107 526 4176 Quum
560 4102 650 4165 euim
684 4103 954 4180 archiepiscopus
1009 4099 1063 4160 cui
1089 4090 1809 4168 111001001000100010111000111011001001

154 4201 387 4276 stadingorum
408 4200 537 4277 plebem
569 4215 665 4261 suem
690 4200 726 4260 in
752 4199 863 4262 cilicio
882 4201 954 4279 ipse
1009 4197 1184 4258 ecclesiam
1196 4195 1449 4257 Secconiensem
1459 4191 1544 4266 erigi
1552 4189 1692 4260 curavit,
1709 4186 1809 4263 atque

153 4299 326 4360 continere
354 4315 421 4360 nou
449 4299 577 4375 posset,
607 4297 694 4374 quod
720 4298 869 4362 Ecclesia
895 4299 954 4360 Dei
1009 4295 1045 4355 iu
1081 4295 1225 4371 primum
1250 4292 1442 4369 episcopum
1469 4288 1585 4350 eadem
1612 4284 1810 4348 auctoritato

153 4396 301 4458 maxima
320 4412 363 4458 ex
382 4399 475 4473 parto
489 4395 674 4467 deiecisset,
698 4395 825 4457 nuliam
848 4396 956 4473 potio-
1010 4392 1159 4469 praelecit
1187 4389 1341 4452 carolum
1368 4386 1582 4465 praepositum
1614 4383 1809 4458 101010000-

153 4511 225 4557 rem
247 4494 336 4556 viam
361 4495 403 4556 ad
422 4495 644 4558 revocandam
674 4495 805 4568 gentem
827 4495 957 4556 censuit
1010 4507 1080 4551 sem
1096 4489 1401 4568 (metrophane,
1426 4480 1566 4562 Epffl).
1584 4481 1811 4556 1101101001·εο-

153 4592 220 4652 sibi
235 4592 453 4676 prolaturam,
468 4591 609 4670 quamsi
625 4593 767 4655 Romani
785 4591 956 4653 Pontificis
1010 4589 1102 4650 terea
1123 4586 1321 4648 auctoritate
1345 4584 1432 4645 idom
1448 4580 1659 4643 Eberhardus
1674 4581 1811 4639 Laneu-

154 4705 252 4766 opem
267 4689 487 4765 implorasset,
502 4693 596 4764 cujus
607 4690 804 4752 auctoritate
815 4689 848 4750 id
859 4703 956 4751 omne
1012 4686 1174 4749 tinensem
1212 4683 1321 4746 erexit
1353 4680 1592 4751 cathedralem,
1626 4677 1733 4754 primo
1766 4673 1811 4735 ibi

154 4787 325 4864 negotium
352 4787 535 4850 Luhecensi
561 4789 726 4865 episcopo,
749 4803 788 4850 ac
806 4803 881 4848 cum
898 4787 956 4848 illo
1011 4781 1191 4846 constituto
1232 4780 1387 4858 episcopo
1435 4778 1557 4840 Ubrico
1595 4774 1741 4838 Plebano
1776 4771 1812 4832 in

154 4885 256 4946 etiam
272 4884 450 4956 Mindensi,
462 4887 495 4948 et
510 4885 776 4961 Racerburgensi
792 4885 957 4962 episcopis
1012 4886 1114 4944 ilaus.
1133 4879 1295 4960 (metrop.
1316 4880 1449 4948 satha,
1467 4873 1563 4952 ibid.)

154 4982 424 5054 demandaretur,
451 4983 714 5060 conquirendum
734 4981 767 5046 et
785 4983 971 5057 corrigam·
1052 4979 1287 5049 Patavienses,
1314 4977 1350 5037 ut
1376 4991 1449 5053 ques
1475 4969 1693 5033 Lateranensi
1726 4968 1814 5028 Gon·

156 5080 247 5140 dum.
265 5081 474 5157 compertum
499 5080 550 5141 ast
571 5081 674 5156 igitur
701 5080 812 5157 spreto
838 5079 957 5142 horum
1012 5077 1092 5139 cilio
1113 5074 1282 5137 Honorius
1298 5071 1500 5133 decrevisset
1513 5065 1703 5130 executioni
1718 5079 1816 5124 man-

155 5177 387 5255 opiscoporum
404 5177 529 5250 studio,
550 5177 688 5254 populos
708 5176 785 5238 illos
799 5177 958 5256 quaesisse
1013 5175 1183 5244 darentur,
1210 5169 1380 5248 precipuo
1400 5183 1481 5230 vero
1504 5167 1545 5227 de
1570 5162 1738 5239 eroganda
1755 5176 1815 5238 pe-

155 5276 295 5336 deorum
307 5291 480 5353 responsa,
493 5275 608 5352 eisque
623 5273 801 5336 simulacra
811 5274 959 5334 dedicas·
1013 5271 1113 5332 cunia
1132 5269 1174 5331 ad
1203 5265 1539 5344 Hierosolymitanam
1568 5259 1814 5338 expeditionem

156 5389 212 5446 se,
242 5372 427 5434 doctrinam
456 5372 655 5434 catholicam
681 5371 955 5448 parvipendisse,
1014 5367 1264 5438 conficiendam,
1279 5379 1392 5426 omnes
1407 5357 1811 5424 studiumadhibucrunt:

195 5510 236 5582 (t)
257 5509 297 5570 Gi.
319 5527 397 5585 supr.
414 5512 509 5579 Quint.
528 5511 661 5582 0001011,
673 5510 722 5568 lib.
732 5511 768 5580 V,
781 5511 823 5568 tit.
838 5509 881 5579 11,
896 5511 956 5579 ct,
1013 5509 1067 5566 col.
1082 5508 1149 5568 118·
1164 5508 1252 5580 Greg.
1269 5505 1318 5574 lX,
1334 5503 1383 5562 lib.
1399 5505 1423 5571 l,
1439 5502 1479 5560 111.
1496 5502 1539 5559 ti.

157 5585 213 5641 coi.
228 5583 291 5640 aas.
1050 5579 1091 5650 (3)
1112 5549 1152 5638 cf.
1176 5594 1254 5651 supr.
1281 5579 1377 5644 outa.
1395 5573 1526 5645 compat,
1541 5569 1589 5629 tu.
1606 5571 1628 5640 1,
1646 5570 1687 5628 oc
1705 5571 1731 5639 7,
1747 5583 1772 5626 c.
1787 5570 1814 5636 1,

195 5653 236 5728 (3)
257 5652 297 5714 Ci.
327 5669 405 5728 supr.
424 5655 520 5722 Quint
538 5654 656 5726 compti.
674 5653 722 5712 lib.
738 5655 762 5722 1,
783 5652 825 5710 lit.
845 5652 873 5720 8,
889 5665 914 5708 0.
933 5651 958 5722 1,
1013 5652 1067 5710 col.
1084 5650 1144 5710 111.
