4104 6392
311 255 317 270 '
334 279 391 338 751

336 453 481 500 massam
495 453 569 516 quae
585 437 721 500 vocatur
734 438 909 511 Ulmetum,
924 439 957 502 et
968 455 1124 512 massam,

337 550 411 612 quae
438 536 576 597 vocatur
602 536 736 596 Malana
761 535 867 612 posita
894 535 930 598 in
958 537 1126 599 territorio

336 631 514 708 Nepesino,
532 632 565 692 et
578 631 735 708 quidquid
752 632 851 694 habet
863 649 883 694 a
897 637 997 710 ponte
1011 635 1125 710 Nepe-

337 727 412 789 sino
431 743 534 804 usque
556 727 595 788 ad
616 731 758 790 montem
781 731 952 802 Rosulum,
971 731 1004 791 et
1018 731 1126 791 lacum

337 825 393 900 qui
417 825 554 885 vacatur
575 826 706 887 lanula.
735 827 885 888 Castrum
915 827 1124 898 Baccariciaa,

337 934 410 980 cum
428 921 571 982 ecclesia
587 923 716 982 Sanctae
732 923 918 995 Christinae,
934 923 965 985 et
980 922 1056 985 aliis
1071 939 1128 984 ec-

337 1016 460 1090 clesiis,
475 1019 508 1080 et
521 1018 730 1095 pertinentiis
747 1020 829 1080 suis.
845 1021 995 1081 Castrum
1011 1020 1128 1098 Lepri-

336 1115 441 1186 niani,
467 1131 542 1176 cum
569 1117 637 1177 suis
662 1116 823 1190 ecclesiis,
849 1119 882 1180 et
906 1119 1125 1195 pertinentiis.

336 1211 543 1288 Flagianum,
565 1228 638 1273 cnm
667 1213 737 1275 suis
756 1214 965 1292 pertinentiis
984 1216 1020 1276 in
1044 1215 1128 1277 civi-

335 1309 413 1372 tate.
428 1309 593 1382 Colornm,
615 1326 689 1372 cnm
711 1312 780 1372 suis
799 1311 960 1386 ecclesiis,
977 1313 1010 1375 et
1030 1312 1128 1389 perti-

338 1407 471 1468 nentiis.
498 1407 671 1471 Civitatem
697 1409 950 1483 stertinianam,
971 1425 1045 1471 cnm
1070 1425 1128 1472 ec-

336 1504 438 1565 clesia
454 1505 567 1568 Sancti
581 1504 755 1577 iohannis,
771 1505 803 1567 et
817 1506 903 1574 lacu,
920 1509 953 1569 et
967 1507 1037 1567 suis
1053 1521 1129 1584 per·

335 1601 495 1663 tinentiis.
508 1604 545 1662 ln
557 1603 748 1679 episcopatu
759 1603 938 1665 Narniensi
953 1603 1127 1665 ecclesiam

337 1699 450 1761 Sancti
460 1698 591 1761 Nicolai
601 1699 641 1760 de
652 1701 762 1761 Monte
774 1701 962 1762 Masolario.
976 1702 1128 1762 Castrum

293 1793 305 1811 '¹
336 1795 469 1866 Raiani,
486 1811 559 1856 cum
576 1796 645 1857 suis
665 1796 884 1872 pertinentiis,
900 1797 933 1858 et
953 1797 1128 1859 castellum

335 1906 472 1964 novum,
500 1893 533 1955 et
560 1895 705 1954 castrum
738 1894 907 1954 Eoi-melli.
943 1893 1127 1956 Ecclesiam

337 1989 451 2051 Sancti
464 1991 614 2066 Benigni,
630 2007 704 2052 cum
719 1990 928 2067 pertinentiis
944 1991 1025 2063 suis,
1042 1991 1127 2052 bos-

336 2086 437 2162 pitale
458 2087 498 2148 de
521 2087 617 2158 Raio,
638 2103 711 2147 cnm
733 2087 944 2164 pertinentiis
963 2087 1044 2148 suis.
1061 2091 1127 2150 Ec-

337 2181 474 2243 clesiam
490 2184 604 2244 Sancti
618 2183 736 2258 Angeli
751 2182 791 2244 de
803 2184 954 2255 Scholea,
967 2199 1040 2245 cum
1052 2200 1123 2262 per·

335 2280 485 2341 tinentiis
501 2281 583 2340 suis.
601 2281 811 2342 Medietatem
826 2280 927 2343 totius
949 2281 1043 2342 tundi
1058 2283 1129 2344 Va-

336 2377 467 2449 leriani,
485 2393 559 2438 cum
571 2377 746 2440 medietate
758 2378 869 2450 turris,
886 2380 918 2438 et
930 2377 1125 2451 castellaris,

336 2475 369 2536 et
398 2472 550 2535 omnibus
587 2473 797 2550 pertinentiis
835 2476 916 2536 suis.
946 2475 1127 2537 Ecclesiam

337 2571 449 2633 Sancti
465 2571 584 2633 Leonis
599 2572 640 2632 de
652 2573 864 2648 Lepriniano,
879 2589 954 2634 cum
967 2573 1037 2633 suis
1053 2588 1128 2650 per-

239 2687 250 2702 *
335 2669 496 2731 tinentiis.
514 2671 665 2730 Castrum
686 2669 771 2746 qnod
789 2671 1127 2747 vocaturMorlupum

313 2799 319 2810 ·
336 2781 410 2827 cum
423 2767 492 2828 suis
502 2767 721 2844 pertinentiis.
731 2767 912 2828 Ecclesiam
921 2767 1032 2828 Sancti
1041 2769 1129 2828 Lan-

336 2863 438 2924 rentii
463 2865 558 2925 extra
585 2866 729 2925 castrum
755 2864 926 2938 Cipitellae,
957 2879 1032 2926 cum
1058 2865 1128 2925 suis

337 2961 558 3036 pertinentiis.
572 2963 684 3022 Romae
699 2960 875 3022 ecclesiam
891 2961 1004 3021 Sancti
1024 2961 1127 3024 Nico-

335 3057 443 3118 laide
465 3059 595 3116 Forma.
622 3055 802 3117 Ecclesiam
827 3057 939 3118 Sancti
961 3057 1068 3133 Sergii
1092 3059 1127 3118 in

337 3151 477 3213 Subura.
505 3151 672 3213 Piscarias
691 3151 726 3212 ln
748 3151 895 3225 flumine,
916 3153 951 3214 in
974 3152 1047 3214 loco
1071 3155 1128 3230 qui

335 3249 457 3311 dicitur
475 3251 687 3324 Marmarata,
714 3249 848 3322 Anditu,
870 3251 1074 3323 Domnicam,
1096 3253 1128 3313 et

335 3349 478 3420 Postam,
500 3342 532 3408 tt
554 3347 638 3408 alias
662 3348 697 3408 in
721 3346 836 3408 eodem
854 3347 993 3414 numme
1013 3347 1126 3410 subtus

334 3448 481 3506 Romam.
512 3445 710 3516 Pensiones,
739 3446 772 3507 et
801 3445 925 3517 bortos,
953 3447 986 3506 et
1016 3447 1126 3510 omnia

333 3558 406 3618 quaa
425 3542 513 3603 intra
534 3541 667 3613 Urbem,
684 3543 717 3602 et
735 3541 831 3603 extra
850 3541 938 3606 idem
952 3544 1125 3607 monaste-

332 3639 419 3699 rium
434 3638 584 3700 noscitur
600 3637 760 3700 obtinere.

370 3735 419 3796 Ad
435 3736 507 3796 haec
522 3735 703 3807 libertates,
727 3736 760 3797 et
777 3735 1002 3798 immunitates
1019 3736 1125 3801 eidem

332 3832 572 3894 monasterioa
600 3832 899 3908 praedecessoribus
921 3833 1043 3912 postrls
1068 3833 1125 3894 in-

331 3929 456 4004 dultas;
482 3927 695 3988 rationabiles
720 3944 849 4005 quoque
870 3931 1125 3992 consuetudines

333 4026 493 4087 hactenus
515 4023 706 4087 observatas
728 4025 922 4087 auctoritate
936 4027 1125 4103 apostolica

331 4125 574 4186 confirmamus.
603 4123 783 4185 Statnimus
805 4123 951 4200 insuper,
977 4124 1014 4185 ut
1034 4141 1125 4202 prae-

330 4221 433 4282 latum
444 4221 692 4292 monasterium,
710 4219 793 4280 nulli
806 4235 941 4297 prorsus
952 4220 987 4280 in
1000 4221 1123 4297 aliquo,

331 4319 395 4378 nlsi
420 4321 569 4380 Romano
595 4319 720 4380 tantum
744 4318 898 4379 Pontifici
919 4318 962 4379 sit
990 4317 1124 4395 subjec-

329 4418 414 4490 tn1n;
432 4431 491 4476 nec
506 4415 553 4476 ibi
566 4415 698 4496 aliquis,
714 4416 930 4491 praetereum,
945 4415 1126 4492 quamlibet

325 4512 593 4590 jurisdictionem
609 4511 774 4582 exerceat,
797 4513 856 4578 ant
878 4513 1023 4589 aliquam
1038 4529 1124 4574 ven·

330 4610 417 4670 dicet
430 4609 635 4685 potestatem.
659 4607 779 4669 Abbati
798 4624 876 4669 vero
897 4608 1001 4686 ipsius
1020 4625 1124 4671 vene·

332 4705 445 4767 rabilis
469 4695 545 4776 lo'ci,
576 4705 750 4782 praesentis
772 4703 938 4782 privilegii
972 4707 1123 4768 auctori-

329 4804 407 4875 tate,
419 4802 642 4874 concedimus,
661 4803 695 4864 ut
707 4803 747 4863 ad
759 4803 929 4874 honorem,
946 4805 980 4865 et
993 4803 1123 4864 laudem

327 4900 498 4973 altissimi,
520 4916 594 4961 cum
614 4900 723 4972 mitra,
747 4902 779 4962 et
793 4900 928 4972 annulo,
949 4900 1120 4974 sandaliis,

326 4999 450 5070 tunica,
476 4998 664 5070 dalmatica,
685 4998 863 5058 missarum
887 4997 1047 5059 solemnia
1063 5015 1122 5075 pro

311 5092 393 5159 'tuae
415 5095 559 5158 celebret
583 5097 771 5158 reverentia
791 5095 986 5167 sanctitatis,
1015 5099 1047 5158 et
1067 5111 1123 5157 as·

325 5195 410 5256 tanti
434 5195 535 5266 clero,
561 5209 600 5254 ao
623 5193 743 5270 populo
764 5191 948 5255 benedicat.
975 5195 1023 5254 Ita
1048 5193 1124 5270 qui-

327 5292 413 5362 dem,
429 5295 465 5352 ut
487 5290 516 5351 sl
530 5306 589 5368 per
606 5305 724 5364 manus
739 5290 880 5351 Romani
897 5289 1068 5354 pontilicis
1087 5291 1122 5354 in

327 5389 531 5450 sacerdotem
551 5387 650 5449 luerit
676 5388 859 5459 ordinatus,
887 5402 987 5464 snper
1014 5392 1122 5463 majus

327 5483 432 5546 altare
451 5483 618 5546 licentiam
637 5482 757 5544 habeat
776 5481 976 5545 celebrandi.
1000 5483 1123 5545 Conse-

328 5579 493 5646 cratioues
514 5583 624 5642 autem
643 5581 810 5653 altarium,
837 5583 869 5643 et
897 5579 1121 5644 ordinationes

949 281 1124 344 HONORII
1146 281 1191 342 Ill
1213 281 1361 346 OPERA.

1932 283 1984 342 75⁶2

1180 439 1429 513 monachorum,
1446 440 1503 518 qui
1518 437 1559 502 ad
1573 455 1686 503 sacros
1701 440 1845 502 ordines
1865 439 1985 501 fuerint

1180 536 1393 613 promovendi
1408 553 1429 598 a
1442 552 1648 615 quocumque
1663 536 1854 599 maluerint
1874 535 1983 607 abbas,

1180 635 1213 695 et
1244 633 1398 694 monachi
1436 635 1584 711 ejusdem
1619 633 1780 707 coenobii,
1819 633 1984 694 catholico

1180 729 1361 801 dumtaxat,
1379 731 1545 808 episcopo,
1561 732 1752 808 Apostolica
1767 731 1852 792 freti
1870 733 1984 790 aucto·

1179 827 1278 889 ritate
1314 827 1512 904 suscipiant;
1545 843 1627 906 quas
1660 829 1734 889 sine
1765 827 1983 894 difficultate,

1180 938 1219 985 ac
1235 925 1397 1002 pravitate
1417 925 1628 1002 praecipimus
1650 923 1821 986 exbiberi.
1841 924 1985 984 Minores

1181 1023 1291 1082 autem
1311 1021 1444 1081 ordines
1469 1021 1641 1082 monacbis
1660 1022 1730 1083 suis
1752 1022 1848 1082 idem
1877 1020 1984 1091 abbas,

1181 1117 1356 1179 dummodo
1380 1119 1423 1180 sit
1445 1117 1627 1196 presbyter,
1652 1119 1692 1180 de
1716 1119 1840 1180 nostra
1872 1120 1986 1194 poterit

1181 1215 1398 1291 indulgentia,
1411 1231 1510 1293 quum
1526 1230 1661 1278 necesse
1676 1215 1790 1288 luerit,
1809 1215 1983 1277 exhibere.

1182 1313 1241 1373 Cui
1258 1311 1474 1374 benedicendi
1490 1313 1589 1374 etiam
1610 1313 1824 1384 indumenta,
1853 1329 1935 1390 qnae
1952 1315 1985 1374 al

1183 1425 1277 1470 usum
1298 1408 1414 1470 altaris
1435 1409 1470 1468 in
1491 1409 1605 1470 eodem
1627 1410 1839 1471 monasterio
1867 1409 1986 1470 ruerint

1182 1504 1371 1566 necessaria
1400 1503 1612 1566 concedimus
1635 1506 1853 1582 potestatem.
1887 1508 1987 1566 Inter-
2025 1571 2026 1586 χ

1182 1600 1322 1662 dicimus
1338 1617 1467 1679 quoque
1482 1602 1637 1678 praesenti
1653 1603 1802 1674 decret0,
1821 1606 1862 1664 ut
1882 1605 1986 1665 nullm

1182 1699 1316 1760 omnino
1330 1699 1402 1760 sine
1418 1699 1554 1774 speciali
1569 1699 1723 1761 mandato
1740 1701 1899 1762 Romani
1915 1703 1987 1760 Poc-

1181 1795 1281 1857 tilicis
1305 1795 1339 1855 in
1365 1794 1529 1868 abbatem,
1557 1797 1591 1858 et
1619 1797 1806 1860 monachos
1840 1797 1985 1873 eJusden

1181 1891 1340 1968 coenobii,
1368 1892 1459 1954 etin
1482 1909 1522 1954 eo
1549 1895 1812 1964 commoranteS,
1845 1911 1983 1970 suspen·

1183 1991 1299 2062 sionis,
1322 1989 1374 2052 vel
1401 1990 1754 2052 excommunicationis
1784 1992 1985 2052 sententian

1181 2087 1408 2164 promulgare,
1434 2087 1487 2147 vel
1516 2103 1573 2151 eos
1598 2088 1639 2148 ad
1668 2087 1841 2165 synodum
1875 2105 1984 2149 vocare

1181 2184 1368 2260 praesumat.
1397 2183 1460 2244 Sed
1483 2199 1589 2261 neque
1615 2185 1767 2257 clericos,
1797 2187 1983 2262 praesertia

1182 2279 1325 2352 Oblatos,
1351 2281 1386 2342 in
1407 2280 1482 2342 aliis
1502 2281 1652 2342 ecclesiis
1673 2287 1937 2358 permanentes,
1957 2285 1983 2343 in
2025 2295 2026 2302 ¹

1182 2376 1300 2456 quibus
1328 2393 1394 2440 non
1425 2378 1466 2438 ad
1497 2379 1685 2455 episcopoS,
1714 2379 1775 2440 sed
1806 2379 1856 2440 ad
1889 2381 1983 2456 ipsum

1181 2473 1332 2536 abbatem
1353 2475 1527 2546 institutio,
1545 2479 1578 2536 et
1591 2475 1775 2546 destitutio,
1794 2492 1840 2537 ac
1858 2493 1983 2538 comec-

1180 2572 1227 2633 tio
1240 2571 1445 2647 dignoscitur
1459 2573 1634 2648 pertinere.
1651 2572 1743 2644 Quod
1758 2574 1793 2633 si
1811 2575 1982 2651 quisquan

1180 2669 1216 2729 in
1242 2683 1299 2729 eos
1318 2667 1510 2746 hujusmodi
1535 2670 1716 2730 sententias
1739 2671 1981 2746 promulgaret,

1181 2765 1258 2826 illas
1277 2765 1486 2826 decernimus
1500 2766 1622 2839 irritas,
1640 2767 1672 2827 et
1683 2767 1822 2828 inanes.
1843 2768 1983 2830 Obeunte

1180 2878 1260 2924 vero
1282 2863 1429 2940 ejusdem
1448 2863 1513 2924 loci
1534 2863 1662 2935 abbate,
1686 2863 1807 2924 nullus
1838 2865 1893 2926 ibi
1919 2883 1984 2943 qus-

1181 2958 1262 3022 libet
1273 2961 1407 3032 astutia,
1424 2975 1483 3020 seu
1493 2959 1651 3022 violentia
1665 2963 1918 3038 praeponebam
1934 2964 1983 3022 nisi

1181 3071 1277 3134 quem
1297 3055 1416 3118 iratres
1440 3058 1606 3118 communi
1628 3072 1812 3130 consensu,
1848 3060 1910 3121 vel
1931 3061 1984 3120 lra-

1181 3156 1266 3216 trum
1295 3169 1373 3230 pars
1392 3156 1499 3231 major
1519 3154 1651 3216 consilii
1673 3155 1842 3228 sanioris,
1876 3173 1983 3218 secun-

1181 3251 1257 3310 dum
1274 3249 1333 3311 Dei
1349 3250 1512 3322 timorem,
1535 3252 1568 3312 et
1581 3249 1670 3312 beati
1687 3252 1880 3314 Benedicti
1898 3271 1983 3330 regn-

1180 3348 1245 3408 lam
1274 3347 1315 3409 de
1340 3347 1415 3422 ipsa
1448 3347 1715 3424 congregatione,
1746 3349 1780 3410 si
1811 3351 1983 3412 tamenin

1180 3457 1220 3503 ea
1246 3458 1305 3518 per
1329 3441 1608 3503 examinationem
1636 3445 1782 3504 Romani
1814 3447 1982 3508 Pontificis

1179 3539 1365 3616 reperiatur
1379 3539 1528 3611 idoneus,
1545 3539 1701 3601 duxerint
1715 3541 1936 3617 eligendum.
1954 3544 1981 3603 si

1179 3651 1270 3704 vero,
1286 3635 1372 3712 quod
1388 3634 1484 3708 absit,
1512 3635 1546 3696 in
1564 3637 1677 3697 eodem
1692 3641 1981 3702 monasteriensi

1181 3733 1283 3810 possit
1319 3733 1493 3810 quisquam
1529 3732 1666 3794 idoneus
1700 3737 1882 3813 reperiri3
1918 3741 1982 3800 tuus

1180 3833 1348 3893 Romanus
1377 3829 1531 3892 Pontifex
1553 3830 1593 3892 de
1614 3831 1681 3891 alia
1705 3837 1979 3910 congregatione,

1180 3927 1316 4004 praelato
1327 3928 1528 3989 nronastario
1542 3917 1715 4005 personam
1729 3929 1905 3992 idoneam
1914 3949 1981 4010 pra

1179 4025 1269 4086 liciat
1282 4024 1318 4085 in
1333 4023 1494 4086 abbatem.
1520 4027 1685 4086 Praeterea
1699 4025 1814 4087 felicis
1830 4030 1982 4092 recorda-

1179 4121 1279 4184 tionis
1301 4122 1453 4196 Gregorii
1468 4123 1494 4182 V
1508 4124 1572 4183 ΡΡ.
1594 4122 1866 4198 praedecessoris
1889 4126 1981 4188 nosti

1179 4219 1328 4294 vestigiis
1339 4219 1551 4291 inhaerentes,
1561 4219 1761 4282 remittimus
1775 4226 1981 4286 monasterio

1179 4317 1359 4378 memorato
1382 4315 1538 4388 debitum,
1559 4317 1640 4388 vini,
1657 4317 1778 4388 verrin,
1804 4322 1845 4381 et
1866 4337 1980 4391 vacca,

1179 4414 1265 4491 quod
1282 4413 1427 4494 antiquis
1451 4412 1651 4490 temporibus
1675 4413 1982 4490 predecessoribus

1178 4510 1300 4572 nostris
1325 4513 1543 4572 consueverat
1569 4509 1736 4587 exhiberl;
1769 4515 1885 4576 salvis
1914 4532 1984 4592 gra-

1177 4607 1270 4670 tuitis
1292 4605 1470 4684 obsequiis,
1494 4609 1527 4669 et
1546 4609 1714 4670 consuetis
1733 4612 1890 4680 exeniis,
1918 4629 1983 4690 qua
2025 4613 2026 4616 ’

1176 4707 1212 4766 in
1222 4705 1305 4768 sesto
1316 4704 1519 4776 Natiuitatis
1533 4709 1566 4766 et
1581 4706 1859 4769 Resurrectionis
1874 4711 1985 4771 Domi-

1177 4805 1272 4874 nlcae,
1288 4801 1486 4878 apostolicae
1499 4801 1576 4868 Sodi
1590 4801 1709 4864 debent
1719 4806 1908 4868 annuatim
1925 4811 1985 4868 im-

1177 4899 1286 4977 pendi.
1306 4899 1420 4961 Liceat
1439 4915 1567 4976 quoque
1589 4899 1711 4972 abbati,
1739 4903 1774 4961 et
1798 4904 1986 4965 conventui

1177 4997 1369 5062 monasterii
1382 4997 1566 5068 memorati,
1581 4996 1720 5058 fratrum
1735 5013 1882 5061 suonam
1898 5003 1986 5063 testi·

1176 5095 1296 5156 moniis
1309 5093 1343 5154 in
1359 5095 1502 5171 propriis
1517 5094 1629 5156 causis
1652 5094 1712 5166 uti,
1736 5095 1811 5156 sive
1833 5098 1985 5166 civilem,

1176 5191 1246 5252 sive
1274 5191 1481 5253 criminalem
1511 5191 1702 5254 contineant
1738 5195 1985 5268 quaestionem:

1177 5305 1217 5350 ne
1243 5304 1303 5370 pro
1323 5289 1450 5351 deiectu
1474 5290 1617 5359 testium,
1644 5291 1701 5366 jus
1723 5303 1845 5352 eorum
1872 5297 1987 5356 valeat

1176 5386 1339 5464 deperire.
1354 5387 1498 5448 Clericos
1509 5385 1620 5458 etiam,
1635 5385 1705 5447 sive
1720 5385 1829 5448 laicos
1844 5388 1985 5456 liberos.

1175 5484 1208 5545 et
1235 5482 1404 5546 absolutos
1428 5499 1446 5545 e
1472 5483 1595 5545 saeculo
1621 5481 1787 5558 fugientes
1817 5485 1921 5551 licite
1948 5489 1985 5550 ad

1175 5582 1424 5644 conversionem
1439 5580 1612 5658 recipiant,
1635 5581 1668 5642 et
1681 5595 1739 5643 eos
1764 5580 1902 5662 absque
1923 5588 1986 5648 ali-
