<?xml version="1.0" encoding="UTF-8"?>
<!DOCTYPE html PUBLIC "-//W3C//DTD XHTML 1.0 Transitional//EN"
    "http://www.w3.org/TR/xhtml1/DTD/xhtml1-transitional.dtd">
<html xmlns="http://www.w3.org/1999/xhtml" xml:lang="en" lang="en">
 <head>
  <title>
</title>
<meta http-equiv="Content-Type" content="text/html;charset=utf-8" />
  <meta name='ocr-system' content='tesseract 3.04.00' />
  <meta name='ocr-capabilities' content='ocr_page ocr_carea ocr_par ocr_line ocrx_word'/>
</head>
<body>
  <div class='ocr_page' id='page_1' title='image "./mediiaevibiblio02unkngoog_0530.png"; bbox 0 0 4162 6424; ppageno 0'>
   <div class='ocr_carea' id='block_1_1' title="bbox 141 286 1788 354">
    <p class='ocr_par' dir='ltr' id='par_1_1' title="bbox 141 286 1788 354">
     <span class='ocr_line' id='line_1_1' title="bbox 141 286 1788 354; baseline -0.001 -1"><span class='ocrx_word' id='word_1_1' title='bbox 141 287 198 354; x_wconf 77' lang='grc'><strong>577</strong></span> <span class='ocrx_word' id='word_1_2' title='bbox 767 286 996 352; x_wconf 78' lang='lat' dir='ltr'><strong>EPISTOLAE.</strong></span> <span class='ocrx_word' id='word_1_3' title='bbox 1019 289 1098 352; x_wconf 84' lang='lat' dir='ltr'><strong>LIB.</strong></span> <span class='ocrx_word' id='word_1_4' title='bbox 1122 291 1162 352; x_wconf 90' lang='lat'><strong>11.</strong></span> <span class='ocrx_word' id='word_1_5' title='bbox 1729 293 1788 353; x_wconf 71' lang='lat'><strong>578</strong></span> 
     </span>
    </p>
   </div>
   <div class='ocr_carea' id='block_1_2' title="bbox 131 445 1792 1501">
    <p class='ocr_par' dir='ltr' id='par_1_2' title="bbox 131 445 1792 1501">
     <span class='ocr_line' id='line_1_2' title="bbox 134 445 1787 528; baseline 0.001 -15"><span class='ocrx_word' id='word_1_6' title='bbox 134 448 365 528; x_wconf 87' lang='lat' dir='ltr'><strong>praejudicium</strong></span> <span class='ocrx_word' id='word_1_7' title='bbox 377 447 569 510; x_wconf 89' lang='lat' dir='ltr'><strong>earumdem</strong></span> <span class='ocrx_word' id='word_1_8' title='bbox 581 445 687 526; x_wconf 88' lang='lat' dir='ltr'><strong>adjus</strong></span> <span class='ocrx_word' id='word_1_9' title='bbox 699 450 733 512; x_wconf 93' lang='lat' dir='ltr'><strong>et</strong></span> <span class='ocrx_word' id='word_1_10' title='bbox 744 449 935 527; x_wconf 86' lang='lat' dir='ltr'><strong>proprieta-</strong></span> <span class='ocrx_word' id='word_1_11' title='bbox 987 447 1168 528; x_wconf 89' lang='lat' dir='ltr'><strong>episcopali</strong></span> <span class='ocrx_word' id='word_1_12' title='bbox 1179 451 1266 526; x_wconf 78' lang='lat' dir='ltr'><strong>jure,</strong></span> <span class='ocrx_word' id='word_1_13' title='bbox 1282 447 1388 522; x_wconf 82' lang='lat' dir='ltr'><strong>vobis,</strong></span> <span class='ocrx_word' id='word_1_14' title='bbox 1405 450 1439 512; x_wconf 89' lang='lat' dir='ltr'><strong>et</strong></span> <span class='ocrx_word' id='word_1_15' title='bbox 1452 463 1511 527; x_wconf 92' lang='lat' dir='ltr'><strong>per</strong></span> <span class='ocrx_word' id='word_1_16' title='bbox 1518 463 1576 512; x_wconf 84' lang='lat' dir='ltr'><strong>ros</strong></span> <span class='ocrx_word' id='word_1_17' title='bbox 1592 449 1698 512; x_wconf 91' lang='lat' dir='ltr'><strong>eidem</strong></span> <span class='ocrx_word' id='word_1_18' title='bbox 1713 451 1787 518; x_wconf 85' lang='lat' dir='ltr'><strong>lios·</strong></span> 
     </span>
     <span class='ocr_line' id='line_1_3' title="bbox 134 545 1786 625; baseline -0.001 -14"><span class='ocrx_word' id='word_1_19' title='bbox 134 547 200 612; x_wconf 88' lang='lat' dir='ltr'><strong>tem</strong></span> <span class='ocrx_word' id='word_1_20' title='bbox 212 549 373 625; x_wconf 88' lang='lat' dir='ltr'><strong>ipsarum,</strong></span> <span class='ocrx_word' id='word_1_21' title='bbox 385 547 521 622; x_wconf 87' lang='lat' dir='ltr'><strong>accepta</strong></span> <span class='ocrx_word' id='word_1_22' title='bbox 532 546 789 624; x_wconf 86' lang='lat' dir='ltr'><strong>opportunitate,</strong></span> <span class='ocrx_word' id='word_1_23' title='bbox 803 547 935 609; x_wconf 80' lang='lat' dir='ltr'><strong>studeat</strong></span> <span class='ocrx_word' id='word_1_24' title='bbox 988 545 1084 624; x_wconf 90' lang='lat' dir='ltr'><strong>pitaii</strong></span> <span class='ocrx_word' id='word_1_25' title='bbox 1109 545 1307 608; x_wconf 90' lang='lat' dir='ltr'><strong>auctoritate</strong></span> <span class='ocrx_word' id='word_1_26' title='bbox 1329 545 1518 624; x_wconf 77' lang='lat' dir='ltr'><strong>apostolica</strong></span> <span class='ocrx_word' id='word_1_27' title='bbox 1541 546 1786 618; x_wconf 82' lang='lat' dir='ltr'><strong>confirmamus,</strong></span> 
     </span>
     <span class='ocr_line' id='line_1_4' title="bbox 134 639 1790 720; baseline -0.001 -14"><span class='ocrx_word' id='word_1_28' title='bbox 134 660 302 708; x_wconf 85' lang='lat' dir='ltr'><strong>revocare.</strong></span> <span class='ocrx_word' id='word_1_29' title='bbox 330 643 488 707; x_wconf 79' lang='lat' dir='ltr'><strong>volentes</strong></span> <span class='ocrx_word' id='word_1_30' title='bbox 514 645 625 706; x_wconf 86' lang='lat' dir='ltr'><strong>autem</strong></span> <span class='ocrx_word' id='word_1_31' title='bbox 653 643 715 706; x_wconf 87' lang='lat' dir='ltr'><strong>tibi</strong></span> <span class='ocrx_word' id='word_1_32' title='bbox 742 644 775 706; x_wconf 91' lang='lat' dir='ltr'><strong>et</strong></span> <span class='ocrx_word' id='word_1_33' title='bbox 800 644 933 720; x_wconf 83' lang='lat' dir='ltr'><strong>negotio</strong></span> <span class='ocrx_word' id='word_1_34' title='bbox 989 640 1021 702; x_wconf 90' lang='lat' dir='ltr'><strong>et</strong></span> <span class='ocrx_word' id='word_1_35' title='bbox 1049 639 1224 717; x_wconf 78' lang='lat' dir='ltr'><strong>praesentis</strong></span> <span class='ocrx_word' id='word_1_36' title='bbox 1251 641 1367 720; x_wconf 86' lang='lat' dir='ltr'><strong>scripti</strong></span> <span class='ocrx_word' id='word_1_37' title='bbox 1393 641 1578 718; x_wconf 87' lang='lat' dir='ltr'><strong>patrocinio</strong></span> <span class='ocrx_word' id='word_1_38' title='bbox 1604 643 1790 704; x_wconf 91' lang='lat' dir='ltr'><strong>communi-</strong></span> 
     </span>
     <span class='ocr_line' id='line_1_5' title="bbox 134 727 1790 820; baseline -0.001 -17"><span class='ocrx_word' id='word_1_39' title='bbox 134 742 226 818; x_wconf 90' lang='lat' dir='ltr'><strong>pacis</strong></span> <span class='ocrx_word' id='word_1_40' title='bbox 242 727 381 819; x_wconf 84' lang='lat' dir='ltr'><strong>paterna</strong></span> <span class='ocrx_word' id='word_1_41' title='bbox 401 739 629 804; x_wconf 86' lang='lat' dir='ltr'><strong>sollicitudine</strong></span> <span class='ocrx_word' id='word_1_42' title='bbox 644 755 845 818; x_wconf 84' lang='lat' dir='ltr'><strong>praecarere,</strong></span> <span class='ocrx_word' id='word_1_43' title='bbox 869 741 934 818; x_wconf 92' lang='lat' dir='ltr'><strong>ipsi</strong></span> <span class='ocrx_word' id='word_1_44' title='bbox 988 737 1294 812; x_wconf 78' lang='lat' dir='ltr'><strong>muszstatuentes,</strong></span> <span class='ocrx_word' id='word_1_45' title='bbox 1324 739 1362 800; x_wconf 91' lang='lat' dir='ltr'><strong>ut</strong></span> <span class='ocrx_word' id='word_1_46' title='bbox 1390 741 1564 817; x_wconf 84' lang='lat' dir='ltr'>postquam</span> <span class='ocrx_word' id='word_1_47' title='bbox 1587 739 1629 802; x_wconf 90' lang='lat' dir='ltr'><strong>ab</strong></span> <span class='ocrx_word' id='word_1_48' title='bbox 1655 756 1707 813; x_wconf 91' lang='lat' dir='ltr'><strong>eo,</strong></span> <span class='ocrx_word' id='word_1_49' title='bbox 1733 740 1790 820; x_wconf 87' lang='lat' dir='ltr'><strong>qui</strong></span> 
     </span>
     <span class='ocr_line' id='line_1_6' title="bbox 133 834 1789 916; baseline 0.002 -18"><span class='ocrx_word' id='word_1_50' title='bbox 133 839 289 916; x_wconf 88' lang='lat' dir='ltr'><strong>episcopo</strong></span> <span class='ocrx_word' id='word_1_51' title='bbox 304 838 339 900; x_wconf 95' lang='lat' dir='ltr'><strong>in</strong></span> <span class='ocrx_word' id='word_1_52' title='bbox 353 835 478 901; x_wconf 80' lang='lat' dir='ltr'><strong>virtute</strong></span> <span class='ocrx_word' id='word_1_53' title='bbox 492 837 689 900; x_wconf 77' lang='lat' dir='ltr'>obedientiae</span> <span class='ocrx_word' id='word_1_54' title='bbox 703 836 856 901; x_wconf 89' lang='lat' dir='ltr'><strong>districte</strong></span> <span class='ocrx_word' id='word_1_55' title='bbox 871 838 933 900; x_wconf 89' lang='lat' dir='ltr'><strong>de·</strong></span> <span class='ocrx_word' id='word_1_56' title='bbox 989 849 1079 895; x_wconf 91' lang='lat' dir='ltr'><strong>nunc</strong></span> <span class='ocrx_word' id='word_1_57' title='bbox 1102 834 1249 912; x_wconf 81' lang='lat' dir='ltr'><strong>possidet</strong></span> <span class='ocrx_word' id='word_1_58' title='bbox 1268 836 1373 908; x_wconf 89' lang='lat' dir='ltr'><strong>iliam,</strong></span> <span class='ocrx_word' id='word_1_59' title='bbox 1395 837 1555 898; x_wconf 89' lang='lat' dir='ltr'><strong>canonice</strong></span> <span class='ocrx_word' id='word_1_60' title='bbox 1570 835 1672 900; x_wconf 86' lang='lat' dir='ltr'><strong>inerit</strong></span> <span class='ocrx_word' id='word_1_61' title='bbox 1687 838 1789 900; x_wconf 89' lang='lat' dir='ltr'><strong>abso-</strong></span> 
     </span>
     <span class='ocr_line' id='line_1_7' title="bbox 135 929 1790 1013; baseline 0.001 -18"><span class='ocrx_word' id='word_1_62' title='bbox 135 935 244 996; x_wconf 86' lang='lat' dir='ltr'><strong>dimus</strong></span> <span class='ocrx_word' id='word_1_63' title='bbox 258 936 294 996; x_wconf 93' lang='lat' dir='ltr'><strong>in</strong></span> <span class='ocrx_word' id='word_1_64' title='bbox 309 933 495 1013; x_wconf 91' lang='lat' dir='ltr'><strong>praeceptis,</strong></span> <span class='ocrx_word' id='word_1_65' title='bbox 514 935 551 998; x_wconf 88' lang='lat' dir='ltr'><strong>ut</strong></span> <span class='ocrx_word' id='word_1_66' title='bbox 564 934 682 997; x_wconf 82' lang='lat' dir='ltr'><strong>careat</strong></span> <span class='ocrx_word' id='word_1_67' title='bbox 703 934 764 997; x_wconf 90' lang='lat' dir='ltr'><strong>tibi</strong></span> <span class='ocrx_word' id='word_1_68' title='bbox 779 951 839 1013; x_wconf 91' lang='lat' dir='ltr'><strong>per</strong></span> <span class='ocrx_word' id='word_1_69' title='bbox 856 951 934 996; x_wconf 89' lang='lat' dir='ltr'><strong>suas</strong></span> <span class='ocrx_word' id='word_1_70' title='bbox 989 929 1071 1003; x_wconf 82' lang='lat' dir='ltr'><strong>luta,</strong></span> <span class='ocrx_word' id='word_1_71' title='bbox 1087 945 1149 992; x_wconf 86' lang='lat' dir='ltr'><strong>vos</strong></span> <span class='ocrx_word' id='word_1_72' title='bbox 1164 947 1224 1009; x_wconf 89' lang='lat' dir='ltr'><strong>per</strong></span> <span class='ocrx_word' id='word_1_73' title='bbox 1244 931 1400 996; x_wconf 90' lang='lat' dir='ltr'><strong>idoneum</strong></span> <span class='ocrx_word' id='word_1_74' title='bbox 1416 933 1578 996; x_wconf 89' lang='lat' dir='ltr'><strong>vicarium</strong></span> <span class='ocrx_word' id='word_1_75' title='bbox 1593 934 1790 998; x_wconf 82' lang='lat' dir='ltr'><strong>deserviatis</strong></span> 
     </span>
     <span class='ocr_line' id='line_1_8' title="bbox 134 1027 1790 1111; baseline 0 -17"><span class='ocrx_word' id='word_1_76' title='bbox 134 1033 284 1110; x_wconf 88' lang='lat' dir='ltr'><strong>patentes</strong></span> <span class='ocrx_word' id='word_1_77' title='bbox 299 1033 440 1105; x_wconf 82' lang='lat' dir='ltr'><strong>litteras,</strong></span> <span class='ocrx_word' id='word_1_78' title='bbox 454 1033 487 1094; x_wconf 90' lang='lat' dir='ltr'><strong>et</strong></span> <span class='ocrx_word' id='word_1_79' title='bbox 501 1047 560 1110; x_wconf 92' lang='lat' dir='ltr'><strong>per</strong></span> <span class='ocrx_word' id='word_1_80' title='bbox 570 1033 796 1111; x_wconf 89' lang='lat' dir='ltr'><strong>juramentum</strong></span> <span class='ocrx_word' id='word_1_81' title='bbox 812 1048 934 1110; x_wconf 89' lang='lat' dir='ltr'><strong>corpo-</strong></span> <span class='ocrx_word' id='word_1_82' title='bbox 989 1027 1109 1101; x_wconf 86' lang='lat' dir='ltr'><strong>eidem,</strong></span> <span class='ocrx_word' id='word_1_83' title='bbox 1126 1028 1158 1090; x_wconf 90' lang='lat' dir='ltr'><strong>et</strong></span> <span class='ocrx_word' id='word_1_84' title='bbox 1169 1029 1340 1106; x_wconf 83' lang='lat' dir='ltr'><strong>assignata</strong></span> <span class='ocrx_word' id='word_1_85' title='bbox 1355 1030 1419 1092; x_wconf 90' lang='lat' dir='ltr'><strong>sihi</strong></span> <span class='ocrx_word' id='word_1_86' title='bbox 1434 1028 1474 1092; x_wconf 89' lang='lat' dir='ltr'><strong>de</strong></span> <span class='ocrx_word' id='word_1_87' title='bbox 1490 1031 1702 1107; x_wconf 79' lang='lat' dir='ltr'><strong>proventibus</strong></span> <span class='ocrx_word' id='word_1_88' title='bbox 1718 1035 1790 1110; x_wconf 85' lang='lat' dir='ltr'><strong>ejus</strong></span> 
     </span>
     <span class='ocr_line' id='line_1_9' title="bbox 132 1127 1790 1209; baseline 0.001 -19"><span class='ocrx_word' id='word_1_89' title='bbox 132 1129 252 1192; x_wconf 88' lang='lat' dir='ltr'><strong>raiiter</strong></span> <span class='ocrx_word' id='word_1_90' title='bbox 278 1129 475 1207; x_wconf 82' lang='lat' dir='ltr'><strong>praestitum,</strong></span> <span class='ocrx_word' id='word_1_91' title='bbox 501 1129 587 1209; x_wconf 86' lang='lat' dir='ltr'><strong>quod</strong></span> <span class='ocrx_word' id='word_1_92' title='bbox 614 1131 768 1193; x_wconf 90' lang='lat' dir='ltr'><strong>inimicos</strong></span> <span class='ocrx_word' id='word_1_93' title='bbox 795 1131 872 1193; x_wconf 87' lang='lat' dir='ltr'><strong>tuos</strong></span> <span class='ocrx_word' id='word_1_94' title='bbox 897 1131 932 1192; x_wconf 90' lang='lat' dir='ltr'><strong>in</strong></span> <span class='ocrx_word' id='word_1_95' title='bbox 989 1140 1136 1202; x_wconf 80' lang='lat' dir='ltr'><strong>congrua</strong></span> <span class='ocrx_word' id='word_1_96' title='bbox 1155 1127 1306 1203; x_wconf 89' lang='lat' dir='ltr'><strong>portione</strong></span> <span class='ocrx_word' id='word_1_97' title='bbox 1325 1128 1463 1190; x_wconf 90' lang='lat' dir='ltr'><strong>caeteros</strong></span> <span class='ocrx_word' id='word_1_98' title='bbox 1487 1128 1529 1190; x_wconf 91' lang='lat' dir='ltr'><strong>ad</strong></span> <span class='ocrx_word' id='word_1_99' title='bbox 1554 1128 1790 1206; x_wconf 83' lang='lat' dir='ltr'><strong>hospitalitatis</strong></span> 
     </span>
     <span class='ocr_line' id='line_1_10' title="bbox 132 1224 1792 1306; baseline 0 -17"><span class='ocrx_word' id='word_1_100' title='bbox 132 1227 247 1290; x_wconf 87' lang='lat' dir='ltr'><strong>castro</strong></span> <span class='ocrx_word' id='word_1_101' title='bbox 261 1242 329 1290; x_wconf 92' lang='lat' dir='ltr'><strong>non</strong></span> <span class='ocrx_word' id='word_1_102' title='bbox 342 1226 528 1305; x_wconf 88' lang='lat' dir='ltr'><strong>receptabit</strong></span> <span class='ocrx_word' id='word_1_103' title='bbox 539 1228 666 1301; x_wconf 91' lang='lat' dir='ltr'><strong>eodem,</strong></span> <span class='ocrx_word' id='word_1_104' title='bbox 681 1244 743 1292; x_wconf 90' lang='lat' dir='ltr'><strong>nec</strong></span> <span class='ocrx_word' id='word_1_105' title='bbox 754 1228 932 1306; x_wconf 81' lang='lat' dir='ltr'><strong>permittet,</strong></span> <span class='ocrx_word' id='word_1_106' title='bbox 990 1239 1086 1284; x_wconf 86' lang='lat' dir='ltr'><strong>usum</strong></span> <span class='ocrx_word' id='word_1_107' title='bbox 1100 1224 1292 1301; x_wconf 89' lang='lat' dir='ltr'><strong>percipiatis</strong></span> <span class='ocrx_word' id='word_1_108' title='bbox 1307 1225 1380 1287; x_wconf 93' lang='lat' dir='ltr'><strong>sine</strong></span> <span class='ocrx_word' id='word_1_109' title='bbox 1402 1227 1666 1289; x_wconf 81' lang='lat' dir='ltr'><strong>contradictione</strong></span> <span class='ocrx_word' id='word_1_110' title='bbox 1675 1231 1792 1306; x_wconf 90' lang='lat' dir='ltr'><strong>cujus-</strong></span> 
     </span>
     <span class='ocr_line' id='line_1_11' title="bbox 131 1319 1790 1404; baseline 0.002 -19"><span class='ocrx_word' id='word_1_111' title='bbox 131 1324 342 1402; x_wconf 83' lang='lat' dir='ltr'><strong>quantumin</strong></span> <span class='ocrx_word' id='word_1_112' title='bbox 358 1340 398 1386; x_wconf 89' lang='lat' dir='ltr'><strong>eo</strong></span> <span class='ocrx_word' id='word_1_113' title='bbox 413 1324 524 1398; x_wconf 81' lang='lat' dir='ltr'><strong>luerit,</strong></span> <span class='ocrx_word' id='word_1_114' title='bbox 539 1325 624 1403; x_wconf 84' lang='lat' dir='ltr'><strong>quod</strong></span> <span class='ocrx_word' id='word_1_115' title='bbox 644 1326 681 1388; x_wconf 91' lang='lat' dir='ltr'><strong>tu</strong></span> <span class='ocrx_word' id='word_1_116' title='bbox 694 1326 748 1388; x_wconf 84' lang='lat' dir='ltr'><strong>vei</strong></span> <span class='ocrx_word' id='word_1_117' title='bbox 765 1325 934 1402; x_wconf 80' lang='lat' dir='ltr'><strong>negotium</strong></span> <span class='ocrx_word' id='word_1_118' title='bbox 990 1319 1077 1381; x_wconf 90' lang='lat' dir='ltr'><strong>dam.</strong></span> <span class='ocrx_word' id='word_1_119' title='bbox 1092 1320 1142 1384; x_wconf 81' lang='lat' dir='ltr'><strong>Ad</strong></span> <span class='ocrx_word' id='word_1_120' title='bbox 1155 1325 1314 1401; x_wconf 83' lang='lat' dir='ltr'><strong>majorem</strong></span> <span class='ocrx_word' id='word_1_121' title='bbox 1338 1338 1419 1385; x_wconf 84' lang='lat' dir='ltr'><strong>vero</strong></span> <span class='ocrx_word' id='word_1_122' title='bbox 1440 1322 1672 1388; x_wconf 84' lang='lat' dir='ltr'><strong>certitudinem</strong></span> <span class='ocrx_word' id='word_1_123' title='bbox 1690 1325 1790 1404; x_wconf 88' lang='lat' dir='ltr'><strong>hujus</strong></span> 
     </span>
     <span class='ocr_line' id='line_1_12' title="bbox 133 1417 1789 1501; baseline 0.001 -17"><span class='ocrx_word' id='word_1_124' title='bbox 133 1423 230 1499; x_wconf 88' lang='lat' dir='ltr'><strong>pacis</strong></span> <span class='ocrx_word' id='word_1_125' title='bbox 246 1437 306 1499; x_wconf 90' lang='lat' dir='ltr'><strong>per</strong></span> <span class='ocrx_word' id='word_1_126' title='bbox 320 1423 466 1484; x_wconf 87' lang='lat' dir='ltr'><strong>castrum</strong></span> <span class='ocrx_word' id='word_1_127' title='bbox 480 1422 590 1501; x_wconf 91' lang='lat' dir='ltr'><strong>ipsum</strong></span> <span class='ocrx_word' id='word_1_128' title='bbox 601 1424 656 1485; x_wconf 81' lang='lat' dir='ltr'><strong>rel</strong></span> <span class='ocrx_word' id='word_1_129' title='bbox 668 1426 743 1501; x_wconf 87' lang='lat' dir='ltr'><strong>ejus</strong></span> <span class='ocrx_word' id='word_1_130' title='bbox 758 1423 933 1501; x_wconf 89' lang='lat' dir='ltr'><strong>pertinen-</strong></span> <span class='ocrx_word' id='word_1_131' title='bbox 990 1417 1050 1490; x_wconf 62' lang='lat' dir='ltr'><strong>rei,</strong></span> <span class='ocrx_word' id='word_1_132' title='bbox 1072 1418 1220 1481; x_wconf 88' lang='lat' dir='ltr'><strong>tenorem</strong></span> <span class='ocrx_word' id='word_1_133' title='bbox 1242 1419 1429 1482; x_wconf 87' lang='lat' dir='ltr'><strong>litterarum</strong></span> <span class='ocrx_word' id='word_1_134' title='bbox 1449 1421 1638 1485; x_wconf 87' lang='lat' dir='ltr'><strong>donationis</strong></span> <span class='ocrx_word' id='word_1_135' title='bbox 1653 1422 1687 1485; x_wconf 84' lang='lat' dir='ltr'><strong>et</strong></span> <span class='ocrx_word' id='word_1_136' title='bbox 1705 1439 1789 1486; x_wconf 90' lang='lat' dir='ltr'><strong>oon-</strong></span> 
     </span>
    </p>
   </div>
   <div class='ocr_carea' id='block_1_3' title="bbox 131 1515 1916 1613">
    <p class='ocr_par' dir='ltr' id='par_1_3' title="bbox 131 1515 1916 1613">
     <span class='ocr_line' id='line_1_13' title="bbox 131 1515 1916 1613; baseline 0.007 -41"><span class='ocrx_word' id='word_1_137' title='bbox 131 1520 202 1580; x_wconf 76' lang='lat' dir='ltr'><strong>tias</strong></span> <span class='ocrx_word' id='word_1_138' title='bbox 218 1519 352 1596; x_wconf 82' lang='lat' dir='ltr'><strong>aliquod</strong></span> <span class='ocrx_word' id='word_1_139' title='bbox 367 1519 601 1581; x_wconf 79' lang='lat' dir='ltr'><strong>detrimentum</strong></span> <span class='ocrx_word' id='word_1_140' title='bbox 614 1521 775 1583; x_wconf 75' lang='lat' dir='ltr'><strong>incurrat.</strong></span> <span class='ocrx_word' id='word_1_141' title='bbox 792 1519 935 1597; x_wconf 81' lang='lat' dir='ltr'><strong>Ideoque</strong></span> <span class='ocrx_word' id='word_1_142' title='bbox 990 1515 1151 1578; x_wconf 79' lang='lat' dir='ltr'><strong>cessionis</strong></span> <span class='ocrx_word' id='word_1_143' title='bbox 1164 1517 1312 1594; x_wconf 73' lang='lat' dir='ltr'><strong>eiusdem</strong></span> <span class='ocrx_word' id='word_1_144' title='bbox 1329 1519 1418 1596; x_wconf 79' lang='lat' dir='ltr'><strong>regis</strong></span> <span class='ocrx_word' id='word_1_145' title='bbox 1430 1519 1470 1580; x_wconf 83' lang='lat' dir='ltr'><strong>de</strong></span> <span class='ocrx_word' id='word_1_146' title='bbox 1482 1518 1585 1584; x_wconf 76' lang='lat' dir='ltr'><strong>verbo</strong></span> <span class='ocrx_word' id='word_1_147' title='bbox 1595 1519 1638 1582; x_wconf 84' lang='lat' dir='ltr'><strong>ad</strong></span> <span class='ocrx_word' id='word_1_148' title='bbox 1651 1520 1788 1613; x_wconf 55' lang='lat' dir='ltr'><strong>verbulis</strong></span> <span class='ocrx_word' id='word_1_149' title='bbox 1910 1525 1916 1532; x_wconf 82' lang='lat'>&#39;</span> 
     </span>
    </p>
   </div>
   <div class='ocr_carea' id='block_1_4' title="bbox 112 1611 1824 5302">
    <p class='ocr_par' dir='ltr' id='par_1_4' title="bbox 112 1611 1824 4722">
     <span class='ocr_line' id='line_1_14' title="bbox 129 1611 1623 1696; baseline 0.001 -18"><span class='ocrx_word' id='word_1_150' title='bbox 129 1613 302 1678; x_wconf 85' lang='lat' dir='ltr'><strong>nobilitati</strong></span> <span class='ocrx_word' id='word_1_151' title='bbox 316 1617 383 1678; x_wconf 88' lang='lat' dir='ltr'><strong>tuae</strong></span> <span class='ocrx_word' id='word_1_152' title='bbox 405 1633 465 1694; x_wconf 90' lang='lat' dir='ltr'><strong>per</strong></span> <span class='ocrx_word' id='word_1_153' title='bbox 482 1616 674 1693; x_wconf 84' lang='lat' dir='ltr'><strong>Apostolica</strong></span> <span class='ocrx_word' id='word_1_154' title='bbox 695 1617 820 1696; x_wconf 87' lang='lat' dir='ltr'><strong>scripta</strong></span> <span class='ocrx_word' id='word_1_155' title='bbox 838 1633 935 1678; x_wconf 91' lang='lat' dir='ltr'><strong>man·</strong></span> <span class='ocrx_word' id='word_1_156' title='bbox 989 1611 1068 1673; x_wconf 89' lang='lat' dir='ltr'><strong>huic</strong></span> <span class='ocrx_word' id='word_1_157' title='bbox 1083 1613 1214 1690; x_wconf 79' lang='lat' dir='ltr'><strong>paginae</strong></span> <span class='ocrx_word' id='word_1_158' title='bbox 1229 1613 1384 1678; x_wconf 84' lang='lat' dir='ltr'><strong>duximus</strong></span> <span class='ocrx_word' id='word_1_159' title='bbox 1398 1615 1623 1680; x_wconf 89' lang='lat' dir='ltr'><strong>inserendum.</strong></span> 
     </span>
     <span class='ocr_line' id='line_1_15' title="bbox 134 1710 1789 1794; baseline 0.009 -20"><span class='ocrx_word' id='word_1_160' title='bbox 134 1714 266 1786; x_wconf 89' lang='lat' dir='ltr'><strong>damus,</strong></span> <span class='ocrx_word' id='word_1_161' title='bbox 283 1715 458 1792; x_wconf 85' lang='lat' dir='ltr'><strong>quatenus,</strong></span> <span class='ocrx_word' id='word_1_162' title='bbox 472 1729 538 1776; x_wconf 91' lang='lat' dir='ltr'><strong>non</strong></span> <span class='ocrx_word' id='word_1_163' title='bbox 554 1713 736 1793; x_wconf 88' lang='lat' dir='ltr'><strong>impediens</strong></span> <span class='ocrx_word' id='word_1_164' title='bbox 751 1730 811 1794; x_wconf 90' lang='lat' dir='ltr'><strong>per</strong></span> <span class='ocrx_word' id='word_1_165' title='bbox 822 1713 857 1778; x_wconf 81' lang='lat' dir='ltr'><strong>te</strong></span> <span class='ocrx_word' id='word_1_166' title='bbox 875 1730 934 1776; x_wconf 91' lang='lat' dir='ltr'><strong>seu</strong></span> <span class='ocrx_word' id='word_1_167' title='bbox 1029 1711 1204 1773; x_wconf 79' lang='lat' dir='ltr'><strong>«loannes</strong></span> <span class='ocrx_word' id='word_1_168' title='bbox 1219 1710 1279 1773; x_wconf 90' lang='lat' dir='ltr'><strong>Dei</strong></span> <span class='ocrx_word' id='word_1_169' title='bbox 1291 1713 1401 1788; x_wconf 72' lang='lat' dir='ltr'><strong>gratia</strong></span> <span class='ocrx_word' id='word_1_170' title='bbox 1414 1715 1622 1793; x_wconf 51' lang='lat' dir='ltr'><strong>rombli&amp;</strong></span> <span class='ocrx_word' id='word_1_171' title='bbox 1636 1715 1789 1780; x_wconf 65' lang='lat' dir='ltr'><strong>dominus</strong></span> 
     </span>
     <span class='ocr_line' id='line_1_16' title="bbox 135 1806 1786 1892; baseline 0.01 -21"><span class='ocrx_word' id='word_1_172' title='bbox 135 1825 198 1886; x_wconf 82' lang='lat' dir='ltr'><strong>per</strong></span> <span class='ocrx_word' id='word_1_173' title='bbox 224 1809 309 1872; x_wconf 84' lang='lat' dir='ltr'><strong>aiios</strong></span> <span class='ocrx_word' id='word_1_174' title='bbox 328 1811 508 1889; x_wconf 65' lang='lat' dir='ltr'><strong>pominus</strong></span> <span class='ocrx_word' id='word_1_175' title='bbox 533 1812 647 1874; x_wconf 82' lang='lat' dir='ltr'><strong>nostra</strong></span> <span class='ocrx_word' id='word_1_176' title='bbox 674 1811 748 1874; x_wconf 79' lang='lat' dir='ltr'><strong>haec</strong></span> <span class='ocrx_word' id='word_1_177' title='bbox 767 1812 935 1875; x_wconf 78' lang='lat' dir='ltr'><strong>iesntutio</strong></span> <span class='ocrx_word' id='word_1_178' title='bbox 989 1806 1170 1881; x_wconf 80' lang='lat' dir='ltr'><strong>Hiberniae,</strong></span> <span class='ocrx_word' id='word_1_179' title='bbox 1195 1808 1264 1871; x_wconf 82' lang='lat' dir='ltr'><strong>dux</strong></span> <span class='ocrx_word' id='word_1_180' title='bbox 1284 1810 1511 1886; x_wconf 81' lang='lat' dir='ltr'><strong>Normanniae,</strong></span> <span class='ocrx_word' id='word_1_181' title='bbox 1535 1816 1568 1878; x_wconf 84' lang='lat' dir='ltr'><strong>ot</strong></span> <span class='ocrx_word' id='word_1_182' title='bbox 1585 1814 1786 1892; x_wconf 74' lang='lat' dir='ltr'><strong>nonanta,</strong></span> 
     </span>
     <span class='ocr_line' id='line_1_17' title="bbox 130 1903 1790 1990; baseline 0.005 -25"><span class='ocrx_word' id='word_1_183' title='bbox 130 1907 296 1968; x_wconf 86' lang='lat' dir='ltr'><strong>sortiatur</strong></span> <span class='ocrx_word' id='word_1_184' title='bbox 308 1907 474 1976; x_wconf 82' lang='lat' dir='ltr'><strong>ereetum,</strong></span> <span class='ocrx_word' id='word_1_185' title='bbox 489 1907 612 1970; x_wconf 91' lang='lat' dir='ltr'><strong>dictum</strong></span> <span class='ocrx_word' id='word_1_186' title='bbox 627 1909 819 1987; x_wconf 89' lang='lat' dir='ltr'><strong>episcopum</strong></span> <span class='ocrx_word' id='word_1_187' title='bbox 835 1923 935 1985; x_wconf 91' lang='lat' dir='ltr'><strong>super</strong></span> <span class='ocrx_word' id='word_1_188' title='bbox 989 1903 1022 1964; x_wconf 77' lang='lat' dir='ltr'><strong>el</strong></span> <span class='ocrx_word' id='word_1_189' title='bbox 1036 1919 1147 1966; x_wconf 83' lang='lat' dir='ltr'><strong>comes</strong></span> <span class='ocrx_word' id='word_1_190' title='bbox 1156 1904 1543 1983; x_wconf 77' lang='lat' dir='ltr'><strong>andegaven.,omnihus</strong></span> <span class='ocrx_word' id='word_1_191' title='bbox 1553 1909 1595 1972; x_wconf 89' lang='lat' dir='ltr'><strong>ad</strong></span> <span class='ocrx_word' id='word_1_192' title='bbox 1609 1927 1691 1990; x_wconf 86' lang='lat' dir='ltr'><strong>quos</strong></span> <span class='ocrx_word' id='word_1_193' title='bbox 1702 1927 1790 1990; x_wconf 79' lang='lat' dir='ltr'><strong>prae-</strong></span> 
     </span>
     <span class='ocr_line' id='line_1_18' title="bbox 134 2001 1789 2082; baseline 0.011 -20"><span class='ocrx_word' id='word_1_194' title='bbox 134 2003 246 2064; x_wconf 90' lang='lat' dir='ltr'><strong>castro</strong></span> <span class='ocrx_word' id='word_1_195' title='bbox 262 2003 378 2065; x_wconf 89' lang='lat' dir='ltr'><strong>eodem</strong></span> <span class='ocrx_word' id='word_1_196' title='bbox 392 2005 447 2066; x_wconf 83' lang='lat' dir='ltr'><strong>rel</strong></span> <span class='ocrx_word' id='word_1_197' title='bbox 462 2005 673 2081; x_wconf 88' lang='lat' dir='ltr'><strong>pertinentiis</strong></span> <span class='ocrx_word' id='word_1_198' title='bbox 688 2006 759 2067; x_wconf 90' lang='lat' dir='ltr'><strong>suis</strong></span> <span class='ocrx_word' id='word_1_199' title='bbox 780 2021 845 2067; x_wconf 93' lang='lat' dir='ltr'><strong>nec</strong></span> <span class='ocrx_word' id='word_1_200' title='bbox 862 2005 934 2082; x_wconf 90' lang='lat' dir='ltr'><strong>ipse</strong></span> <span class='ocrx_word' id='word_1_201' title='bbox 990 2001 1197 2062; x_wconf 70' lang='grc' dir='ltr'><strong>8011801181·ῑᾶ</strong></span> <span class='ocrx_word' id='word_1_202' title='bbox 1211 2003 1575 2078; x_wconf 77' lang='lat' dir='ltr'><strong>perveneritsaiutem.</strong></span> <span class='ocrx_word' id='word_1_203' title='bbox 1593 2007 1713 2069; x_wconf 70' lang='lat' dir='ltr'><strong>Sciatis</strong></span> <span class='ocrx_word' id='word_1_204' title='bbox 1729 2023 1789 2071; x_wconf 66' lang='lat'><strong>¹³⁰⁵</strong></span> 
     </span>
     <span class='ocr_line' id='line_1_19' title="bbox 131 2093 1789 2181; baseline 0.01 -28"><span class='ocrx_word' id='word_1_205' title='bbox 131 2101 305 2170; x_wconf 80' lang='lat' dir='ltr'><strong>molestes,</strong></span> <span class='ocrx_word' id='word_1_206' title='bbox 330 2116 392 2162; x_wconf 86' lang='lat' dir='ltr'><strong>noo</strong></span> <span class='ocrx_word' id='word_1_207' title='bbox 415 2117 435 2162; x_wconf 80' lang='lat' dir='ltr'><strong>a</strong></span> <span class='ocrx_word' id='word_1_208' title='bbox 462 2101 530 2164; x_wconf 82' lang='lat' dir='ltr'><strong>tuis</strong></span> <span class='ocrx_word' id='word_1_209' title='bbox 553 2102 726 2165; x_wconf 78' lang='lat' dir='ltr'><strong>molestari</strong></span> <span class='ocrx_word' id='word_1_210' title='bbox 742 2101 932 2180; x_wconf 56' lang='lat' dir='ltr'><strong>permittam</strong></span> <span class='ocrx_word' id='word_1_211' title='bbox 989 2093 1110 2159; x_wconf 78' lang='lat' dir='ltr'><strong>divinoe</strong></span> <span class='ocrx_word' id='word_1_212' title='bbox 1125 2098 1258 2175; x_wconf 72' lang='lat' dir='ltr'><strong>pietatis</strong></span> <span class='ocrx_word' id='word_1_213' title='bbox 1277 2099 1411 2175; x_wconf 74' lang='lat' dir='ltr'><strong>intuitu,</strong></span> <span class='ocrx_word' id='word_1_214' title='bbox 1426 2103 1461 2165; x_wconf 77' lang='lat' dir='ltr'><strong>oi</strong></span> <span class='ocrx_word' id='word_1_215' title='bbox 1473 2120 1534 2181; x_wconf 84' lang='lat' dir='ltr'><strong>pro</strong></span> <span class='ocrx_word' id='word_1_216' title='bbox 1547 2104 1654 2168; x_wconf 61' lang='lat' dir='ltr'><strong>salute</strong></span> <span class='ocrx_word' id='word_1_217' title='bbox 1668 2106 1789 2169; x_wconf 74' lang='lat' dir='ltr'><strong>animae</strong></span> 
     </span>
     <span class='ocr_line' id='line_1_20' title="bbox 130 2193 1790 2276; baseline 0.01 -27"><span class='ocrx_word' id='word_1_218' title='bbox 130 2197 318 2274; x_wconf 76' lang='lat' dir='ltr'><strong>quinimm0</strong></span> <span class='ocrx_word' id='word_1_219' title='bbox 332 2197 368 2260; x_wconf 76' lang='lat' dir='ltr'><strong>in</strong></span> <span class='ocrx_word' id='word_1_220' title='bbox 384 2197 447 2261; x_wconf 78' lang='lat'>1100</span> <span class='ocrx_word' id='word_1_221' title='bbox 461 2199 495 2262; x_wconf 75' lang='lat' dir='ltr'><strong>ot</strong></span> <span class='ocrx_word' id='word_1_222' title='bbox 511 2199 547 2260; x_wconf 75' lang='lat' dir='ltr'><strong>in</strong></span> <span class='ocrx_word' id='word_1_223' title='bbox 562 2199 640 2260; x_wconf 71' lang='lat' dir='ltr'><strong>aliis</strong></span> <span class='ocrx_word' id='word_1_224' title='bbox 664 2203 697 2262; x_wconf 73' lang='lat' dir='ltr'><strong>to</strong></span> <span class='ocrx_word' id='word_1_225' title='bbox 714 2199 817 2262; x_wconf 61' lang='lat' dir='ltr'><strong>talem</strong></span> <span class='ocrx_word' id='word_1_226' title='bbox 834 2199 935 2262; x_wconf 72' lang='lat' dir='ltr'><strong>exhi-</strong></span> <span class='ocrx_word' id='word_1_227' title='bbox 988 2193 1124 2267; x_wconf 78' lang='lat' dir='ltr'><strong>nostrae,</strong></span> <span class='ocrx_word' id='word_1_228' title='bbox 1141 2195 1175 2256; x_wconf 92' lang='lat' dir='ltr'><strong>et</strong></span> <span class='ocrx_word' id='word_1_229' title='bbox 1185 2197 1374 2260; x_wconf 90' lang='lat' dir='ltr'><strong>animarum</strong></span> <span class='ocrx_word' id='word_1_230' title='bbox 1396 2200 1656 2276; x_wconf 87' lang='lat' dir='ltr'><strong>antecessorum,</strong></span> <span class='ocrx_word' id='word_1_231' title='bbox 1670 2203 1704 2265; x_wconf 87' lang='lat' dir='ltr'><strong>et</strong></span> <span class='ocrx_word' id='word_1_232' title='bbox 1718 2203 1790 2265; x_wconf 82' lang='lat' dir='ltr'><strong>has-</strong></span> 
     </span>
     <span class='ocr_line' id='line_1_21' title="bbox 112 2289 1790 2375; baseline 0.008 -20"><span class='ocrx_word' id='word_1_233' title='bbox 112 2319 114 2323; x_wconf 56' lang='grc'>’</span> <span class='ocrx_word' id='word_1_234' title='bbox 128 2294 418 2371; x_wconf 83' lang='lat' dir='ltr'><strong>beasergaillum,</strong></span> <span class='ocrx_word' id='word_1_235' title='bbox 430 2296 516 2374; x_wconf 84' lang='lat' dir='ltr'><strong>quod</strong></span> <span class='ocrx_word' id='word_1_236' title='bbox 528 2297 569 2358; x_wconf 88' lang='lat' dir='ltr'><strong>ad</strong></span> <span class='ocrx_word' id='word_1_237' title='bbox 578 2294 735 2375; x_wconf 87' lang='lat' dir='ltr'><strong>obsequia</strong></span> <span class='ocrx_word' id='word_1_238' title='bbox 744 2298 803 2361; x_wconf 87' lang='lat' dir='ltr'><strong>tua</strong></span> <span class='ocrx_word' id='word_1_239' title='bbox 814 2296 933 2359; x_wconf 78' lang='lat' dir='ltr'><strong>lortius</strong></span> <span class='ocrx_word' id='word_1_240' title='bbox 988 2289 1103 2352; x_wconf 74' lang='lat' dir='ltr'><strong>redum</strong></span> <span class='ocrx_word' id='word_1_241' title='bbox 1116 2293 1319 2367; x_wconf 66' lang='lat' dir='ltr'><strong>nostrorum,</strong></span> <span class='ocrx_word' id='word_1_242' title='bbox 1332 2298 1365 2360; x_wconf 79' lang='grc' dir='ltr'><strong>θῐ</strong></span> <span class='ocrx_word' id='word_1_243' title='bbox 1375 2296 1416 2359; x_wconf 82' lang='lat' dir='ltr'><strong>Ob</strong></span> <span class='ocrx_word' id='word_1_244' title='bbox 1429 2301 1651 2364; x_wconf 75' lang='lat' dir='ltr'><strong>reverentiam</strong></span> <span class='ocrx_word' id='word_1_245' title='bbox 1663 2301 1790 2364; x_wconf 82' lang='lat' dir='ltr'><strong>domini</strong></span> 
     </span>
     <span class='ocr_line' id='line_1_22' title="bbox 125 2391 1790 2477; baseline 0.01 -25"><span class='ocrx_word' id='word_1_246' title='bbox 125 2393 345 2470; x_wconf 78' lang='lat' dir='ltr'><strong>provocetur.</strong></span> <span class='ocrx_word' id='word_1_247' title='bbox 361 2395 430 2455; x_wconf 81' lang='lat' dir='ltr'><strong>nos</strong></span> <span class='ocrx_word' id='word_1_248' title='bbox 443 2394 532 2455; x_wconf 82' lang='lat' dir='ltr'><strong>enim</strong></span> <span class='ocrx_word' id='word_1_249' title='bbox 547 2393 759 2457; x_wconf 78' lang='lat' dir='ltr'><strong>similimodo</strong></span> <span class='ocrx_word' id='word_1_250' title='bbox 773 2394 935 2456; x_wconf 82' lang='lat' dir='ltr'><strong>exnorta-</strong></span> <span class='ocrx_word' id='word_1_251' title='bbox 988 2391 1088 2465; x_wconf 79' lang='lat' dir='ltr'><strong>rapae</strong></span> <span class='ocrx_word' id='word_1_252' title='bbox 1112 2391 1308 2466; x_wconf 84' lang='lat' dir='ltr'><strong>innocentii,</strong></span> <span class='ocrx_word' id='word_1_253' title='bbox 1338 2397 1435 2472; x_wconf 65' lang='lat' dir='ltr'><strong>olous</strong></span> <span class='ocrx_word' id='word_1_254' title='bbox 1460 2413 1576 2474; x_wconf 81' lang='lat' dir='ltr'><strong>preces</strong></span> <span class='ocrx_word' id='word_1_255' title='bbox 1602 2414 1703 2477; x_wconf 82' lang='lat' dir='ltr'><strong>super</strong></span> <span class='ocrx_word' id='word_1_256' title='bbox 1726 2399 1790 2464; x_wconf 88' lang='lat' dir='ltr'><strong>hoc</strong></span> 
     </span>
     <span class='ocr_line' id='line_1_23' title="bbox 122 2487 1789 2571; baseline 0.007 -21"><span class='ocrx_word' id='word_1_257' title='bbox 122 2505 157 2550; x_wconf 90' lang='lat' dir='ltr'><strong>m</strong></span> <span class='ocrx_word' id='word_1_258' title='bbox 170 2505 212 2549; x_wconf 89' lang='lat' dir='ltr'><strong>ur</strong></span> <span class='ocrx_word' id='word_1_259' title='bbox 226 2491 377 2552; x_wconf 89' lang='lat' dir='ltr'><strong>eumdem</strong></span> <span class='ocrx_word' id='word_1_260' title='bbox 392 2491 596 2568; x_wconf 87' lang='lat' dir='ltr'><strong>episcopum,</strong></span> <span class='ocrx_word' id='word_1_261' title='bbox 614 2493 650 2553; x_wconf 94' lang='lat' dir='ltr'><strong>ut</strong></span> <span class='ocrx_word' id='word_1_262' title='bbox 667 2491 728 2553; x_wconf 88' lang='lat' dir='ltr'><strong>tihi</strong></span> <span class='ocrx_word' id='word_1_263' title='bbox 748 2493 782 2553; x_wconf 92' lang='lat' dir='ltr'><strong>et</strong></span> <span class='ocrx_word' id='word_1_264' title='bbox 799 2491 932 2568; x_wconf 84' lang='lat' dir='ltr'><strong>negotio</strong></span> <span class='ocrx_word' id='word_1_265' title='bbox 988 2487 1185 2562; x_wconf 81' lang='lat' dir='ltr'><strong>recepimus,</strong></span> <span class='ocrx_word' id='word_1_266' title='bbox 1200 2491 1418 2566; x_wconf 88' lang='lat' dir='ltr'><strong>concessisse,</strong></span> <span class='ocrx_word' id='word_1_267' title='bbox 1441 2495 1475 2555; x_wconf 92' lang='lat' dir='ltr'><strong>et</strong></span> <span class='ocrx_word' id='word_1_268' title='bbox 1494 2497 1651 2571; x_wconf 80' lang='lat' dir='ltr'><strong>praesenti</strong></span> <span class='ocrx_word' id='word_1_269' title='bbox 1672 2497 1789 2561; x_wconf 90' lang='lat' dir='ltr'><strong>charta</strong></span> 
     </span>
     <span class='ocr_line' id='line_1_24' title="bbox 122 2583 1788 2668; baseline 0.009 -20"><span class='ocrx_word' id='word_1_270' title='bbox 122 2587 226 2664; x_wconf 79' lang='lat' dir='ltr'><strong>pacis</strong></span> <span class='ocrx_word' id='word_1_271' title='bbox 237 2587 350 2650; x_wconf 87' lang='lat' dir='ltr'><strong>taliter</strong></span> <span class='ocrx_word' id='word_1_272' title='bbox 364 2587 405 2649; x_wconf 96' lang='lat' dir='ltr'><strong>ob</strong></span> <span class='ocrx_word' id='word_1_273' title='bbox 419 2588 640 2651; x_wconf 81' lang='lat' dir='ltr'><strong>reverentiam</strong></span> <span class='ocrx_word' id='word_1_274' title='bbox 651 2587 798 2651; x_wconf 82' lang='lat' dir='ltr'><strong>divinam</strong></span> <span class='ocrx_word' id='word_1_275' title='bbox 811 2590 935 2650; x_wconf 90' lang='lat' dir='ltr'><strong>etnos-</strong></span> <span class='ocrx_word' id='word_1_276' title='bbox 988 2583 1204 2646; x_wconf 71' lang='lat' dir='ltr'><strong>confirmasse</strong></span> <span class='ocrx_word' id='word_1_277' title='bbox 1224 2586 1395 2666; x_wconf 71' lang='lat' dir='ltr'><strong>hospitali,</strong></span> <span class='ocrx_word' id='word_1_278' title='bbox 1416 2589 1503 2668; x_wconf 76' lang='lat' dir='ltr'><strong>quod</strong></span> <span class='ocrx_word' id='word_1_279' title='bbox 1530 2591 1618 2654; x_wconf 78' lang='lat' dir='ltr'><strong>idem</strong></span> <span class='ocrx_word' id='word_1_280' title='bbox 1635 2593 1788 2657; x_wconf 79' lang='lat' dir='ltr'><strong>dominus</strong></span> 
     </span>
     <span class='ocr_line' id='line_1_25' title="bbox 121 2680 1788 2764; baseline 0.006 -19"><span class='ocrx_word' id='word_1_281' title='bbox 121 2685 220 2745; x_wconf 88' lang='lat' dir='ltr'><strong>tram</strong></span> <span class='ocrx_word' id='word_1_282' title='bbox 235 2683 380 2757; x_wconf 86' lang='lat' dir='ltr'><strong>assistat,</strong></span> <span class='ocrx_word' id='word_1_283' title='bbox 396 2684 483 2762; x_wconf 84' lang='lat' dir='ltr'><strong>quod</strong></span> <span class='ocrx_word' id='word_1_284' title='bbox 497 2685 531 2746; x_wconf 90' lang='lat' dir='ltr'><strong>et</strong></span> <span class='ocrx_word' id='word_1_285' title='bbox 543 2685 580 2747; x_wconf 93' lang='lat' dir='ltr'><strong>tu</strong></span> <span class='ocrx_word' id='word_1_286' title='bbox 595 2685 636 2746; x_wconf 89' lang='lat' dir='ltr'><strong>ad</strong></span> <span class='ocrx_word' id='word_1_287' title='bbox 651 2688 723 2764; x_wconf 87' lang='lat' dir='ltr'><strong>ejus</strong></span> <span class='ocrx_word' id='word_1_288' title='bbox 738 2684 932 2763; x_wconf 85' lang='lat' dir='ltr'><strong>obsequium</strong></span> <span class='ocrx_word' id='word_1_289' title='bbox 988 2680 1079 2755; x_wconf 81' lang='lat' dir='ltr'><strong>Papa</strong></span> <span class='ocrx_word' id='word_1_290' title='bbox 1109 2683 1296 2746; x_wconf 81' lang='lat' dir='ltr'><strong>construxit</strong></span> <span class='ocrx_word' id='word_1_291' title='bbox 1328 2686 1415 2763; x_wconf 89' lang='lat' dir='ltr'><strong>apud</strong></span> <span class='ocrx_word' id='word_1_292' title='bbox 1454 2687 1630 2750; x_wconf 89' lang='lat' dir='ltr'><strong>ecclesiam</strong></span> <span class='ocrx_word' id='word_1_293' title='bbox 1657 2693 1788 2756; x_wconf 86' lang='lat' dir='ltr'><strong>Sanctae</strong></span> 
     </span>
     <span class='ocr_line' id='line_1_26' title="bbox 124 2776 1789 2862; baseline 0.011 -20"><span class='ocrx_word' id='word_1_294' title='bbox 124 2779 254 2842; x_wconf 84' lang='lat' dir='ltr'><strong>merito</strong></span> <span class='ocrx_word' id='word_1_295' title='bbox 273 2781 477 2858; x_wconf 84' lang='lat' dir='ltr'><strong>provoceris,</strong></span> <span class='ocrx_word' id='word_1_296' title='bbox 496 2783 529 2844; x_wconf 90' lang='lat' dir='ltr'><strong>et</strong></span> <span class='ocrx_word' id='word_1_297' title='bbox 548 2797 608 2843; x_wconf 91' lang='lat' dir='ltr'><strong>nos</strong></span> <span class='ocrx_word' id='word_1_298' title='bbox 627 2781 838 2845; x_wconf 84' lang='lat' dir='ltr'><strong>devotionem</strong></span> <span class='ocrx_word' id='word_1_299' title='bbox 860 2785 933 2860; x_wconf 89' lang='lat' dir='ltr'><strong>ejus</strong></span> <span class='ocrx_word' id='word_1_300' title='bbox 988 2776 1104 2840; x_wconf 75' lang='lat' dir='ltr'><strong>Matiae</strong></span> <span class='ocrx_word' id='word_1_301' title='bbox 1119 2778 1154 2840; x_wconf 84' lang='lat' dir='ltr'><strong>in</strong></span> <span class='ocrx_word' id='word_1_302' title='bbox 1171 2780 1285 2852; x_wconf 72' lang='lat' dir='ltr'><strong>saxia,</strong></span> <span class='ocrx_word' id='word_1_303' title='bbox 1300 2798 1375 2860; x_wconf 75' lang='lat' dir='ltr'>(111ae</span> <span class='ocrx_word' id='word_1_304' title='bbox 1389 2785 1572 2862; x_wconf 74' lang='lat' dir='ltr'><strong>Anglffl&#39;ilm</strong></span> <span class='ocrx_word' id='word_1_305' title='bbox 1597 2787 1730 2861; x_wconf 71' lang='lat' dir='ltr'><strong>dicitur·</strong></span> <span class='ocrx_word' id='word_1_306' title='bbox 1756 2792 1789 2852; x_wconf 69' lang='lat' dir='ltr'><strong>et</strong></span> 
     </span>
     <span class='ocr_line' id='line_1_27' title="bbox 123 2874 1788 2960; baseline 0.006 -22"><span class='ocrx_word' id='word_1_307' title='bbox 123 2875 312 2939; x_wconf 87' lang='lat' dir='ltr'><strong>debeamus</strong></span> <span class='ocrx_word' id='word_1_308' title='bbox 333 2877 452 2941; x_wconf 85' lang='lat' dir='ltr'><strong>meritc</strong></span> <span class='ocrx_word' id='word_1_309' title='bbox 467 2877 709 2941; x_wconf 89' lang='lat' dir='ltr'><strong>commendare.</strong></span> <span class='ocrx_word' id='word_1_310' title='bbox 726 2879 845 2941; x_wconf 90' lang='lat' dir='ltr'><strong>Datum</strong></span> <span class='ocrx_word' id='word_1_311' title='bbox 867 2880 934 2940; x_wconf 85' lang='lat' dir='ltr'><strong>La-</strong></span> <span class='ocrx_word' id='word_1_312' title='bbox 987 2874 1168 2950; x_wconf 70' lang='lat' dir='ltr'><strong>angiorum</strong></span> <span class='ocrx_word' id='word_1_313' title='bbox 1190 2876 1254 2940; x_wconf 82' lang='lat' dir='ltr'><strong>ruit</strong></span> <span class='ocrx_word' id='word_1_314' title='bbox 1276 2877 1420 2958; x_wconf 91' lang='lat' dir='ltr'><strong>hospitio</strong></span> <span class='ocrx_word' id='word_1_315' title='bbox 1436 2882 1591 2960; x_wconf 88' lang='lat' dir='ltr'><strong>deputata</strong></span> <span class='ocrx_word' id='word_1_316' title='bbox 1607 2886 1684 2948; x_wconf 90' lang='lat' dir='ltr'><strong>ante</strong></span> <span class='ocrx_word' id='word_1_317' title='bbox 1697 2884 1788 2948; x_wconf 89' lang='lat' dir='ltr'><strong>basi-</strong></span> 
     </span>
     <span class='ocr_line' id='line_1_28' title="bbox 124 2969 1785 3057; baseline 0.005 -20"><span class='ocrx_word' id='word_1_318' title='bbox 124 2975 813 3054; x_wconf 84' lang='lat' dir='ltr'><strong>terani,liinonasjanuarii,pontiiicatus</strong></span> <span class='ocrx_word' id='word_1_319' title='bbox 826 2975 931 3039; x_wconf 88' lang='lat' dir='ltr'><strong>nostri</strong></span> <span class='ocrx_word' id='word_1_320' title='bbox 987 2969 1085 3033; x_wconf 86' lang='lat' dir='ltr'><strong>licam</strong></span> <span class='ocrx_word' id='word_1_321' title='bbox 1111 2972 1200 3036; x_wconf 89' lang='lat' dir='ltr'><strong>beati</strong></span> <span class='ocrx_word' id='word_1_322' title='bbox 1231 2977 1323 3038; x_wconf 88' lang='lat' dir='ltr'><strong>Petri</strong></span> <span class='ocrx_word' id='word_1_323' title='bbox 1349 2979 1491 3056; x_wconf 87' lang='lat' dir='ltr'><strong>positam</strong></span> <span class='ocrx_word' id='word_1_324' title='bbox 1517 2995 1613 3044; x_wconf 88' lang='lat' dir='ltr'><strong>secus</strong></span> <span class='ocrx_word' id='word_1_325' title='bbox 1636 2985 1785 3057; x_wconf 84' lang='lat' dir='ltr'><strong>stratam,</strong></span> 
     </span>
     <span class='ocr_line' id='line_1_29' title="bbox 123 3070 1786 3158; baseline 0.006 -24"><span class='ocrx_word' id='word_1_326' title='bbox 123 3071 392 3134; x_wconf 88' lang='lat' dir='ltr'><strong>annosecundo.</strong></span> <span class='ocrx_word' id='word_1_327' title='bbox 987 3070 1118 3131; x_wconf 90' lang='lat' dir='ltr'><strong>centum</strong></span> <span class='ocrx_word' id='word_1_328' title='bbox 1141 3087 1273 3136; x_wconf 89' lang='lat' dir='ltr'><strong>marcas</strong></span> <span class='ocrx_word' id='word_1_329' title='bbox 1292 3077 1465 3140; x_wconf 89' lang='lat' dir='ltr'><strong>annuatim</strong></span> <span class='ocrx_word' id='word_1_330' title='bbox 1486 3080 1716 3158; x_wconf 86' lang='lat' dir='ltr'><strong>percipiendas</strong></span> <span class='ocrx_word' id='word_1_331' title='bbox 1744 3083 1786 3146; x_wconf 90' lang='lat' dir='ltr'><strong>ad</strong></span> 
     </span>
     <span class='ocr_line' id='line_1_30' title="bbox 986 3167 1789 3244; baseline 0.019 -17"><span class='ocrx_word' id='word_1_332' title='bbox 986 3167 1173 3231; x_wconf 81' lang='lat' dir='ltr'><strong>saccariam</strong></span> <span class='ocrx_word' id='word_1_333' title='bbox 1201 3172 1352 3236; x_wconf 85' lang='lat' dir='ltr'><strong>nostrum</strong></span> <span class='ocrx_word' id='word_1_334' title='bbox 1372 3173 1409 3238; x_wconf 89' lang='lat' dir='ltr'><strong>in</strong></span> <span class='ocrx_word' id='word_1_335' title='bbox 1433 3177 1576 3241; x_wconf 88' lang='lat' dir='ltr'><strong>termino</strong></span> <span class='ocrx_word' id='word_1_336' title='bbox 1593 3179 1700 3244; x_wconf 89' lang='lat' dir='ltr'><strong>sancti</strong></span> <span class='ocrx_word' id='word_1_337' title='bbox 1723 3181 1789 3242; x_wconf 88' lang='lat' dir='ltr'><strong>bdi·</strong></span> 
     </span>
     <span class='ocr_line' id='line_1_31' title="bbox 986 3263 1788 3355; baseline 0.02 -31"><span class='ocrx_word' id='word_1_338' title='bbox 986 3263 1113 3326; x_wconf 90' lang='lat' dir='ltr'><strong>chaeiis</strong></span> <span class='ocrx_word' id='word_1_339' title='bbox 1119 3281 1291 3346; x_wconf 82' lang='lat' dir='ltr'><strong>quousque</strong></span> <span class='ocrx_word' id='word_1_340' title='bbox 1306 3270 1448 3333; x_wconf 89' lang='lat' dir='ltr'><strong>ecclesia</strong></span> <span class='ocrx_word' id='word_1_341' title='bbox 1460 3273 1502 3336; x_wconf 91' lang='lat' dir='ltr'><strong>de</strong></span> <span class='ocrx_word' id='word_1_342' title='bbox 1516 3275 1672 3351; x_wconf 89' lang='lat' dir='ltr'><strong>Winteie,</strong></span> <span class='ocrx_word' id='word_1_343' title='bbox 1688 3293 1788 3355; x_wconf 80' lang='lat' dir='ltr'><strong>quam</strong></span> 
     </span>
     <span class='ocr_line' id='line_1_32' title="bbox 954 3359 1789 3451; baseline 0.023 -33"><span class='ocrx_word' id='word_1_344' title='bbox 954 3415 955 3420; x_wconf 75' lang='grc'>,</span> <span class='ocrx_word' id='word_1_345' title='bbox 987 3359 1138 3423; x_wconf 90' lang='lat' dir='ltr'><strong>dedimus</strong></span> <span class='ocrx_word' id='word_1_346' title='bbox 1159 3365 1318 3441; x_wconf 79' lang='lat' dir='ltr'><strong>praedicto</strong></span> <span class='ocrx_word' id='word_1_347' title='bbox 1343 3366 1501 3448; x_wconf 85' lang='lat' dir='ltr'><strong>hospitali</strong></span> <span class='ocrx_word' id='word_1_348' title='bbox 1526 3371 1563 3434; x_wconf 91' lang='lat' dir='ltr'><strong>in</strong></span> <span class='ocrx_word' id='word_1_349' title='bbox 1590 3389 1724 3451; x_wconf 85' lang='lat' dir='ltr'><strong>puram,</strong></span> <span class='ocrx_word' id='word_1_350' title='bbox 1754 3380 1789 3437; x_wconf 91' lang='lat' dir='ltr'><strong>et</strong></span> 
     </span>
     <span class='ocr_line' id='line_1_33' title="bbox 986 3459 1789 3540; baseline 0.022 -23"><span class='ocrx_word' id='word_1_351' title='bbox 986 3459 1179 3534; x_wconf 88' lang='lat' dir='ltr'><strong>perpetuam</strong></span> <span class='ocrx_word' id='word_1_352' title='bbox 1194 3461 1439 3540; x_wconf 87' lang='lat' dir='ltr'><strong>eleemosynam</strong></span> <span class='ocrx_word' id='word_1_353' title='bbox 1455 3467 1496 3528; x_wconf 88' lang='lat' dir='ltr'><strong>ed</strong></span> <span class='ocrx_word' id='word_1_354' title='bbox 1508 3483 1601 3539; x_wconf 84' lang='lat' dir='ltr'><strong>usus,</strong></span> <span class='ocrx_word' id='word_1_355' title='bbox 1612 3471 1646 3533; x_wconf 87' lang='lat' dir='ltr'><strong>et</strong></span> <span class='ocrx_word' id='word_1_356' title='bbox 1658 3471 1789 3535; x_wconf 87' lang='lat' dir='ltr'><strong>susten·</strong></span> 
     </span>
     <span class='ocr_line' id='line_1_34' title="bbox 984 3553 1787 3645; baseline 0.022 -31"><span class='ocrx_word' id='word_1_357' title='bbox 984 3553 1145 3616; x_wconf 88' lang='lat' dir='ltr'><strong>tationem</strong></span> <span class='ocrx_word' id='word_1_358' title='bbox 1158 3555 1378 3634; x_wconf 80' lang='lat' dir='ltr'><strong>intirmorum,</strong></span> <span class='ocrx_word' id='word_1_359' title='bbox 1395 3563 1428 3624; x_wconf 88' lang='lat' dir='ltr'><strong>et</strong></span> <span class='ocrx_word' id='word_1_360' title='bbox 1441 3579 1625 3642; x_wconf 87' lang='lat' dir='ltr'><strong>pauperum</strong></span> <span class='ocrx_word' id='word_1_361' title='bbox 1637 3569 1787 3645; x_wconf 88' lang='lat' dir='ltr'><strong>ejusdem</strong></span> 
     </span>
     <span class='ocr_line' id='line_1_35' title="bbox 252 3634 1788 3731; baseline 0.02 -31"><span class='ocrx_word' id='word_1_362' title='bbox 252 3634 571 3700; x_wconf 62' lang='lat' dir='ltr'><strong>pertulissemus.</strong></span> <span class='ocrx_word' id='word_1_363' title='bbox 586 3635 814 3704; x_wconf 67' lang='lat' dir='ltr'><strong>rennuitae]</strong></span> <span class='ocrx_word' id='word_1_364' title='bbox 987 3651 1184 3728; x_wconf 89' lang='lat' dir='ltr'><strong>hospitalis,</strong></span> <span class='ocrx_word' id='word_1_365' title='bbox 1213 3659 1394 3722; x_wconf 85' lang='lat' dir='ltr'><strong>vacaverit.</strong></span> <span class='ocrx_word' id='word_1_366' title='bbox 1437 3663 1476 3724; x_wconf 80' lang='lat' dir='ltr'><strong>st</strong></span> <span class='ocrx_word' id='word_1_367' title='bbox 1505 3678 1581 3726; x_wconf 90' lang='lat' dir='ltr'><strong>cum</strong></span> <span class='ocrx_word' id='word_1_368' title='bbox 1617 3668 1788 3731; x_wconf 86' lang='lat' dir='ltr'><strong>vacaverit</strong></span> 
     </span>
     <span class='ocr_line' id='line_1_36' title="bbox 123 3731 1786 3827; baseline 0.013 -22"><span class='ocrx_word' id='word_1_369' title='bbox 123 3733 316 3794; x_wconf 59' lang='lat' dir='ltr'><strong>Cfflfllffliiffi</strong></span> <span class='ocrx_word' id='word_1_370' title='bbox 329 3731 492 3792; x_wconf 69' lang='lat' dir='ltr'><strong>d⁰ss⁸²l0¹¹i⁸</strong></span> <span class='ocrx_word' id='word_1_371' title='bbox 505 3734 655 3808; x_wconf 66' lang='lat' dir='ltr'><strong>enjusdam</strong></span> <span class='ocrx_word' id='word_1_372' title='bbox 669 3734 799 3794; x_wconf 66' lang='grc' dir='ltr'><strong>θθῦῐθῦὶθ</strong></span> <span class='ocrx_word' id='word_1_373' title='bbox 809 3737 929 3808; x_wconf 63' lang='lat' dir='ltr'><strong>liefAss·</strong></span> <span class='ocrx_word' id='word_1_374' title='bbox 986 3748 1145 3825; x_wconf 80' lang='lat' dir='ltr'><strong>praedicta</strong></span> <span class='ocrx_word' id='word_1_375' title='bbox 1171 3753 1312 3817; x_wconf 88' lang='lat' dir='ltr'><strong>ecclesia</strong></span> <span class='ocrx_word' id='word_1_376' title='bbox 1340 3757 1545 3822; x_wconf 87' lang='lat' dir='ltr'><strong>cessabimus</strong></span> <span class='ocrx_word' id='word_1_377' title='bbox 1564 3761 1602 3823; x_wconf 90' lang='lat' dir='ltr'><strong>in</strong></span> <span class='ocrx_word' id='word_1_378' title='bbox 1620 3762 1786 3827; x_wconf 87' lang='lat' dir='ltr'><strong>solutione</strong></span> 
     </span>
     <span class='ocr_line' id='line_1_37' title="bbox 164 3821 1786 3924; baseline 0.006 -44"><span class='ocrx_word' id='word_1_379' title='bbox 164 3823 234 3896; x_wconf 79' lang='lat' dir='ltr'><strong>glis</strong></span> <span class='ocrx_word' id='word_1_380' title='bbox 243 3836 344 3896; x_wconf 73' lang='lat' dir='ltr'><strong>regem</strong></span> <span class='ocrx_word' id='word_1_381' title='bbox 358 3821 492 3896; x_wconf 87' lang='lat' dir='ltr'><strong>hospitali</strong></span> <span class='ocrx_word' id='word_1_382' title='bbox 504 3825 601 3882; x_wconf 82' lang='lat' dir='ltr'><strong>Sancti</strong></span> <span class='ocrx_word' id='word_1_383' title='bbox 615 3825 737 3898; x_wconf 78' lang='lat' dir='ltr'><strong>Spirims</strong></span> <span class='ocrx_word' id='word_1_384' title='bbox 755 3825 785 3882; x_wconf 91' lang='lat' dir='ltr'><strong>in</strong></span> <span class='ocrx_word' id='word_1_385' title='bbox 799 3825 894 3883; x_wconf 83' lang='lat' dir='ltr'><strong>Sexis.</strong></span> <span class='ocrx_word' id='word_1_386' title='bbox 985 3845 1219 3922; x_wconf 43' lang='lat' dir='ltr'><strong>praedictarum</strong></span> <span class='ocrx_word' id='word_1_387' title='bbox 1246 3854 1379 3916; x_wconf 57' lang='lat' dir='ltr'><strong>centum</strong></span> <span class='ocrx_word' id='word_1_388' title='bbox 1404 3872 1604 3922; x_wconf 49' lang='lat' dir='ltr'><strong>mmmm·</strong></span> <span class='ocrx_word' id='word_1_389' title='bbox 1634 3860 1786 3924; x_wconf 51' lang='lat' dir='ltr'><strong>&#39;festibus</strong></span> 
     </span>
     <span class='ocr_line' id='line_1_38' title="bbox 168 3937 1824 4036; baseline 0.013 -36"><span class='ocrx_word' id='word_1_390' title='bbox 168 3937 340 4000; x_wconf 86' lang='lat' dir='ltr'><strong>Honorius</strong></span> <span class='ocrx_word' id='word_1_391' title='bbox 353 3938 529 4017; x_wconf 89' lang='lat' dir='ltr'><strong>episcopus</strong></span> <span class='ocrx_word' id='word_1_392' title='bbox 544 3955 661 4002; x_wconf 88' lang='lat' dir='ltr'><strong>servus</strong></span> <span class='ocrx_word' id='word_1_393' title='bbox 674 3955 846 4004; x_wconf 82' lang='lat' dir='ltr'><strong>serrorum</strong></span> <span class='ocrx_word' id='word_1_394' title='bbox 857 3941 928 4015; x_wconf 88' lang='lat' dir='ltr'><strong>Dei,</strong></span> <span class='ocrx_word' id='word_1_395' title='bbox 985 3941 1119 4006; x_wconf 91' lang='lat' dir='ltr'><strong>domino</strong></span> <span class='ocrx_word' id='word_1_396' title='bbox 1140 3947 1344 4013; x_wconf 86' lang='lat' dir='ltr'><strong>Herimanno</strong></span> <span class='ocrx_word' id='word_1_397' title='bbox 1368 3953 1619 4036; x_wconf 88' lang='lat' dir='ltr'><strong>archiepiscopo</strong></span> <span class='ocrx_word' id='word_1_398' title='bbox 1640 3960 1787 4022; x_wconf 81' lang='lat' dir='ltr'><strong>Cantus-</strong></span> <span class='ocrx_word' id='word_1_399' title='bbox 1820 3999 1824 4008; x_wconf 39' lang='grc' dir='ltr'>ι</span> 
     </span>
     <span class='ocr_line' id='line_1_39' title="bbox 127 4033 1787 4129; baseline 0.016 -36"><span class='ocrx_word' id='word_1_400' title='bbox 127 4034 260 4095; x_wconf 91' lang='lat' dir='ltr'><strong>dilectis</strong></span> <span class='ocrx_word' id='word_1_401' title='bbox 282 4033 361 4096; x_wconf 89' lang='lat' dir='ltr'><strong>iiiiis</strong></span> <span class='ocrx_word' id='word_1_402' title='bbox 381 4036 555 4112; x_wconf 79' lang='lat' dir='ltr'><strong>magistro,</strong></span> <span class='ocrx_word' id='word_1_403' title='bbox 577 4040 611 4101; x_wconf 90' lang='lat' dir='ltr'><strong>et</strong></span> <span class='ocrx_word' id='word_1_404' title='bbox 630 4037 789 4100; x_wconf 73' lang='lat' dir='ltr'><strong>matribus</strong></span> <span class='ocrx_word' id='word_1_405' title='bbox 815 4038 931 4117; x_wconf 87' lang='lat' dir='ltr'><strong>hospi·</strong></span> <span class='ocrx_word' id='word_1_406' title='bbox 986 4039 1787 4129; x_wconf 81' lang='lat' dir='ltr'><strong>rien..ErnestoHelven.,JoanneHorwicen.,et</strong></span> 
     </span>
     <span class='ocr_line' id='line_1_40' title="bbox 125 4131 1784 4228; baseline 0.014 -35"><span class='ocrx_word' id='word_1_407' title='bbox 125 4131 208 4193; x_wconf 84' lang='lat' dir='ltr'><strong>talis</strong></span> <span class='ocrx_word' id='word_1_408' title='bbox 232 4132 363 4193; x_wconf 75' lang='lat' dir='ltr'><strong>Sanctae</strong></span> <span class='ocrx_word' id='word_1_409' title='bbox 390 4133 507 4195; x_wconf 81' lang='lat' dir='ltr'><strong>ldariae</strong></span> <span class='ocrx_word' id='word_1_410' title='bbox 533 4135 570 4196; x_wconf 92' lang='lat' dir='ltr'><strong>in</strong></span> <span class='ocrx_word' id='word_1_411' title='bbox 597 4135 710 4208; x_wconf 85' lang='lat' dir='ltr'><strong>Saxis,</strong></span> <span class='ocrx_word' id='word_1_412' title='bbox 730 4136 871 4198; x_wconf 89' lang='lat' dir='ltr'><strong>salutem</strong></span> <span class='ocrx_word' id='word_1_413' title='bbox 892 4137 931 4199; x_wconf 84' lang='lat' dir='ltr'><strong>&#39;et</strong></span> <span class='ocrx_word' id='word_1_414' title='bbox 986 4137 1156 4202; x_wconf 91' lang='lat' dir='ltr'><strong>Wiiielmo</strong></span> <span class='ocrx_word' id='word_1_415' title='bbox 1176 4143 1381 4207; x_wconf 89' lang='lat' dir='ltr'><strong>Londonien.</strong></span> <span class='ocrx_word' id='word_1_416' title='bbox 1403 4143 1579 4228; x_wconf 86' lang='lat' dir='ltr'><strong>episcopis,</strong></span> <span class='ocrx_word' id='word_1_417' title='bbox 1607 4152 1784 4217; x_wconf 78' lang='lat' dir='ltr'><strong>Guiileimo</strong></span> 
     </span>
     <span class='ocr_line' id='line_1_41' title="bbox 125 4228 1785 4318; baseline 0.014 -28"><span class='ocrx_word' id='word_1_418' title='bbox 125 4228 353 4305; x_wconf 84' lang='lat' dir='ltr'><strong>Apostolicam</strong></span> <span class='ocrx_word' id='word_1_419' title='bbox 367 4229 642 4294; x_wconf 89' lang='lat' dir='ltr'><strong>benedictionem.</strong></span> <span class='ocrx_word' id='word_1_420' title='bbox 984 4231 1054 4296; x_wconf 87' lang='lat' dir='ltr'><strong>iilic</strong></span> <span class='ocrx_word' id='word_1_421' title='bbox 1067 4237 1158 4300; x_wconf 88' lang='lat' dir='ltr'><strong>Petri</strong></span> <span class='ocrx_word' id='word_1_422' title='bbox 1169 4240 1470 4318; x_wconf 80' lang='lat' dir='ltr'><strong>eomitisiissexini,</strong></span> <span class='ocrx_word' id='word_1_423' title='bbox 1479 4248 1785 4314; x_wconf 90' lang='lat' dir='ltr'><strong>comiteWiiheimo</strong></span> 
     </span>
     <span class='ocr_line' id='line_1_42' title="bbox 167 4325 1783 4425; baseline 0.017 -39"><span class='ocrx_word' id='word_1_424' title='bbox 167 4325 276 4388; x_wconf 80' lang='lat' dir='ltr'><strong>Clarae</strong></span> <span class='ocrx_word' id='word_1_425' title='bbox 285 4327 455 4389; x_wconf 76' lang='lat' dir='ltr'><strong>memoriae</strong></span> <span class='ocrx_word' id='word_1_426' title='bbox 466 4330 611 4391; x_wconf 85' lang='lat' dir='ltr'><strong>loannes</strong></span> <span class='ocrx_word' id='word_1_427' title='bbox 623 4345 686 4392; x_wconf 85' lang='lat' dir='ltr'><strong>rex</strong></span> <span class='ocrx_word' id='word_1_428' title='bbox 696 4330 877 4407; x_wconf 76' lang='lat' dir='ltr'><strong>Angiomm</strong></span> <span class='ocrx_word' id='word_1_429' title='bbox 888 4331 928 4393; x_wconf 88' lang='lat' dir='ltr'><strong>ad</strong></span> <span class='ocrx_word' id='word_1_430' title='bbox 984 4333 1203 4407; x_wconf 86' lang='lat' dir='ltr'><strong>marescallo,</strong></span> <span class='ocrx_word' id='word_1_431' title='bbox 1236 4337 1380 4402; x_wconf 80' lang='lat' dir='ltr'><strong>Roberto</strong></span> <span class='ocrx_word' id='word_1_432' title='bbox 1418 4344 1538 4406; x_wconf 90' lang='lat' dir='ltr'><strong>comite</strong></span> <span class='ocrx_word' id='word_1_433' title='bbox 1572 4347 1783 4425; x_wconf 78' lang='lat' dir='ltr'><strong>leycestriae.</strong></span> 
     </span>
     <span class='ocr_line' id='line_1_43' title="bbox 125 4423 1785 4520; baseline 0.016 -37"><span class='ocrx_word' id='word_1_434' title='bbox 125 4437 260 4500; x_wconf 90' lang='lat' dir='ltr'><strong>preces,</strong></span> <span class='ocrx_word' id='word_1_435' title='bbox 287 4424 321 4486; x_wconf 93' lang='lat' dir='ltr'><strong>et</strong></span> <span class='ocrx_word' id='word_1_436' title='bbox 347 4423 598 4489; x_wconf 84' lang='lat' dir='ltr'><strong>exhortationes</strong></span> <span class='ocrx_word' id='word_1_437' title='bbox 626 4425 734 4489; x_wconf 79' lang='lat' dir='ltr'><strong>felicis</strong></span> <span class='ocrx_word' id='word_1_438' title='bbox 758 4429 928 4491; x_wconf 88' lang='lat' dir='ltr'><strong>memoriae</strong></span> <span class='ocrx_word' id='word_1_439' title='bbox 984 4429 1103 4490; x_wconf 86' lang='lat' dir='ltr'><strong>Datum</strong></span> <span class='ocrx_word' id='word_1_440' title='bbox 1118 4446 1178 4507; x_wconf 89' lang='lat' dir='ltr'><strong>per</strong></span> <span class='ocrx_word' id='word_1_441' title='bbox 1193 4449 1327 4496; x_wconf 87' lang='lat' dir='ltr'><strong>manum</strong></span> <span class='ocrx_word' id='word_1_442' title='bbox 1346 4437 1460 4500; x_wconf 77' lang='lat' dir='ltr'><strong>sifridi</strong></span> <span class='ocrx_word' id='word_1_443' title='bbox 1475 4441 1646 4520; x_wconf 82' lang='lat' dir='ltr'><strong>praepositi</strong></span> <span class='ocrx_word' id='word_1_444' title='bbox 1659 4447 1785 4508; x_wconf 87' lang='lat' dir='ltr'><strong>Bever-</strong></span> 
     </span>
     <span class='ocr_line' id='line_1_44' title="bbox 125 4521 1783 4618; baseline 0.016 -38"><span class='ocrx_word' id='word_1_445' title='bbox 125 4521 229 4596; x_wconf 83' lang='lat' dir='ltr'><strong>Papae</strong></span> <span class='ocrx_word' id='word_1_446' title='bbox 257 4521 513 4598; x_wconf 86' lang='lat' dir='ltr'><strong>praedecessoris</strong></span> <span class='ocrx_word' id='word_1_447' title='bbox 548 4523 654 4587; x_wconf 86' lang='lat' dir='ltr'><strong>nostri</strong></span> <span class='ocrx_word' id='word_1_448' title='bbox 679 4523 855 4587; x_wconf 87' lang='lat' dir='ltr'><strong>ecclesiam</strong></span> <span class='ocrx_word' id='word_1_449' title='bbox 888 4526 928 4588; x_wconf 92' lang='lat' dir='ltr'><strong>de</strong></span> <span class='ocrx_word' id='word_1_450' title='bbox 984 4523 1104 4599; x_wconf 81' lang='lat' dir='ltr'><strong>lacem,</strong></span> <span class='ocrx_word' id='word_1_451' title='bbox 1121 4529 1154 4591; x_wconf 89' lang='lat' dir='ltr'><strong>et</strong></span> <span class='ocrx_word' id='word_1_452' title='bbox 1168 4529 1398 4596; x_wconf 88' lang='lat' dir='ltr'><strong>archidiaconi</strong></span> <span class='ocrx_word' id='word_1_453' title='bbox 1415 4536 1546 4600; x_wconf 90' lang='lat' dir='ltr'><strong>Weiien</strong></span> <span class='ocrx_word' id='word_1_454' title='bbox 1573 4533 1661 4618; x_wconf 89' lang='lat' dir='ltr'><strong>apud</strong></span> <span class='ocrx_word' id='word_1_455' title='bbox 1685 4545 1783 4607; x_wconf 89' lang='lat' dir='ltr'><strong>Wes-</strong></span> 
     </span>
     <span class='ocr_line' id='line_1_45' title="bbox 124 4613 1782 4722; baseline 0.021 -50"><span class='ocrx_word' id='word_1_456' title='bbox 124 4613 283 4686; x_wconf 87' lang='lat' dir='ltr'><strong>Winteie‚</strong></span> <span class='ocrx_word' id='word_1_457' title='bbox 300 4631 374 4692; x_wconf 77' lang='lat' dir='ltr'><strong>quae</strong></span> <span class='ocrx_word' id='word_1_458' title='bbox 387 4618 518 4680; x_wconf 86' lang='lat' dir='ltr'><strong>ratione</strong></span> <span class='ocrx_word' id='word_1_459' title='bbox 529 4618 724 4696; x_wconf 86' lang='lat' dir='ltr'><strong>patronatus</strong></span> <span class='ocrx_word' id='word_1_460' title='bbox 741 4619 929 4697; x_wconf 82' lang='lat' dir='ltr'><strong>pertinebat</strong></span> <span class='ocrx_word' id='word_1_461' title='bbox 982 4621 1062 4696; x_wconf 88' lang='lat' dir='ltr'><strong>tien,</strong></span> <span class='ocrx_word' id='word_1_462' title='bbox 1078 4623 1241 4702; x_wconf 80' lang='lat' dir='ltr'><strong>vigesima</strong></span> <span class='ocrx_word' id='word_1_463' title='bbox 1258 4631 1373 4707; x_wconf 87' lang='lat' dir='ltr'><strong>quinta</strong></span> <span class='ocrx_word' id='word_1_464' title='bbox 1392 4633 1446 4696; x_wconf 91' lang='lat' dir='ltr'><strong>die</strong></span> <span class='ocrx_word' id='word_1_465' title='bbox 1458 4636 1569 4699; x_wconf 87' lang='lat' dir='ltr'><strong>martii</strong></span> <span class='ocrx_word' id='word_1_466' title='bbox 1583 4653 1672 4703; x_wconf 87' lang='lat' dir='ltr'><strong>anno</strong></span> <span class='ocrx_word' id='word_1_467' title='bbox 1687 4646 1782 4722; x_wconf 79' lang='lat' dir='ltr'><strong>regni</strong></span> 
     </span>
    </p>

    <p class='ocr_par' dir='ltr' id='par_1_5' title="bbox 125 4707 1260 4801">
     <span class='ocr_line' id='line_1_46' title="bbox 125 4707 1260 4801; baseline 0.019 -34"><span class='ocrx_word' id='word_1_468' title='bbox 125 4707 168 4769; x_wconf 91' lang='lat' dir='ltr'><strong>ad</strong></span> <span class='ocrx_word' id='word_1_469' title='bbox 181 4709 303 4785; x_wconf 87' lang='lat' dir='ltr'><strong>ipsum,</strong></span> <span class='ocrx_word' id='word_1_470' title='bbox 328 4712 363 4774; x_wconf 93' lang='lat' dir='ltr'><strong>in</strong></span> <span class='ocrx_word' id='word_1_471' title='bbox 378 4730 509 4790; x_wconf 87' lang='lat' dir='ltr'><strong>puram,</strong></span> <span class='ocrx_word' id='word_1_472' title='bbox 525 4716 559 4778; x_wconf 90' lang='lat' dir='ltr'><strong>et</strong></span> <span class='ocrx_word' id='word_1_473' title='bbox 573 4718 767 4795; x_wconf 88' lang='lat' dir='ltr'><strong>perpetuam</strong></span> <span class='ocrx_word' id='word_1_474' title='bbox 782 4717 928 4780; x_wconf 90' lang='lat' dir='ltr'><strong>eleemo-</strong></span> <span class='ocrx_word' id='word_1_475' title='bbox 982 4722 1089 4784; x_wconf 92' lang='lat' dir='ltr'><strong>nostri</strong></span> <span class='ocrx_word' id='word_1_476' title='bbox 1102 4723 1260 4801; x_wconf 83' lang='lat' dir='ltr'><strong>quinto.»</strong></span> 
     </span>
    </p>

    <p class='ocr_par' dir='ltr' id='par_1_6' title="bbox 122 4807 1782 5302">
     <span class='ocr_line' id='line_1_47' title="bbox 125 4807 1782 4902; baseline 0.023 -38"><span class='ocrx_word' id='word_1_477' title='bbox 125 4818 245 4882; x_wconf 85' lang='lat' dir='ltr'><strong>synam</strong></span> <span class='ocrx_word' id='word_1_478' title='bbox 258 4807 299 4868; x_wconf 91' lang='lat' dir='ltr'><strong>ad</strong></span> <span class='ocrx_word' id='word_1_479' title='bbox 315 4825 421 4882; x_wconf 89' lang='lat' dir='ltr'><strong>usum,</strong></span> <span class='ocrx_word' id='word_1_480' title='bbox 438 4812 471 4874; x_wconf 92' lang='lat' dir='ltr'><strong>et</strong></span> <span class='ocrx_word' id='word_1_481' title='bbox 485 4813 759 4878; x_wconf 89' lang='lat' dir='ltr'><strong>sustentationem</strong></span> <span class='ocrx_word' id='word_1_482' title='bbox 771 4815 926 4878; x_wconf 85' lang='lat' dir='ltr'><strong>intirmo-</strong></span> <span class='ocrx_word' id='word_1_483' title='bbox 1023 4818 1115 4880; x_wconf 90' lang='lat' dir='ltr'><strong>Nulli</strong></span> <span class='ocrx_word' id='word_1_484' title='bbox 1130 4835 1210 4898; x_wconf 76' lang='lat' dir='ltr'><strong>ergo</strong></span> <span class='ocrx_word' id='word_1_485' title='bbox 1232 4826 1377 4888; x_wconf 91' lang='lat' dir='ltr'><strong>omnimo</strong></span> <span class='ocrx_word' id='word_1_486' title='bbox 1392 4829 1562 4896; x_wconf 87' lang='lat' dir='ltr'><strong>hominurn</strong></span> <span class='ocrx_word' id='word_1_487' title='bbox 1577 4835 1677 4901; x_wconf 89' lang='lat' dir='ltr'><strong>liceat</strong></span> <span class='ocrx_word' id='word_1_488' title='bbox 1694 4837 1782 4902; x_wconf 88' lang='lat' dir='ltr'><strong>hanc</strong></span> 
     </span>
     <span class='ocr_line' id='line_1_48' title="bbox 125 4907 1782 5002; baseline 0.022 -41"><span class='ocrx_word' id='word_1_489' title='bbox 125 4916 201 4962; x_wconf 91' lang='lat' dir='ltr'><strong>rum</strong></span> <span class='ocrx_word' id='word_1_490' title='bbox 217 4918 257 4963; x_wconf 86' lang='lat' dir='ltr'><strong>ao</strong></span> <span class='ocrx_word' id='word_1_491' title='bbox 271 4919 454 4982; x_wconf 90' lang='lat' dir='ltr'><strong>pauperum</strong></span> <span class='ocrx_word' id='word_1_492' title='bbox 472 4907 631 4987; x_wconf 88' lang='lat' dir='ltr'><strong>hospitali</strong></span> <span class='ocrx_word' id='word_1_493' title='bbox 645 4913 756 4976; x_wconf 85' lang='lat' dir='ltr'><strong>vestro</strong></span> <span class='ocrx_word' id='word_1_494' title='bbox 777 4913 923 4986; x_wconf 84' lang='lat' dir='ltr'><strong>donarit,</strong></span> <span class='ocrx_word' id='word_1_495' title='bbox 982 4916 1136 4991; x_wconf 80' lang='lat' dir='ltr'><strong>paginam</strong></span> <span class='ocrx_word' id='word_1_496' title='bbox 1153 4921 1275 4983; x_wconf 79' lang='lat' dir='ltr'><strong>nostrae</strong></span> <span class='ocrx_word' id='word_1_497' title='bbox 1285 4925 1558 5002; x_wconf 77' lang='lat' dir='ltr'><strong>confirmationis,</strong></span> <span class='ocrx_word' id='word_1_498' title='bbox 1574 4933 1608 4995; x_wconf 89' lang='lat' dir='ltr'><strong>et</strong></span> <span class='ocrx_word' id='word_1_499' title='bbox 1619 4935 1782 4999; x_wconf 84' lang='lat' dir='ltr'><strong>constitu-</strong></span> 
     </span>
     <span class='ocr_line' id='line_1_49' title="bbox 123 4999 1781 5096; baseline 0.023 -38"><span class='ocrx_word' id='word_1_500' title='bbox 123 4999 276 5061; x_wconf 89' lang='lat' dir='ltr'><strong>statuens</strong></span> <span class='ocrx_word' id='word_1_501' title='bbox 291 5001 324 5062; x_wconf 92' lang='lat' dir='ltr'><strong>et</strong></span> <span class='ocrx_word' id='word_1_502' title='bbox 338 5003 532 5078; x_wconf 89' lang='lat' dir='ltr'><strong>concedens,</strong></span> <span class='ocrx_word' id='word_1_503' title='bbox 553 5007 590 5069; x_wconf 91' lang='lat' dir='ltr'><strong>ut</strong></span> <span class='ocrx_word' id='word_1_504' title='bbox 612 5008 716 5070; x_wconf 92' lang='lat' dir='ltr'><strong>donec</strong></span> <span class='ocrx_word' id='word_1_505' title='bbox 737 5011 810 5087; x_wconf 90' lang='lat' dir='ltr'><strong>ipsa</strong></span> <span class='ocrx_word' id='word_1_506' title='bbox 830 5011 927 5073; x_wconf 86' lang='lat' dir='ltr'><strong>vacet</strong></span> <span class='ocrx_word' id='word_1_507' title='bbox 979 5012 1080 5074; x_wconf 91' lang='lat' dir='ltr'><strong>tionis</strong></span> <span class='ocrx_word' id='word_1_508' title='bbox 1099 5013 1294 5092; x_wconf 81' lang='lat' dir='ltr'><strong>intringere,</strong></span> <span class='ocrx_word' id='word_1_509' title='bbox 1304 5020 1357 5082; x_wconf 80' lang='lat' dir='ltr'><strong>rei</strong></span> <span class='ocrx_word' id='word_1_510' title='bbox 1367 5023 1398 5083; x_wconf 92' lang='lat' dir='ltr'><strong>ei</strong></span> <span class='ocrx_word' id='word_1_511' title='bbox 1412 5038 1496 5086; x_wconf 89' lang='lat' dir='ltr'><strong>ausu</strong></span> <span class='ocrx_word' id='word_1_512' title='bbox 1505 5029 1684 5094; x_wconf 90' lang='lat' dir='ltr'><strong>temerario</strong></span> <span class='ocrx_word' id='word_1_513' title='bbox 1699 5048 1781 5096; x_wconf 91' lang='lat' dir='ltr'><strong>eon-</strong></span> 
     </span>
     <span class='ocr_line' id='line_1_50' title="bbox 123 5095 1779 5208; baseline 0.02 -50"><span class='ocrx_word' id='word_1_514' title='bbox 123 5095 280 5170; x_wconf 90' lang='lat' dir='ltr'><strong>ecciesia,</strong></span> <span class='ocrx_word' id='word_1_515' title='bbox 294 5101 425 5162; x_wconf 87' lang='lat' dir='ltr'><strong>centum</strong></span> <span class='ocrx_word' id='word_1_516' title='bbox 441 5115 571 5164; x_wconf 90' lang='lat' dir='ltr'><strong>marcas</strong></span> <span class='ocrx_word' id='word_1_517' title='bbox 585 5104 757 5168; x_wconf 90' lang='lat' dir='ltr'><strong>annuatim</strong></span> <span class='ocrx_word' id='word_1_518' title='bbox 768 5105 809 5168; x_wconf 85' lang='lat' dir='ltr'><strong>ad</strong></span> <span class='ocrx_word' id='word_1_519' title='bbox 820 5122 926 5171; x_wconf 81' lang='lat' dir='ltr'><strong>sacca</strong></span> <span class='ocrx_word' id='word_1_520' title='bbox 979 5108 1093 5171; x_wconf 91' lang='lat' dir='ltr'><strong>traire.</strong></span> <span class='ocrx_word' id='word_1_521' title='bbox 1105 5111 1139 5172; x_wconf 87' lang='lat' dir='ltr'><strong>Si</strong></span> <span class='ocrx_word' id='word_1_522' title='bbox 1150 5113 1340 5190; x_wconf 85' lang='lat' dir='ltr'><strong>quisnutem</strong></span> <span class='ocrx_word' id='word_1_523' title='bbox 1351 5118 1413 5180; x_wconf 92' lang='lat' dir='ltr'><strong>hoc</strong></span> <span class='ocrx_word' id='word_1_524' title='bbox 1423 5122 1585 5186; x_wconf 89' lang='lat' dir='ltr'><strong>attentare</strong></span> <span class='ocrx_word' id='word_1_525' title='bbox 1595 5142 1779 5208; x_wconf 70' lang='lat' dir='ltr'><strong>praesump-</strong></span> 
     </span>
     <span class='ocr_line' id='line_1_51' title="bbox 122 5193 1777 5302; baseline 0.022 -48"><span class='ocrx_word' id='word_1_526' title='bbox 122 5195 211 5255; x_wconf 90' lang='lat' dir='ltr'><strong>rium</strong></span> <span class='ocrx_word' id='word_1_527' title='bbox 224 5193 355 5258; x_wconf 76' lang='lat' dir='ltr'><strong>infesto</strong></span> <span class='ocrx_word' id='word_1_528' title='bbox 367 5197 480 5259; x_wconf 88' lang='lat' dir='ltr'><strong>Sancti</strong></span> <span class='ocrx_word' id='word_1_529' title='bbox 490 5199 664 5262; x_wconf 88' lang='lat' dir='ltr'><strong>Michaelis</strong></span> <span class='ocrx_word' id='word_1_530' title='bbox 672 5201 926 5282; x_wconf 90' lang='lat' dir='ltr'><strong>idempercipiat</strong></span> <span class='ocrx_word' id='word_1_531' title='bbox 979 5206 1071 5280; x_wconf 90' lang='lat' dir='ltr'><strong>serit,</strong></span> <span class='ocrx_word' id='word_1_532' title='bbox 1096 5207 1358 5286; x_wconf 80' lang='lat' dir='ltr'><strong>indignationem</strong></span> <span class='ocrx_word' id='word_1_533' title='bbox 1387 5219 1622 5302; x_wconf 88' lang='lat' dir='ltr'><strong>omnipotentis</strong></span> <span class='ocrx_word' id='word_1_534' title='bbox 1636 5225 1708 5299; x_wconf 89' lang='lat' dir='ltr'><strong>Dei,</strong></span> <span class='ocrx_word' id='word_1_535' title='bbox 1738 5245 1777 5291; x_wconf 85' lang='lat' dir='ltr'><strong>ac</strong></span> 
     </span>
    </p>
   </div>
   <div class='ocr_carea' id='block_1_5' title="bbox 122 5291 1777 5473">
    <p class='ocr_par' dir='ltr' id='par_1_7' title="bbox 122 5291 1777 5473">
     <span class='ocr_line' id='line_1_52' title="bbox 122 5291 1777 5402; baseline 0.024 -52"><span class='ocrx_word' id='word_1_536' title='bbox 122 5291 293 5368; x_wconf 82' lang='lat' dir='ltr'><strong>hospitali.</strong></span> <span class='ocrx_word' id='word_1_537' title='bbox 308 5295 377 5356; x_wconf 86' lang='lat' dir='ltr'><strong>Nos</strong></span> <span class='ocrx_word' id='word_1_538' title='bbox 392 5293 495 5371; x_wconf 80' lang='lat' dir='ltr'><strong>igitur</strong></span> <span class='ocrx_word' id='word_1_539' title='bbox 511 5295 552 5358; x_wconf 87' lang='lat' dir='ltr'><strong>ad</strong></span> <span class='ocrx_word' id='word_1_540' title='bbox 568 5298 738 5376; x_wconf 82' lang='lat' dir='ltr'><strong>exemplar</strong></span> <span class='ocrx_word' id='word_1_541' title='bbox 752 5301 924 5365; x_wconf 87' lang='lat' dir='ltr'><strong>memorati</strong></span> <span class='ocrx_word' id='word_1_542' title='bbox 978 5301 1149 5366; x_wconf 89' lang='lat' dir='ltr'><strong>beatorum</strong></span> <span class='ocrx_word' id='word_1_543' title='bbox 1162 5308 1250 5369; x_wconf 87' lang='lat' dir='ltr'><strong>Petri</strong></span> <span class='ocrx_word' id='word_1_544' title='bbox 1263 5309 1297 5371; x_wconf 90' lang='lat' dir='ltr'><strong>et</strong></span> <span class='ocrx_word' id='word_1_545' title='bbox 1307 5313 1403 5374; x_wconf 86' lang='lat' dir='ltr'><strong>Pauli</strong></span> <span class='ocrx_word' id='word_1_546' title='bbox 1412 5318 1643 5394; x_wconf 88' lang='lat' dir='ltr'><strong>Apostolorum</strong></span> <span class='ocrx_word' id='word_1_547' title='bbox 1654 5326 1726 5402; x_wconf 83' lang='lat' dir='ltr'><strong>ejus</strong></span> <span class='ocrx_word' id='word_1_548' title='bbox 1740 5343 1777 5389; x_wconf 91' lang='lat' dir='ltr'><strong>se</strong></span> 
     </span>
     <span class='ocr_line' id='line_1_53' title="bbox 122 5385 1344 5473; baseline 0.019 -26"><span class='ocrx_word' id='word_1_549' title='bbox 122 5385 380 5461; x_wconf 89' lang='lat' dir='ltr'><strong>praedecessoris</strong></span> <span class='ocrx_word' id='word_1_550' title='bbox 394 5391 500 5452; x_wconf 84' lang='lat' dir='ltr'><strong>noshi</strong></span> <span class='ocrx_word' id='word_1_551' title='bbox 521 5391 556 5452; x_wconf 92' lang='lat' dir='ltr'><strong>in</strong></span> <span class='ocrx_word' id='word_1_552' title='bbox 578 5391 726 5456; x_wconf 78' lang='lat' dir='ltr'><strong>favorem</strong></span> <span class='ocrx_word' id='word_1_553' title='bbox 750 5393 925 5473; x_wconf 90' lang='lat' dir='ltr'><strong>hospitali·</strong></span> <span class='ocrx_word' id='word_1_554' title='bbox 978 5402 1344 5470; x_wconf 87' lang='lat' dir='ltr'><strong>noveritincursurum.</strong></span> 
     </span>
    </p>
   </div>
   <div class='ocr_carea' id='block_1_6' title="bbox 120 3320 933 3480">
    <p class='ocr_par' dir='ltr' id='par_1_8' title="bbox 120 3320 933 3480">
     <span class='ocr_line' id='line_1_54' title="bbox 120 3320 933 3397; baseline 0 -14"><span class='ocrx_word' id='word_1_555' title='bbox 120 3324 176 3384; x_wconf 76' lang='lat' dir='ltr'><strong>Ad</strong></span> <span class='ocrx_word' id='word_1_556' title='bbox 196 3320 407 3396; x_wconf 64' lang='lat' dir='ltr'><strong>montrum</strong></span> <span class='ocrx_word' id='word_1_557' title='bbox 417 3323 452 3384; x_wconf 83' lang='lat' dir='ltr'><strong>et</strong></span> <span class='ocrx_word' id='word_1_558' title='bbox 463 3321 596 3395; x_wconf 76' lang='lat' dir='ltr'><strong>[ratres</strong></span> <span class='ocrx_word' id='word_1_559' title='bbox 603 3322 780 3397; x_wconf 74' lang='lat' dir='ltr'><strong>hosptialis</strong></span> <span class='ocrx_word' id='word_1_560' title='bbox 796 3321 933 3384; x_wconf 63' lang='lat' dir='ltr'><strong>Muciae</strong></span> 
     </span>
     <span class='ocr_line' id='line_1_55' title="bbox 370 3419 689 3480; baseline 0 0"><span class='ocrx_word' id='word_1_561' title='bbox 370 3419 499 3480; x_wconf 69' lang='lat' dir='ltr'><strong>nonae</strong></span> <span class='ocrx_word' id='word_1_562' title='bbox 516 3419 554 3480; x_wconf 86' lang='lat' dir='ltr'><strong>tn</strong></span> <span class='ocrx_word' id='word_1_563' title='bbox 567 3419 689 3480; x_wconf 64' lang='lat' dir='ltr'><strong>Samio.</strong></span> 
     </span>
    </p>
   </div>
   <div class='ocr_carea' id='block_1_7' title="bbox 433 3529 628 3603">
    <p class='ocr_par' dir='ltr' id='par_1_9' title="bbox 433 3529 628 3603">
     <span class='ocr_line' id='line_1_56' title="bbox 433 3529 628 3603; baseline 0 -15"><span class='ocrx_word' id='word_1_564' title='bbox 433 3531 451 3588; x_wconf 79' lang='grc'>3</span> <span class='ocrx_word' id='word_1_565' title='bbox 470 3529 530 3603; x_wconf 85' lang='lat' dir='ltr'><strong>jen.</strong></span> <span class='ocrx_word' id='word_1_566' title='bbox 549 3530 628 3590; x_wconf 73' lang='lat' dir='ltr'><strong>iaie.</strong></span> 
     </span>
    </p>
   </div>
   <div class='ocr_carea' id='block_1_8' title="bbox 124 5482 1906 5601">
    <p class='ocr_par' dir='ltr' id='par_1_10' title="bbox 124 5482 1906 5601">
     <span class='ocr_line' id='line_1_57' title="bbox 124 5482 1906 5601; baseline 0.025 -59"><span class='ocrx_word' id='word_1_567' title='bbox 124 5482 204 5544; x_wconf 85' lang='lat' dir='ltr'><strong>tatis</strong></span> <span class='ocrx_word' id='word_1_568' title='bbox 232 5484 455 5560; x_wconf 87' lang='lat' dir='ltr'><strong>donationem,</strong></span> <span class='ocrx_word' id='word_1_569' title='bbox 487 5489 520 5552; x_wconf 87' lang='lat' dir='ltr'><strong>et</strong></span> <span class='ocrx_word' id='word_1_570' title='bbox 545 5491 794 5554; x_wconf 89' lang='lat' dir='ltr'><strong>concessionem</strong></span> <span class='ocrx_word' id='word_1_571' title='bbox 817 5493 922 5572; x_wconf 88' lang='lat' dir='ltr'><strong>ipsam</strong></span> <span class='ocrx_word' id='word_1_572' title='bbox 1018 5501 1136 5562; x_wconf 87' lang='lat' dir='ltr'><strong>Datum</strong></span> <span class='ocrx_word' id='word_1_573' title='bbox 1149 5504 1304 5566; x_wconf 86' lang='lat' dir='ltr'><strong>Laterani</strong></span> <span class='ocrx_word' id='word_1_574' title='bbox 1316 5507 1415 5586; x_wconf 83' lang='lat' dir='ltr'><strong>tertio</strong></span> <span class='ocrx_word' id='word_1_575' title='bbox 1426 5525 1530 5576; x_wconf 87' lang='lat' dir='ltr'><strong>nonas</strong></span> <span class='ocrx_word' id='word_1_576' title='bbox 1536 5518 1775 5601; x_wconf 87' lang='lat' dir='ltr'><strong>januariipon·</strong></span> <span class='ocrx_word' id='word_1_577' title='bbox 1902 5559 1906 5570; x_wconf 82' lang='lat'>·</span> 
     </span>
    </p>
   </div>
   <div class='ocr_carea' id='block_1_9' title="bbox 123 5577 1618 5804">
    <p class='ocr_par' dir='ltr' id='par_1_11' title="bbox 123 5577 1618 5804">
     <span class='ocr_line' id='line_1_58' title="bbox 123 5577 1515 5674; baseline 0.027 -38"><span class='ocrx_word' id='word_1_578' title='bbox 123 5577 231 5641; x_wconf 87' lang='lat' dir='ltr'><strong>ratam</strong></span> <span class='ocrx_word' id='word_1_579' title='bbox 255 5581 426 5656; x_wconf 85' lang='lat' dir='ltr'><strong>habentes,</strong></span> <span class='ocrx_word' id='word_1_580' title='bbox 450 5585 599 5651; x_wconf 89' lang='lat' dir='ltr'><strong>eamdem</strong></span> <span class='ocrx_word' id='word_1_581' title='bbox 628 5587 802 5652; x_wconf 88' lang='lat' dir='ltr'><strong>ecclesiam</strong></span> <span class='ocrx_word' id='word_1_582' title='bbox 830 5590 923 5654; x_wconf 86' lang='lat' dir='ltr'><strong>salvo</strong></span> <span class='ocrx_word' id='word_1_583' title='bbox 979 5595 1122 5660; x_wconf 88' lang='lat' dir='ltr'><strong>titicatus</strong></span> <span class='ocrx_word' id='word_1_584' title='bbox 1136 5601 1241 5664; x_wconf 91' lang='lat' dir='ltr'><strong>nostri</strong></span> <span class='ocrx_word' id='word_1_585' title='bbox 1256 5618 1344 5668; x_wconf 90' lang='lat' dir='ltr'><strong>anno</strong></span> <span class='ocrx_word' id='word_1_586' title='bbox 1360 5610 1515 5674; x_wconf 89' lang='lat' dir='ltr'><strong>secundo.</strong></span> 
     </span>
     <span class='ocr_line' id='line_1_59' title="bbox 265 5717 1618 5804; baseline 0.028 -38"><span class='ocrx_word' id='word_1_587' title='bbox 265 5725 386 5771; x_wconf 77' lang='lat' dir='ltr'><strong>rinnon.</strong></span> <span class='ocrx_word' id='word_1_588' title='bbox 406 5729 481 5773; x_wconf 77' lang='lat' dir='ltr'><strong>mun</strong></span> <span class='ocrx_word' id='word_1_589' title='bbox 500 5717 536 5776; x_wconf 90' lang='lat' dir='ltr'><strong>ii.</strong></span> <span class='ocrx_word' id='word_1_590' title='bbox 1584 5749 1618 5804; x_wconf 85' lang='grc'><strong>19</strong></span> 
     </span>
    </p>
   </div>
   <div class='ocr_carea' id='block_1_10' title="bbox 0 0 2086 6424">
    <p class='ocr_par' dir='ltr' id='par_1_12' title="bbox 0 0 2086 6424">
     <span class='ocr_line' id='line_1_60' title="bbox 0 0 2086 6424; baseline 0 0"><span class='ocrx_word' id='word_1_591' title='bbox 0 0 2086 6424; x_wconf 95' lang='lat' dir='ltr'><strong> </strong></span> 
     </span>
    </p>
   </div>
  </div>
 </body>
</html>
