4234 6408
248 320 308 382 275

251 495 311 558 per
344 478 527 557 apostolica
567 477 660 539 vohis
694 477 817 555 scripta
853 476 1048 538 mandantes

251 582 414 658 quatenus
429 579 535 655 ipsum
550 577 591 638 ob
606 577 829 639 reverentiam
854 576 1001 638 divinam
1016 575 1050 636 et

211 663 214 674 ’
251 678 411 747 nostram,
426 675 596 752 recipIatis
611 674 646 736 in
663 661 859 736 canonicum
875 676 909 736 et
926 674 960 734 in
978 673 1050 735 fra-

252 775 346 846 trem,
374 774 407 835 et
431 773 561 834 sincera
580 773 617 833 in
637 773 775 834 Domino
796 771 934 834 caritate
958 772 1050 832 trac-

254 873 340 943 tetis,
358 871 404 934 ita
424 871 509 948 quod
529 887 605 932 eum
625 871 822 943 dilectionis,
840 871 872 932 et
887 885 966 946 erga
988 884 1049 931 nos

253 969 449 1032 obedientiae
471 969 626 1032 affectum
652 984 769 1045 gerere
795 968 981 1046 probemini
1007 983 1050 1028 ex

253 1067 390 1140 effectu,
417 1071 451 1131 et
478 1083 539 1129 nos
565 1066 658 1128 vobis
686 1067 718 1128 et
745 1067 896 1128 ecclesiae
929 1067 1049 1127 vestrae

252 1166 400 1228 reddatis
427 1165 627 1226 favorabiles
660 1165 694 1226 et
724 1163 896 1239 benignos.
929 1164 1048 1225 Datum

253 1263 420 1334 Laterani,
435 1265 509 1324 XVI
522 1262 683 1325 kalendas
702 1263 825 1336 martii,
838 1261 1049 1342 pontificatus

253 1361 358 1423 nostri
373 1377 461 1425 anno
476 1361 595 1440 prime.

568 1608 740 1697 CCXXII

254 1813 1050 1876 11111111111111112111111111111111

385 1912 701 1974 wratislaviensem
716 1915 922 1985 episcopam.

545 2043 579 2100 lt
594 2041 663 2100 febr.
679 2043 758 2102 tall.

301 2167 611 2233 [111111111111111111
625 2165 754 2225 Poloniae,
765 2167 793 2217 Τ.
809 2166 829 2225 1,
840 2167 869 2216 P.
882 2166 906 2226 2,
922 2166 951 2216 ll.
966 2165 1003 2230 5.]

254 2311 325 2369 Duci
340 2310 447 2368 Silesiaa
457 2309 610 2382 quamdam
624 2311 859 2383 compositionem
875 2309 947 2366 inter
957 2309 1050 2382 Ipsum

289 2406 317 2457 et
336 2401 503 2473 episcopum
522 2399 786 2458 wratislaviensem
806 2397 967 2456 dedecimIs
984 2413 1048 2471 pcr-

288 2487 433 2546 solvendis
447 2488 547 2545 initam
562 2488 722 2545 confirmat.

292 2645 459 2706 Honorius
494 2642 690 2720 episcopus,
726 2644 788 2705 etc.
825 2643 945 2704 dilecto
981 2641 1050 2703 filio

253 2741 365 2803 Nobili
391 2742 463 2803 viro
487 2743 527 2802 Η.
552 2741 627 2802 duci
655 2741 783 2813 Zlesiae,
807 2740 958 2812 salutem,
986 2741 1049 2802 etc.

293 2839 378 2900 Olim
393 2839 481 2900 inter
494 2839 538 2910 te,
547 2838 816 2900 advenerabilem
826 2837 963 2899 fratrem
978 2853 1052 2898 nos-

254 2939 342 2998 trum
353 2936 665 2998 wratislaviensem
681 2936 870 3012 eptscopum
886 2951 986 3012 super
999 2935 1052 2996 de·

255 3033 350 3094 cimis
374 3033 572 3109 praestandis
592 3050 611 3094 a
631 3032 829 3109 quibusdam
848 3033 1049 3106 TeutouIcis,

256 3131 367 3208 quide
382 3146 468 3193 novo
488 3130 528 3190 ad
552 3131 641 3190 illins
656 3133 754 3192 tarrae
778 3130 905 3192 inducti
920 3129 1052 3192 fuerant

255 3228 449 3301 incolatum,
471 3228 643 3305 questione
660 3227 805 3300 suborta,
823 3229 955 3290 tandem
978 3229 1053 3305 post

254 3324 488 3386 altercationes
514 3325 729 3404 multiplices,
756 3325 940 3403 exquibus
975 3326 1051 3388 lites

255 3438 299 3483 ex
312 3422 426 3485 litibus
445 3423 667 3485 nascebantur
681 3425 714 3485 et
729 3423 969 3500 proveniebant
983 3423 1051 3484 odii

253 3520 438 3584 simultates
454 3523 488 3582 in
504 3521 727 3584 venerabilem
749 3521 885 3583 fratrem
901 3522 1051 3584 nostrum

253 3620 287 3680 C.
304 3619 495 3696 episcopum
511 3620 675 3697 quondam
688 3620 980 3692 atverstatensem,
994 3619 1051 3682 vi-

253 3733 326 3778 rum
351 3717 525 3794 providum
545 3718 578 3779 et
601 3717 780 3778 discretum
802 3716 894 3796 (pars
913 3718 1051 3796 utraque

253 3815 462 3877 concorditer
477 3813 654 3892 promisIt),
671 3815 728 3890 qui
742 3814 855 3877 habito
871 3831 971 3891 super
988 3815 1051 3876 hoo

253 3911 406 3987 diligenti
437 3911 597 3983 tractatu,
619 3910 659 3970 de
686 3911 830 3987 partium
861 3911 1049 3984 voluntate,

255 4009 345 4070 iuter
368 4023 428 4069 vos
448 4023 579 4084 aequum
610 4006 786 4069 arbitrium
817 4009 1049 4084 promulgavit.

255 4105 364 4177 Unde,
392 4105 459 4168 tam
485 4106 521 4166 tu
549 4120 647 4182 quam
670 4104 758 4166 idem
796 4106 985 4182 episcopus,
1012 4122 1051 4168 ae

253 4202 462 4266 venerabiles
492 4201 612 4264 iratres
641 4202 748 4263 nostri
778 4205 818 4263 H.
850 4204 1051 4265 Gneznensis

254 4301 522 4378 archiepiscopus
540 4301 573 4363 et
590 4299 795 4376 suffraganei
813 4301 876 4374 sui,
900 4305 1051 4363 Decauus

255 4415 386 4478 quoque
415 4400 448 4461 et
469 4399 655 4476 Capitulum
674 4400 969 4462 wratislavienses
993 4417 1053 4479 per

253 4499 382 4562 vestras
398 4497 526 4560 litteras
540 4495 636 4558 nohis
647 4497 817 4559 humliiter
827 4499 1049 4576 supplicastis,

253 4596 290 4657 ut
303 4594 479 4656 arbitrium
502 4594 667 4656 intervos
689 4594 910 4658 amicabiliter
931 4597 1051 4659 initum

253 4709 292 4754 ac
307 4694 423 4770 sponte
439 4693 619 4768 receptum,
630 4692 820 4769 Apostolico
834 4693 1052 4770 dignaremur

253 4789 436 4853 munimine
453 4789 622 4852 roborare.
640 4791 709 4851 Nos
725 4791 826 4866 igitur
838 4792 959 4854 vestris
975 4808 1053 4869 pre-

253 4889 344 4952 cibus
367 4889 462 4965 grato
477 4890 712 4950 concurrentes
735 4905 892 4962 assensu,
911 4906 1051 4967 compo-

253 4988 406 5050 sitionem
428 4986 546 5063 ipsam,
570 4988 656 5049 sicut
681 4987 753 5048 sine
778 4989 942 5064 pravitate
964 4988 1051 5051 iacta

252 5087 313 5156 est,
329 5087 362 5148 et
378 5085 419 5146 ab
438 5087 581 5162 utraque
600 5086 694 5162 parte
720 5086 836 5162 sponte
856 5087 1000 5164 recepta,
1016 5086 1052 5148 ut

253 5185 287 5246 in
314 5184 543 5246 instrumentis
577 5182 698 5244 exinde
729 5182 889 5245 consectis
921 5183 1051 5261 plenius

252 5283 451 5354 continetur,
480 5282 677 5343 auctoritate
705 5280 895 5357 apostolica
924 5283 1050 5342 conflr-

252 5397 392 5448 mamus,
406 5381 439 5441 et
453 5379 626 5458 praesentis
638 5379 753 5455 scripti
767 5379 952 5456 patrocimo
966 5395 1052 5440 com-

253 5477 432 5540 munImus.
458 5476 549 5538 Nulli
576 5491 667 5552 erge,
694 5477 756 5538 eto.
782 5477 905 5538 nostrae
929 5475 1052 5537 contir-

254 5574 421 5637 matIonis.
439 5575 557 5637 Datum
573 5573 741 5646 Laterani,
760 5575 818 5636 XV
834 5573 908 5635 Kal.
926 5573 1049 5648 Martii,

255 5687 343 5735 anno
359 5671 476 5749 prImo.

872 315 1049 377 HONORII
1071 316 1119 421 III
1138 315 1284 380 OPERA.

1409 485 1603 576 CCXXIII

1247 713 1299 772 Ad
1316 713 1512 787 episcopum
1526 717 1779 778 Peristeusem.

1393 883 1427 941 lt
1445 881 1515 942 sehr.
1538 883 1617 942 llll.

1151 1017 1259 1083 [aegest.
1272 1015 1309 1068 lib
1333 1018 1353 1076 I,
1364 1016 1438 1082 epist.
1449 1017 1504 1069 157.
1516 1019 1574 1069 llss.
1586 1019 1622 1070 La
1631 1021 1705 1072 Porta
1718 1019 1856 1088 11111111]

1105 1174 1141 1230 Ut
1168 1169 1330 1244 Philippum
1356 1171 1580 1228 Noviomensem
1605 1170 1839 1232 archidiaconum
1867 1175 1904 1234 ad

1139 1260 1331 1319 Parisiensem
1350 1260 1502 1318 ecclesiam
1526 1275 1631 1320 vacare
1656 1262 1710 1335 ipsi
1734 1263 1819 1322 liceat
1845 1279 1904 1322 uon

1139 1349 1270 1408 obstante
1290 1347 1402 1406 deiectu
1421 1349 1559 1407 natalium
1580 1350 1655 1408 illlus
1681 1351 1816 1425 Philippi,
1837 1354 1903 1426 quia

1140 1437 1270 1511 Phihppo
1283 1435 1484 1496 archidiacono
1496 1438 1779 1511 quodamParisieusi
1789 1442 1904 1516 genitus

1140 1525 1241 1586 iuerat.

1144 1708 1324 1782 Honorius
1344 1710 1420 1782 etc,
1436 1707 1621 1770 venerabili
1634 1707 1730 1772 fratri
1747 1711 1900 1790 episcopo

1105 1807 1268 1868 Parisien.

1147 1908 1212 1966 Per
1227 1905 1302 1966 tuas
1324 1905 1420 1966 nohis
1440 1905 1569 1967 litteras
1584 1905 1753 1968 humiliter
1767 1907 1899 1984 suppli-

1105 2003 1199 2077 casti,
1216 2004 1253 2065 ut
1268 2003 1423 2065 dilectum
1445 2003 1550 2064 lilium
1566 2003 1754 2082 Philippum
1769 2005 1901 2066 Novio-

1105 2118 1192 2162 men.
1219 2101 1491 2163 archidiaconum
1511 2101 1572 2163 tihi
1595 2118 1715 2163 vocare
1738 2102 1779 2163 ad
1803 2101 1903 2163 Pari-

1106 2199 1248 2261 sIensem
1275 2199 1451 2260 ecclesiam
1482 2199 1522 2260 de
1546 2200 1660 2261 nostra
1683 2201 1902 2278 permissione

1105 2297 1230 2370 liceret,
1257 2298 1343 2376 quod
1363 2313 1382 2358 a
1401 2296 1497 2358 benae
1521 2299 1690 2359 memoriae
1712 2297 1772 2359 Th.
1801 2299 1901 2359 Pari-

1106 2396 1190 2456 sien.
1207 2394 1443 2457 archidiacono
1458 2395 1589 2470 genitus
1605 2395 1716 2458 extitit
1734 2411 1801 2456 non
1820 2395 1901 2458 obs-

1105 2493 1204 2555 tante.
1224 2493 1385 2566 Quoniam
1399 2493 1501 2569 igitnr
1515 2510 1590 2554 cum
1605 2493 1721 2555 eodem
1733 2493 1903 2556 archidia-

1106 2606 1189 2652 cono
1205 2591 1246 2652 ad
1257 2590 1416 2652 humilem
1431 2591 1609 2653 multorum
1625 2592 1856 2670 episcoporum
1871 2593 1903 2654 et

1106 2688 1248 2751 aliorum
1267 2688 1483 2767 praelatorum
1511 2689 1704 2750 instantiam
1724 2690 1764 2751 de
1783 2691 1852 2752 vila
1870 2689 1903 2752 et

1107 2786 1246 2848 scientia
1268 2785 1332 2847 sibi
1350 2787 1579 2849 testimonium
1600 2787 1767 2850 laudabile
1788 2788 1904 2866 perhi-

1105 2884 1264 2958 bentium,
1285 2901 1385 2962 super
1402 2885 1592 2963 hujusmodi
1607 2885 1735 2948 deiectu
1750 2887 1790 2946 de
1802 2885 1901 2947 beni-

1106 2983 1231 3058 gnitate
1261 2983 1355 3044 Sedis
1385 2983 1585 3060 Apostolicaa
1614 2983 1901 3060 dispensavimus,

1105 3081 1166 3141 tihi
1181 3081 1395 3158 praesentium
1414 3080 1611 3142 auctoritate
1628 3081 1849 3155 concedimus,
1867 3081 1903 3144 ut

1106 3179 1343 3256 impedImeuto
1357 3193 1423 3239 non
1441 3177 1592 3239 obstante
1608 3179 1777 3255 praedicto,
1795 3179 1902 3256 ipsum

1106 3277 1147 3338 ad
1161 3277 1253 3337 tuam
1269 3275 1482 3338 liharevoces
1496 3276 1682 3347 ecclesiam,
1704 3275 1732 3336 si
1752 3279 1824 3354 ejus
1843 3293 1904 3340 vo-

1107 3374 1277 3435 cationem
1295 3375 1359 3451 ipsi
1374 3373 1523 3435 ecclesiae
1540 3373 1663 3434 videris
1682 3374 1900 3450 profuturam.

1106 3473 1224 3532 Datum
1254 3471 1421 3543 Laterani,
1444 3470 1572 3534 decimo
1598 3471 1713 3548 quinto
1740 3471 1901 3534 kalendas

1107 3569 1229 3644 martit,
1242 3569 1453 3648 pontificatus
1466 3569 1573 3630 nostri
1588 3586 1675 3631 anuo
1690 3569 1809 3647 primo.

1409 3837 1598 3925 ccxuv

1105 4033 1157 4092 Ad
1182 4031 1375 4092 hibericum
1388 4031 1602 4100 Remensem,
1626 4028 1904 4090 1111113110-

1145 4141 1287 4190 eeascm
1300 4127 1334 4188 et
1347 4128 1553 4188 hairoldum
1567 4127 1831 4201 Lttpdztneusem
1842 4140 1904 4186 αν-

1146 4228 1383 4299 corepiscopos,
1401 4237 1588 4298 coronaque
1609 4223 1849 4299 suffraganeos
1869 4222 1903 4282 et

1145 4324 1282 4385 abbates
1305 4321 1337 4382 el
1359 4323 1511 4395 priores,
1541 4323 1697 4393 decanos
1724 4322 1902 4384 orchidia-

1146 4435 1248 4483 conos
1260 4420 1294 4483 et
1307 4423 1393 4483 allos
1405 4421 1629 4483 ecclesiarum
1638 4419 1812 4494 prelatos.

1392 4633 1425 4690 15
1444 4630 1514 4689 Iebr.
1537 4631 1616 4690 1117.

1154 4765 1305 4832 [bentium,
1316 4765 1430 4816 Annales
1442 4765 1629 4829 cistercienses,
1649 4768 1669 4815 t.
1688 4763 1731 4823 lv,
1746 4779 1772 4830 p.
1788 4761 1862 4828 1011

1106 4943 1222 5004 llandat
1246 4951 1287 5015 ut,
1312 4959 1378 5003 cum
1402 4944 1504 5003 abbate
1531 4952 1560 5003 et
1584 4949 1727 5002 conventu
1751 4939 1901 5002 clareval-

1140 5035 1213 5092 lensi
1230 5035 1328 5093 Cister.
1349 5033 1410 5091 ord.
1431 5033 1467 5090 de
1488 5033 1547 5091 suls
1572 5031 1753 5106 parochianis
1773 5031 1904 5103 querelas

1142 5124 1315 5196 acceperint,
1331 5137 1381 5180 eos
1396 5119 1431 5179 ad
1446 5121 1638 5179 exhihendam
1651 5121 1791 5196 justitiam
1809 5119 1902 5176 eecle-

1142 5211 1255 5270 siastlca
1268 5210 1444 5268 districtIone
1456 5217 1573 5284 cogant.

1146 5365 1314 5427 Honorius
1325 5365 1501 5442 episcopus
1512 5378 1630 5426 servus
1642 5377 1815 5424 servorum
1831 5359 1905 5432 Dei,

1107 5463 1297 5534 Rhomensi‚
1312 5461 1508 5534 senonensi,
1531 5460 1746 5535 Lugdunensi
1767 5457 1906 5520 archia·

1106 5561 1261 5640 piscopis,
1288 5561 1454 5622 eteorum
1477 5557 1710 5636 suffraganeis,
1739 5557 1772 5618 et
1802 5553 1906 5617 abba-

1106 5659 1207 5731 tihus,
1233 5657 1411 5734 prioribus,
1436 5656 1583 5732 decanis,
1606 5653 1844 5724 arhidiaconis,
1872 5651 1906 5713 et
