4200 6404
306 249 367 309 303
771 252 949 317 llONORII
970 255 1016 318 111
1037 259 1184 321 OPERA.
1202 287 1240 304 -
1256 253 1489 320 SERMONES.
1902 253 1976 317 304

309 347 451 488 quando·
469 410 621 473 infundet
646 409 789 488 gratiam
817 413 958 478 vivificae
987 416 1104 482 suavi·-
1156 416 1291 496 judicis,
1316 415 1456 479 dicimus
1476 416 1546 494 jam
1565 411 1668 478 boras
1689 413 1903 492 supradictas
1927 415 1976 476 ab

307 507 399 570 tatis.
1160 512 1752 593 Ε16116110001611161666666116116
1767 513 1881 574 autam
1897 528 1975 574 ne·

350 608 438 669 Etsi
452 609 587 670 venerii
598 611 634 671 in
645 613 796 671 secunda
808 613 925 688 vipiiic
936 610 1029 692 (Luc.
1043 630 1104 687 1111,
1161 614 1342 676 cessarium
1358 611 1508 674 ordinem
1530 613 1652 683 servat,
1672 611 1854 672 secundum
1873 611 1975 688 quod

309 703 375 784 38).
390 705 465 766 Nox
486 706 537 767 est
554 707 623 768 vita
639 723 797 782 praesens.
814 711 962 781 Quatuor
981 711 1105 788 vigiliae
1161 711 1300 789 quisque
1321 709 1427 786 magis
1448 709 1590 786 vigilare
1608 708 1750 770 tenetur.
1774 708 1856 769 Plus
1870 709 1974 769 enim

311 803 417 864 noctis
446 804 524 865 sunt
542 805 684 881 quatuor
705 807 819 868 aetates
833 807 911 869 ritae
935 808 1079 870 bominis
1097 831 1104 870 :
1160 808 1301 885 vigilare
1315 807 1448 870 tenetur
1458 821 1563 868 senex
1572 822 1671 884 quam
1676 806 1823 884 juvenis,
1837 808 1872 868 61
1886 805 1973 882 plus

310 901 877 981 pueritia,adolescentia,juventus
894 907 927 968 et
941 911 1103 970 senectus.
1156 906 1291 984 juvenis
1313 921 1411 983 quam
1432 904 1642 978 adolescens,
1672 903 1706 966 et
1726 903 1801 982 plus
1821 902 1972 965 adoles-

310 1000 422 1060 Prima
434 1001 467 1062 et
479 1002 597 1078 quarta
611 1001 727 1078 vigilia
748 1003 783 1064 iu
799 1003 947 1066 hocloco
962 1021 1029 1065 non
1044 1021 1107 1067 no-
1161 1020 1240 1067 cens
1262 1020 1360 1082 quam
1384 1017 1476 1082 puer.

310 1098 491 1172 minantur,
505 1100 582 1177 quia
598 1103 724 1162 certum
738 1103 880 1179 estquod
894 1104 989 1180 pueri
998 1104 1107 1164 Chris·
1201 1103 1281 1163 Cum
1297 1102 1407 1163 autem
1424 1102 1563 1164 moritur
1577 1100 1687 1173 homo,
1701 1101 1781 1163 tuuc
1795 1099 1920 1178 incipit
1936 1101 1972 1162 ei

308 1195 393 1258 tiani
420 1196 600 1269 salvantur,
622 1197 700 1260 licet
721 1199 855 1277 quidam
878 1201 978 1262 nimis
1006 1201 1106 1263 mali·
1161 1198 1243 1260 dies.
1267 1199 1368 1261 Recte
1392 1213 1560 1276 persero,
1588 1197 1674 1276 quod
1697 1199 1748 1260 ast
1762 1197 1870 1260 noctis
1889 1197 1971 1257 ini-

309 1293 387 1354 tiosi
415 1294 629 1367 damnentur,
649 1297 683 1357 et
709 1297 749 1357 ad
779 1299 982 1361 senectutem
1008 1298 1106 1377 pauci
1160 1297 1254 1370 tium,
1277 1295 1476 1372 intelligitur
1496 1295 1650 1373 pueritia.
1673 1297 1738 1357 Per
1755 1311 1854 1358 mane
1868 1310 1970 1364 vero,

307 1392 514 1469 perveniant.
535 1395 573 1455 in
586 1409 793 1472 quacumque
817 1397 1023 1472 argorigilia
1040 1399 1108 1459 Do-
1161 1395 1247 1472 qinod
1274 1397 1324 1458 est
1349 1395 1426 1455 tluis
1453 1393 1576 1468 noctis,
1604 1393 1757 1455 senectus
1783 1392 1969 1471 accipitur.

309 1489 610 1553 minusveneritin
625 1496 730 1554 morte
740 1493 950 1570 judicaturus
961 1495 1106 1556 animam
1161 1493 1201 1554 Et
1225 1493 1300 1554 ideo
1324 1492 1483 1555 Dominus
1507 1493 1601 1569 prius
1626 1491 1864 1554 commemorat
1886 1507 1971 1552 sero

309 1585 598 1659 bominis,beatus
613 1589 807 1651 6111661116
824 1591 1016 1667 vigilansin
1032 1607 1107 1670 ope-
1161 1606 1259 1668 quam
1285 1606 1398 1663 mane,
1429 1591 1466 1652 ut
1491 1589 1531 1651 de
1564 1589 1660 1652 nocte
1685 1591 1900 1650 transeamus
1924 1589 1970 1650 ad

310 1683 403 1745 ribus
430 1683 537 1746 bonis.
560 1689 633 1748 iam
653 1703 734 1749 vero
759 1689 947 1767 exemplum
974 1690 1107 1768 subjicit
1161 1688 1259 1762 diem,
1282 1688 1379 1760 idest,
1407 1689 1448 1750 de
1466 1687 1601 1764 miseria
1622 1688 1700 1750 vitae
1721 1687 1899 1764 praesentis
1924 1687 1968 1748 ad

308 1798 383 1843 eum
401 1783 482 1846 dicit
497 1805 505 1845 ε
520 1788 596 1848 Hoc
609 1787 727 1848 autem
747 1788 877 1861 scitote,
894 1792 1056 1862 quoniam
1075 1792 1107 1851 si
1161 1787 1301 1862 gloriam
1327 1787 1404 1848 vitae
1425 1785 1555 1848 suturae.
1585 1785 1648 1847 1110
1671 1785 1761 1846 enim
1786 1784 1967 1862 psalmista

309 1883 690 1958 seireipcterfamiiics,
706 1889 944 1960 annueretur
958 1887 1104 1960 06111101,
1159 1885 1301 1946 16616111
1322 1885 1574 1946 :Dormiernnt
1597 1899 1758 1945 somnum
1782 1898 1900 1955 61111111,
1931 1884 1967 1944 01

308 1980 471 2055 pipilaret
483 1980 601 2053 craece
615 1982 649 2042 et
667 1997 736 2044 nen
754 1983 887 2044 sineret
897 1986 1107 2059 1011001110-
1161 1985 1244 2043 aridii
1259 1982 1468 2044 invenerunt
1488 1996 1607 2044 omnes
1621 1982 1692 2042 ciri
1705 1981 1914 2042 divitiarum
1927 1984 1969 2042 in
2085 2049 2086 2062 ,

307 2091 404 2137 mam
414 2092 515 2139 mmm
528 2075 658 2158 (Mattb.
674 2095 769 2153 mv,
786 2079 851 2160 43).
1160 2082 1319 2142 manibus
1330 2082 1404 2141 suis
1417 2075 1486 2158 (Ps.
1502 2081 1553 2152 75,
1569 2077 1614 2158 6).
1633 2078 1702 2140 Has
1713 2078 1855 2156 quatuor
1868 2077 1966 2153 vigi-
2085 2099 2086 2102 ¹

350 2174 431 2236 Item
458 2176 600 2253 quatuor
625 2178 732 2240 modis
760 2179 919 2240 Dominus
946 2180 1038 2242 venit
1065 2179 1106 2242 ad
1161 2177 1224 2238 lias
1250 2176 1416 2238 custodire
1438 2175 1558 2238 debent
1580 2175 1722 2254 praelati,
1746 2191 1789 2237 ne
1805 2175 1840 2236 iu
1861 2191 1967 2252 grege

309 2289 370 2334 nos
387 2294 394 2334 ε
412 2274 518 2351 primo
529 2275 563 2336 et
576 2276 692 2338 ultimo
707 2277 799 2340 venit
820 2278 933 2350 semel,
961 2278 1106 2340 secundo
1162 2275 1337 2336 commisso
1353 2274 1417 2336 sibi
1438 2275 1544 2352 pueri,
1563 2277 1715 2352 juvenes,
1740 2289 1838 2336 senes
1854 2276 1888 2336 et
1901 2274 1965 2334 de-
2085 2267 2086 2328 ὲ

308 2368 454 2433 61161110
475 2372 567 2435 venit
587 2389 686 2451 saepe.
708 2374 820 2437 Primo
834 2376 926 2437 venit
946 2375 981 2436 in
1005 2392 1105 2436 mun·
1162 2373 1279 2449 crepiti
1293 2374 1396 2434 Deum
1413 2372 1593 2434 offendant.
1617 2374 1696 2444 Quae
1708 2371 1851 2450 quatuor
1873 2370 1966 2447 vigi·
2085 2435 2086 2438 ,

309 2469 386 2530 dum
411 2469 451 2530 ad
479 2469 754 2548 redemptionem,
792 2473 907 2534 ultimo
933 2473 1045 2536 veniet
1071 2474 1107 2534 in
1161 2469 1215 2530 liae
1230 2470 1305 2532 ideo
1321 2469 1579 2545 distinguuntur,
1597 2469 1644 2542 ut,
1666 2469 1695 2529 si
1711 2468 1785 2546 quis
1799 2468 1965 2530 1101111116-
2085 2493 2086 2546 p

306 2567 470 2644 judicium
490 2567 531 2628 ad
552 2568 814 2632 retributionem.
839 2571 991 2635 Secundo
1017 2572 1108 2634 venit
1161 2567 1248 2630 verit
1275 2567 1310 2629 iu
1338 2567 1456 2646 prima,
1485 2566 1603 2644 vigilet
1626 2567 1663 2628 in
1688 2565 1844 2640 secunda,
1875 2565 1964 2627 siin
2085 2577 2086 2646 l

308 2665 342 2725 in
358 2667 501 2728 mentem
516 2666 558 2729 ad
574 2667 880 2742 sanctificationem,
899 2671 997 2731 tertio
1016 2670 1107 2731 venit
1162 2664 1317 2737 secunda,
1340 2665 1457 2742 vigilet
1474 2664 1509 2726 iu
1528 2664 1626 2727 tertia
1648 2665 1680 2726 et
1701 2664 1789 2726 dicat
1809 2663 1963 2726 :Delicta
2085 2671 2086 2716 3

308 2764 343 2824 in
359 2780 494 2825 carnem
507 2765 548 2825 ad
563 2765 824 2828 dissolutionem.
841 2769 888 2828 De
902 2769 1008 2845 primo
1023 2768 1109 2845 legi·
1158 2763 1342 2841 juventutis
1357 2779 1440 2824 meae
1452 2763 1485 2826 et
1494 2762 1702 2840 ignorantias
1715 2778 1818 2832 meas,
1833 2762 1889 2824 161
1903 2761 1965 2823 de-
2085 2767 2086 2794 ³

308 2863 365 2922 tur
383 2882 390 2920 ι
408 2862 585 2924 inclinavit
600 2863 701 2924 coelos
720 2864 753 2925 et
772 2864 941 2927 descendit
963 2866 997 2927 et
1016 2866 1108 2927 venit
1162 2860 1240 2923 licta
1255 2861 1434 2923 senectutis
1449 2862 1482 2923 et
1496 2861 1704 2937 ignorantias
1719 2875 1848 2923 meas...
1875 2860 1911 2921 si
1926 2859 1961 2920 iu

310 2959 347 3019 in
366 2959 497 3021 uterum
515 2960 674 3037 Virginis.
702 2963 749 3023 De
763 2961 880 3023 ultimo
894 2962 929 3022 in
950 2965 1106 3038 Evange-
1162 2959 1280 3037 quarta
1290 2959 1416 3036 vigilia,
1429 2959 1518 3022 dicat
1531 2976 1567 3021 66
1578 2959 1833 3037 quatriduanum
1848 2957 1962 3034 etjam
2085 2957 2086 3044 l

311 3055 357 3117 lio
374 3077 383 3116 ι
399 3059 486 3120 cum
498 3059 634 3120 venerit
648 3062 756 3121 Filius
768 3063 917 3122 bominis
930 3064 1109 3135 1111110166-
1161 3058 1289 3121 foetere.
1312 3058 1438 3120 Debent
1461 3057 1560 3120 etiam
1589 3057 1720 3135 praelati
1741 3057 1884 3134 vigilare
1902 3072 1963 3134 per
2085 3061 2086 3132 ξ

313 3155 384 3218 1610
410 3171 493 3227 suc,
521 3157 556 3218 et
578 3171 698 3218 omnes
725 3161 838 3233 anpeii
862 3161 937 3232 ejus
962 3174 1041 3221 cum
1068 3173 1107 3222 co
1161 3155 1353 3227 vindictam,
1380 3155 1416 3217 ut
1440 3155 1609 3217 vindicent
1634 3171 1693 3232 per
1711 3154 1876 3231 justitiam
1902 3153 1962 3215 de-
2085 3161 2086 3222 j

312 3251 405 3332 (Luc.
423 3269 469 3318 rx.
485 3251 551 3332 26).
575 3256 622 3315 De
644 3254 787 3316 secundo
809 3257 879 3319 :lit
891 3259 936 3318 cd
950 3272 1029 3319 eum
1043 3273 1106 3320 ce·
1162 3252 1240 3315 licta
1255 3253 1291 3314 in
1310 3269 1346 3314 se
1361 3253 1394 3316 et
1414 3253 1450 3315 in
1466 3252 1618 3314 subditis.
1648 3253 1732 3324 Quia
1746 3254 1783 3312 ut
1797 3251 1845 3313 ait
1864 3251 1962 3313 Salo-
2085 3263 2086 3340 1

310 3354 457 3424 alienius,
472 3353 834 3428 etenensionemapcd
847 3369 928 3416 enm
940 3357 1108 3430 faciemus
1162 3365 1239 3412 mon
1265 3371 1272 3410 :
1297 3352 1418 3412 iustus
1441 3353 1610 3412 Dominus
1630 3350 1808 3424 justitiam
1837 3349 1960 3412 01100111
2085 3341 2086 3368 l

312 3447 422 3528 (ioan.
439 3467 507 3524 xrv,
524 3449 589 3530 23).
606 3453 653 3513 De
667 3451 765 3514 tertio
781 3451 935 3515 similiter
947 3453 984 3514 in
998 3455 1110 3515 Evan—
1164 3447 1234 3526 (Ps.
1257 3450 1305 3521 10,
1322 3446 1367 3527 8).
1382 3447 1502 3509 Μ61116
1521 3448 1572 3510 661
1589 3447 1645 3509 hic
1659 3447 1777 3525 punire
1792 3463 1892 3524 quam
1907 3447 1961 3508 iu·
2085 3439 2086 3444 ’

308 3549 396 3624 gello
409 3570 416 3608 ε
429 3550 659 3611 Cacmcencrit
672 3551 916 3624 circumverti,
929 3551 1109 3627 confestim
1161 3548 1273 3609 turum
1285 3546 1447 3624 judicium
1463 3547 1650 3623 expectare,
1665 3545 1742 3622 quia
1757 3545 1959 3608 horrendum
2085 3555 2086 3638 j

309 3647 469 3723 aperient
484 3649 515 3708 ei
531 3645 624 3726 (Luc.
640 3663 701 3721 xu,
719 3647 785 3728 36).
809 3650 848 3710 Ε1
861 3651 1006 3711 ioannes
1028 3671 1036 3710 :
1052 3651 1108 3712 Sic
1162 3645 1213 3705 est
1224 3643 1371 3705 incidere
1384 3644 1419 3704 in
1429 3659 1548 3704 manus
1560 3643 1620 3705 Dei
1632 3643 1786 3705 viventis.
1801 3643 1958 3705 Pastores

310 3759 390 3806 eum
404 3749 478 3806 colo
494 3745 639 3806 naenere
655 3749 760 3807 donec
774 3750 923 3808 versiam.
947 3748 1055 3820 venit,
1072 3748 1107 3809 ut
1163 3740 1250 3802 enim
1267 3739 1496 3802 custodiebant
1509 3740 1642 3816 vigilias
1655 3739 1762 3802 noctis
1774 3755 1875 3816 super
1889 3755 1960 3815 gre·
2085 3765 2086 3788 ÷

312 3842 458 3902 animam
483 3856 582 3920 quam
610 3841 719 3915 dedit,
747 3844 908 3919 accipiat,
934 3846 1044 3922 pulsat
1073 3846 1108 3907 ut
1162 3855 1236 3916 gem
1261 3855 1368 3900 suum.
1395 3838 1540 3914 Vigilate
1561 3853 1651 3916 ergo,
1679 3838 1757 3914 quia
1776 3835 1864 3899 beati
1884 3838 1960 3898 sunt
2085 3915 2086 3922 Ν

311 3955 372 4017 per
388 3939 499 4000 carnis
519 3939 705 4001 molestiam
724 3943 863 4002 mortem
878 3941 1022 4003 vicinam
1041 3958 1107 4004 an·
1163 3937 1251 3998 servi
1266 3935 1327 4004 illi,
1345 3951 1517 4014 quoscum
1535 3936 1664 3998 venerit
1678 3935 1848 4008 Dominus,
1864 3935 1959 3998 inre-

311 4039 451 4100 nnntiet.
1163 4033 1452 4110 neritvigilantes.

351 4136 497 4200 Nescitis
512 4137 775 4215 autemquando
796 4137 956 4200 Dominus
979 4137 1106 4200 veniat:

313 4250 388 4297 sero
417 4251 460 4298 au
489 4235 598 4298 media
619 4236 727 4308 nocte,
750 4251 793 4297 an
822 4236 1035 4314 gallicantu,
1065 4251 1108 4298 an
1488 4213 1636 4300 XXVII

315 4350 425 4398 mane.
440 4333 598 4398 solebant
610 4336 741 4397 noctem
756 4335 960 4412 distinguere
974 4335 1009 4396 iu
1025 4350 1109 4413 qua·
1187 4375 1233 4436 IN
1254 4375 1595 4438 FESTIVITATIBUS
1616 4375 1936 4436 APOSTOLORUM·

313 4434 390 4495 tuor
403 4433 537 4510 vigilias
552 4433 603 4494 illi
622 4433 678 4510 qui
693 4432 901 4495 excubabant
919 4433 955 4494 in
974 4434 1105 4507 castris,

313 4531 346 4592 et
377 4530 485 4591 lucem
518 4531 738 4608 expectabant
769 4534 903 4609 propter
940 4532 1107 4610 prolixum
1201 4529 1289 4588 Ecce
1311 4540 1374 4603 epo
1398 4527 1498 4589 mitio
1525 4541 1586 4588 cos
1608 4526 1699 4588 sicut
1721 4540 1801 4588 oves
1824 4527 1862 4587 in
1886 4539 1958 4586 me-
2085 4545 2086 4556 ,

309 4627 446 4690 taedium
462 4628 581 4700 noctis,
596 4643 735 4705 quarum
751 4630 857 4706 prima
870 4629 992 4690 dicitur
1005 4630 1108 4691 cauti·
1161 4626 1217 4687 dio
1231 4629 1400 4699 luporum.
1421 4625 1541 4686 Estote
1556 4639 1640 4701 erpo
1659 4623 1850 4699 prandentes
1871 4624 1956 4684 sicui

309 4726 446 4799 ciuium,
464 4725 609 4786 secunda
624 4725 868 4803 intempestum,
890 4726 989 4788 tertia
1003 4727 1106 4802 galli·
1161 4722 1359 4796 serpentes,
1401 4722 1435 4784 et
1472 4724 1644 4796 simplices
1676 4721 1766 4783 610111
1798 4724 1956 4783 columbe

308 4824 445 4897 oinium,
470 4823 587 4902 quarta
612 4824 856 4886 antelucanum.
881 4823 974 4886 Unde
1000 4827 1106 4886 Lucas
1161 4817 1343 4898 (Matius,
1360 4817 1425 4898 16).

306 4923 342 4986 11
366 4921 547 5000 Evangelio
573 4943 581 4984 ε
607 4923 652 4984 et
677 4926 710 4984 si
737 4923 873 4984 venerit
898 4926 934 4984 in
950 4927 1107 4986 'secunda
1201 4918 1323 4993 Magna
1338 4915 1511 4994 prudentia
1531 4917 1564 4979 et
1582 4914 1800 4978 inenarrabili
1819 4915 1955 4993 sapien-

305 5025 436 5100 cipitia,
453 5023 487 5084 et
500 5025 532 5084 si
544 5024 581 5082 in
594 5019 700 5084 tertie
713 5023 832 5098 cipitia
846 5023 991 5093 venerii,
1008 5022 1042 5083 et
1056 5021 1107 5084 iia
1160 5015 1207 5077 tia
1223 5015 1283 5077 Dei
1298 5016 1457 5078 Dominus
1469 5018 1488 5078 J
1490 5031 1566 5077 esus
1584 5015 1734 5078 Christus
1747 5017 1783 5077 ut
1797 5015 1832 5076 in
1845 5014 1955 5076 mundi

306 5122 491 5194 invenerit,
519 5121 608 5184 beati
626 5122 709 5183 sent
728 5123 824 5183 serui
844 5123 902 5183 iiii.
928 5121 975 5181 De
988 5119 1105 5198 quarta
1160 5113 1430 5176 tribulationibus
1470 5113 1702 5192 pressurisque
1742 5129 1820 5176 snos
1858 5111 1955 5174 disci·
2085 5181 2086 5190 ἵ

304 5219 403 5282 tacet.
417 5220 480 5282 Sed
493 5219 670 5282 Matthaeus
683 5218 773 5292 dicit,
785 5218 872 5296 quod
881 5221 979 5281 iesus
988 5218 1105 5296 quarta
1161 5212 1256 5289 pulos
1278 5211 1403 5274 iaceret
1429 5211 1600 5286 tortiores,
1627 5211 1784 5290 praedixit
1812 5211 1862 5273 eis
1886 5226 1953 5288 quae

303 5317 525 5394 vigiliavenit
548 5315 588 5379 ad
604 5333 662 5379 eos
681 5315 854 5377 ambulans
870 5331 970 5393 super
988 5330 1103 5393 aquas.
1160 5311 1257 5372 erant
1283 5308 1370 5371 mala
1399 5309 1532 5387 passuri
1559 5325 1602 5371 ne
1631 5309 1731 5381 sorte,
1758 5308 1788 5371 si
1816 5309 1866 5370 eis
1895 5308 1955 5369 im·
2085 5365 2086 5374 ,

305 5415 375 5475 Nos
385 5415 494 5476 autem
508 5415 564 5492 qui
578 5413 754 5491 semperiu
767 5414 862 5476 nocte
875 5414 974 5491 hujus
989 5411 1105 5474 mundi
1159 5407 1292 5485 proviso
1317 5406 1550 5469 tribulationes
1579 5405 1784 5478 acciderent,
1811 5407 1953 5467 animum
2085 5449 2086 5494 3

303 5509 461 5572 debemus
475 5527 549 5572 esse
564 5512 698 5574 solliciti
714 5513 829 5574 contra
845 5511 968 5576 hostes.
990 5512 1023 5573 et
1039 5525 1104 5573 ex·
1159 5507 1293 5568 illorum
1322 5520 1341 5566 a
1372 5505 1495 5568 virtute
1522 5505 1727 5568 lentitudinis
1759 5504 1951 5576 emollirent,

303 5607 437 5692 peetare
457 5608 565 5669 lucem
588 5609 775 5682 venturam,
802 5607 900 5682 idest,
928 5608 1103 5672 aduentum
1159 5605 1192 5666 et
1213 5603 1254 5666 ad
1274 5603 1517 5682 desperationis
1542 5603 1663 5666 malum
1690 5617 1750 5682 per
1777 5602 1951 5680 impatien-
