4162 6424
311 155 371 214 cla

311 315 512 376 trumentum
538 312 646 386 vobis,
674 312 707 374 et
734 328 793 390 per
822 327 881 374 vos
906 313 1106 378 monasterio
1162 313 1263 390 igitur
1285 313 1526 378 deliberatione
1553 331 1627 376 cum
1654 316 1780 378 nostris
1807 315 2000 376 fratribus

310 413 422 472 vestro
437 411 633 472 auctoritate
652 409 841 488 apostolica
862 411 1107 480 confirmamus,
1161 409 1285 484 habita,
1299 414 1378 485 Deo,
1394 411 1481 474 sicut
1493 412 1671 486 credimus,
1683 413 1902 490 inspirante,
1917 414 2000 474 zelo

309 509 343 571 et
352 509 526 586 praesentis
538 507 651 586 scripti
660 508 844 584 patrocinio
855 510 1106 582 commuuimus,

311 611 405 685 cujus
421 605 630 668 instrumenti
641 607 789 668 tenorem
804 606 843 668 de
862 606 963 670 verbo
978 607 1019 670 ad
1032 623 1110 668 ver-

309 704 387 765 bum
433 703 588 764 duximus
630 703 849 779 praesentibus
882 704 1107 768 inserendum.

309 803 419 862 Tenor
429 801 538 862 autem
554 801 626 876 eJus
641 802 691 862 est
699 800 781 862 talis
794 823 801 862 :

350 898 532 959 innomine
544 897 1107 970 Sanctae,etlndividuaeTrinitatis,

311 1011 418 1057 amen.
433 999 528 1056 Anno
541 994 581 1055 ab
595 995 829 1072 lucarnatione
842 994 943 1058 Verbi
953 995 1012 1056 Dei
1020 995 1108 1066 1217,

310 1109 424 1153 mense
436 1093 588 1170 Augusti,
605 1091 787 1154 indictione
802 1093 929 1171 quinta,
946 1091 1109 1154 Robertus

310 1191 370 1252 Dei
392 1189 501 1266 gratia
530 1189 683 1251 Catacen.
718 1191 891 1268 episcopus
920 1189 1048 1252 dilectis
1074 1189 1109 1250 in

311 1288 441 1350 Christo
462 1286 623 1349 iratribus
646 1287 779 1350 domiuo
799 1287 898 1351 Petro
925 1286 1110 1350 venerabili

311 1385 420 1446 abbati
441 1385 641 1462 aquaevivae,
665 1401 738 1462 quae
761 1384 926 1463 quondam
945 1398 1111 1445 monaca-

310 1487 366 1544 riu
389 1482 572 1554 dicebatur,
594 1482 628 1544 et
648 1481 909 1554 successoribus,
931 1496 1110 1557 eorumque

310 1580 469 1644 fratribus
493 1581 528 1642 iu
552 1582 759 1658 perpetuum.
785 1579 968 1641 Pastoralis
988 1579 1110 1640 minis·

310 1679 388 1740 terii
407 1677 515 1740 debito
537 1677 717 1754 mancipati
732 1677 922 1738 necessario
946 1673 1111 1738 sollicitu-

312 1773 399 1834 dinis
424 1775 623 1852 Apostolicae
644 1773 784 1835 formam
801 1775 952 1849 cogimur
972 1771 1108 1844 imitari,
1131 1794 1133 1802 ¹

311 1856 465 1932 curantes
478 1871 518 1932 ad
536 1871 788 1932 aedificationem
805 1871 991 1931 commissae
1016 1868 1111 1929 nobis

226 1996 238 2020 ι
311 1968 429 2029 eccles.
440 1985 506 2028 nou
517 1969 623 2029 solum
637 1967 787 2044 plantare
802 1967 836 2027 in
850 1966 986 2028 dioecesi
998 1969 1111 2028 nostra

310 2066 444 2127 virtutis
460 2065 659 2150 exemplum,
674 2065 732 2126 sed
747 2065 779 2125 et
791 2065 902 2140 rigare
915 2063 1109 2141 plantatum,

311 2164 416 2224 donec
429 2166 515 2223 Deus
528 2161 686 2238 plantatis
701 2161 884 2238 rigatisque
900 2159 1112 2238 perfectionis

310 2260 436 2323 tribuat
450 2260 712 2334 incrementum;
741 2259 819 2337 quia
844 2258 900 2336 qui
921 2258 1059 2338 plantat,
1080 2261 1113 2320 et

312 2358 479 2436 quirigat,
496 2359 530 2419 et
544 2355 760 2418 similitudine
773 2355 979 2428 intentionis,
997 2357 1029 2418 et
1041 2356 1114 2433 pie-

312 2457 380 2518 tate
405 2454 517 2533 operis
537 2471 639 2516 unum
665 2457 753 2526 sunt,
780 2453 866 2516 idem
881 2456 994 2529 agunt,
1013 2470 1113 2531 quum

312 2550 1114 2629 otiosumstudiumsitrigantis,uisipraecesserit

313 2649 458 2712 osticium
473 2650 700 2726 plantationis
718 2650 751 2710 et
760 2665 894 2710 rursum
910 2663 1114 2726 supervacue

314 2749 349 2808 in
374 2746 579 2824 plantatione
606 2747 759 2807 sudatum
784 2746 837 2818 sit,
866 2745 920 2806 cui
938 2742 1113 2822 rigationis

313 2844 585 2906 beneficiumuon
601 2843 772 2904 successit.
787 2845 858 2904 Hoc
872 2843 984 2918 itaque
995 2841 1115 2902 discre-

315 2941 416 3002 tionis
449 2941 546 3002 oculo
569 2939 777 3016 praecedente
801 2954 861 3016 per
886 2939 945 3000 Dei
973 2939 1114 3015 gratiam

315 3051 449 3113 gressus
473 3035 614 3107 nostros,
639 3035 688 3095 sic
704 3034 858 3113 prosequi
878 3037 1000 3097 nostrae
1015 3050 1112 3096 voca·

317 3133 419 3194 tionis
438 3149 520 3210 opus
535 3132 750 3205 intendimus,
773 3133 810 3194 ut
826 3133 961 3208 atpium
984 3132 1115 3208 praede-

317 3246 486 3293 cessorum
513 3231 701 3292 nostrorum
728 3231 934 3307 propositum
964 3230 1116 3292 attenda-

317 3346 408 3397 mus,
434 3328 603 3406 accepturi
629 3327 714 3390 sicut
741 3328 957 3400 confidimus,
983 3327 1115 3389 illorum

318 3427 504 3489 mercedem
520 3442 667 3503 operum,
685 3441 825 3502 quorum
840 3424 1064 3487 addiderimus
1081 3425 1115 3486 in

318 3523 508 3604 perfectiori
524 3523 723 3585 sufficientia
737 3522 1116 3600 complementum.Hinc

317 3625 377 3694 est,
395 3623 480 3701 quod
503 3621 689 3698 exponente
709 3621 752 3691 te,
769 3621 961 3698 praescripta
975 3635 1119 3682 venera-

317 3720 395 3781 bilis
411 3718 524 3791 abbas,
539 3719 647 3790 Patre,
658 3733 758 3794 quum
772 3717 1010 3779 monasterium
1023 3719 1116 3780 tuum

318 3818 504 3894 opportuna
526 3814 726 3892 praediorum
751 3814 894 3877 utilitate
915 3814 1118 3876 sufficienter

318 3929 385 3974 non
402 3912 502 3976 luerit
521 3911 719 3992 prdinatum,
743 3911 888 3984 Fratres,
912 3911 969 3986 qui
990 3911 1031 3972 ad
1058 3911 1117 3972 Dei

318 4010 491 4072 servitium
517 4007 763 4084 congregantur
799 4007 834 4070 in
863 4008 978 4069 eodem
1005 4008 1117 4069 multis

320 4124 430 4169 rerum
439 4107 604 4185 pecuniis,
617 4105 906 4168 etdilflcultatibus
920 4106 1116 4179 atteruntur,

318 4206 354 4268 in
367 4221 428 4267 suo
437 4208 507 4283 jam
523 4205 693 4282 proposito
707 4204 766 4266 vix
782 4203 976 4277 subsistunt,
994 4204 1027 4265 et
1041 4203 1118 4282 quia

320 4303 505 4380 spiritualis
527 4303 599 4364 haec
625 4303 790 4364 structura
819 4301 1022 4372 dissolvitur,
1053 4300 1119 4361 uisi

213 4391 215 4396 ’
320 4401 418 4463 citius
447 4399 665 4460 subventione
693 4398 925 4474 temporalium
951 4397 1133 4470 fulciatur,

320 4514 381 4559 nos
396 4497 476 4556 licet
486 4495 643 4556 immeriti
654 4495 789 4570 agentes
801 4495 834 4554 in
841 4493 903 4555 bac
911 4494 1119 4570 pontificatus

321 4593 456 4670 specula
469 4591 561 4652 vices
573 4591 705 4663 Christi,
721 4591 777 4667 qui
789 4591 939 4669 quamvis
954 4606 1064 4652 rerum
1078 4592 1121 4653 sit

323 4691 486 4762 Salvator,
508 4691 541 4751 et
568 4703 715 4766 opernm,
744 4688 935 4765 specialiter
956 4688 1120 4750 tamenin

322 4787 412 4850 omni
427 4803 562 4849 suorum
571 4787 779 4846 sacramento
793 4785 965 4857 dictorum,
979 4785 1120 4846 salutem

321 4883 468 4964 praetulit
492 4884 690 4952 animarum,
718 4882 851 4970 cognita
875 4898 1045 4944 servorum
1061 4883 1119 4944 Dei

322 4983 531 5053 necessitate,
543 4989 611 5043 tam
626 4980 721 5056 gravi
737 4979 877 5042 materia
893 4981 983 5053 moti,
1010 4994 1119 5041 causae

322 5096 503 5160 pauperum
519 5079 573 5155 pia
595 5077 795 5140 liberalitate
814 5077 969 5140 duximus
984 5093 1121 5139 succur-

322 5179 480 5250 rendum,
511 5177 645 5240 illorum
674 5176 869 5238 aemulantes
896 5175 1120 5252 apostolicam

323 5275 507 5347 caritatem,
524 5291 606 5352 quos
622 5274 801 5351 unicuique
819 5275 916 5351 juxta
932 5273 1018 5350 quod
1045 5273 1121 5332 sin-

323 5374 410 5448 gulis
430 5373 504 5435 erat
522 5370 731 5434 distribuisse
753 5370 904 5447 legimus,
917 5371 950 5431 et
964 5385 1023 5447 pro
1039 5369 1121 5430 nde-

325 5471 404 5529 lium
427 5470 533 5532 salute
548 5467 651 5548 [suasi
664 5469 763 5531 etiam
780 5466 990 5545 impendisse.
1008 5469 1119 5542 Longa

928 153 1105 216 HONORII
1131 155 1174 216 111
1197 157 1345 218 OPERA.

1932 161 1997 218 6ss

1162 511 1245 586 ejus,
1276 510 1308 571 et
1330 510 1482 586 respectu
1510 509 1708 579 devotionis,
1733 513 1768 573 et
1792 510 1997 587 religionis

1161 606 1238 680 tuae,
1264 605 1469 684 fratrumque
1502 609 1645 681 tuorum,
1679 624 1740 685 pro
1775 611 1998 670 nostrorum

1162 720 1292 782 quoque
1304 704 1451 765 remedio
1467 706 1687 782 peccatorum,
1709 707 1896 767 communi
1912 722 1997 766 cou-

1162 801 1251 874 silio,
1268 803 1480 864 etconsensu
1497 802 1658 876 unanimi,
1675 805 1794 864 nostra
1810 805 1852 864 et
1874 806 1995 864 nostri

1163 898 1299 974 capituli
1325 899 1495 960 voluntate
1518 901 1753 972 concessimus,
1786 902 1823 962 et
1856 917 1996 961 conre-

1163 994 1271 1055 dimus
1281 995 1343 1057 tibi
1353 997 1423 1072 jam
1436 995 1524 1057 dicto
1533 995 1717 1058 venerabili
1728 996 1852 1058 abbati
1866 1000 1990 1069 Petro,

1163 1092 1293 1169 tuisque
1304 1092 1562 1165 successoribus,
1585 1093 1753 1166 iratribus,
1770 1095 1806 1157 et
1831 1111 1990 1156 monas-

1161 1188 1247 1249 terio
1276 1190 1466 1266 aquaevivae
1497 1189 1532 1252 iu
1563 1183 1759 1268 perpetuum
1789 1192 1990 1254 ecclesiam

1164 1287 1353 1348 sanctorum
1368 1287 1483 1348 Trium
1498 1289 1681 1350 Puerorum
1696 1288 1797 1350 sitam
1817 1289 1863 1350 in
1894 1290 1990 1350 teui-

1164 1385 1274 1444 msnto
1284 1383 1434 1456 Barbari,
1445 1384 1610 1460 quondam
1624 1385 1889 1457 monasterium,
1905 1387 1989 1448 licet

1163 1479 1389 1558 irreligiosum
1415 1481 1588 1543 vicinitate
1612 1483 1828 1544 saecularium
1853 1500 1986 1561 perso-

1164 1592 1282 1638 narum
1297 1600 1305 1654 ;
1320 1577 1377 1638 sed
1392 1594 1481 1640 nuuc
1491 1578 1639 1640 funditus
1650 1579 1856 1653 desolatum,
1877 1585 1986 1659 atque

1164 1673 1378 1748 destructum,
1404 1675 1445 1736 de
1473 1692 1548 1753 quo,
1573 1681 1672 1752 quum
1696 1677 1739 1738 sit
1760 1678 1842 1738 loco
1865 1682 1984 1740 restro

1164 1771 1322 1846 vicinum,
1347 1773 1487 1851 penuria
1515 1773 1723 1846 monasterii,
1743 1775 1777 1837 et
1803 1774 1985 1852 fragilitas

1165 1871 1270 1932 status
1296 1869 1399 1932 vestri
1430 1871 1613 1932 remedium
1650 1874 1913 1949 consequetur,
1953 1881 1985 1936 et

1166 1965 1984 2044 suiflcienslulcimentum.lpsamergoecclesiam

1165 2065 1356 2126 sanctorum
1370 2064 1485 2125 Trium
1501 2067 1683 2126 Puerorum
1708 2081 1785 2126 cum
1813 2069 1982 2129 omuibus

1165 2161 1367 2233 tenimentis,
1385 2160 1591 2234 obedientiis,
1606 2164 1639 2224 et
1653 2163 1879 2238 pertinentiis
1897 2167 1981 2238 suis,

1166 2257 1583 2331 hominibusmolendinis,
1596 2261 1702 2337 aquis,
1713 2261 1834 2338 sylvis,
1853 2263 1980 2334 vineis,
2032 2285 2033 2308 r

1166 2358 1198 2418 et
1212 2355 1367 2432 virgultis
1382 2355 1564 2429 offerimus,
1581 2356 1709 2429 damus,
1726 2358 1831 2434 atque
1846 2377 1980 2422 conce-

1166 2453 1275 2513 dimus
1283 2452 1353 2525 tibi,
1367 2454 1400 2514 et
1409 2453 1656 2515 successoribus
1669 2454 1746 2526 tuis
1756 2471 1799 2516 ac
1809 2455 1981 2518 iratribus

1167 2550 1287 2612 vestris
1300 2549 1342 2610 ad
1358 2567 1439 2626 opus
1464 2551 1496 2614 et
1510 2550 1773 2624 subventionem,
1799 2557 1982 2616 sust-euta-

1167 2647 1356 2724 tionemque
1366 2650 1436 2726 jam
1461 2647 1539 2710 dicti
1563 2649 1757 2710 monasterii
1777 2653 1980 2727 Aquaerirae

1168 2745 1202 2805 in
1230 2747 1440 2822 perpetuum,
1473 2745 1628 2807 similiter
1660 2745 1907 2820 concedentes,
1948 2757 1981 2811 ut

1168 2857 1336 2920 nunquam
1362 2842 1543 2903 teneamini
1560 2843 1604 2916 tu,
1630 2844 1663 2905 et
1688 2859 1912 2908 successores
1931 2849 1977 2908 tui

1168 2939 1404 3001 monasterium
1417 2939 1463 2999 ibi
1476 2941 1684 3014 construere;
1702 2941 1758 3002 sed
1770 2941 1851 3017 ipsa
1864 2946 1978 3004 omnia

1169 3034 1276 3114 plene,
1294 3035 1409 3108 libere,
1425 3037 1574 3114 pacifice,
1589 3038 1621 3098 et
1631 3037 1740 3114 quiete
1754 3054 1816 3114 pro
1830 3041 1975 3101 susten-

1170 3133 1304 3206 tatione,
1333 3133 1369 3195 ut
1386 3136 1457 3211 jam
1473 3135 1618 3195 diximus
1633 3135 1831 3197 monasterii
1850 3141 1976 3214 Aquas-

1169 3229 1253 3290 vivae
1268 3230 1466 3307 possideatis
1480 3231 1514 3291 in
1530 3232 1715 3307 grangiam,
1732 3233 1766 3292 et
1779 3235 1973 3308 possessio-

1170 3339 1245 3388 nem
1258 3330 1413 3400 vestram,
1426 3327 1688 3400 sicutdevestra,
1698 3327 1973 3391 etsuccessorum

1169 3426 1354 3486 vestrorum
1385 3423 1486 3486 fuerit
1516 3423 1704 3499 voluntate,
1739 3425 1834 3488 salvo
1870 3444 1971 3489 censu

1171 3522 1269 3584 unius
1296 3521 1403 3584 unciae
1430 3521 1504 3582 auri
1531 3521 1573 3583 ad
1598 3522 1725 3598 pondus
1754 3523 1967 3595 catanzarii,
2032 3543 2033 3588 1

1171 3635 1267 3699 quem
1295 3619 1381 3680 idem
1408 3619 1582 3682 annuatim
1610 3619 1761 3682 ecclesiae
1783 3625 1908 3683 nostrae
1935 3623 1967 3682 iu

1170 3718 1265 3790 feste,
1282 3715 1337 3780 vel
1353 3717 1441 3778 circa
1457 3715 1576 3778 testum
1591 3718 1835 3794 assumptionis
1861 3721 1966 3780 Beata

1171 3815 1287 3876 Mariae
1302 3829 1433 3892 semper
1447 3813 1596 3890 Virginis
1609 3814 1818 3891 persolvetis.

1211 3911 1303 3973 Nihil
1329 3911 1441 3988 itaque
1465 3911 1673 3988 temporalis,
1699 3914 1758 3973 aut
1786 3912 1963 3989 spiritualis

1167 4009 1255 4086 juris
1265 4009 1297 4070 et
1305 4007 1452 4080 ditionis,
1465 4006 1550 4068 nibil
1562 4007 1773 4085 proprietatis
1786 4011 1820 4070 et
1834 4026 1961 4070 consue

1173 4104 1296 4166 tudinis
1315 4102 1423 4176 nobis,
1446 4118 1485 4165 ac
1510 4103 1760 4165 successoribus
1782 4106 1959 4176 nostriset

1172 4201 1325 4262 Cataceu.
1338 4199 1488 4262 ecclesiae
1505 4215 1716 4262 reservamus
1729 4201 1763 4262 in
1777 4201 1852 4278 ipsa
1867 4203 1958 4264 eccla·

1173 4298 1223 4360 sia
1233 4297 1429 4359 Sanctorum
1437 4297 1550 4357 Trium
1564 4299 1758 4370 Puerorum,
1767 4298 1800 4360 et
1810 4299 1959 4360 tenimen-

1172 4394 1215 4456 tis
1238 4410 1277 4456 ac
1293 4393 1503 4471 pertinentiis
1530 4397 1614 4471 ejus,
1635 4395 1757 4471 praeter
1779 4397 1956 4456 orationum

1172 4493 1359 4553 vestrarum
1378 4490 1601 4569 participium,
1619 4494 1652 4553 et
1667 4507 1814 4553 annuum
1832 4509 1956 4554 censum
2032 4465 2033 4508 Τ

1173 4588 1269 4650 dictae
1287 4589 1386 4650 unius
1407 4588 1515 4650 unciae
1539 4589 1625 4660 auri,
1651 4589 1709 4649 sed
1728 4591 1839 4650 omnia
1856 4589 1955 4667 plene,

1174 4685 1289 4758 libere,
1306 4687 1339 4750 et
1359 4685 1509 4749 absolute
1527 4685 1709 4760 offerimus,
1726 4683 1853 4758 damus,
1866 4688 1956 4763 atque

1174 4783 1384 4845 concedimus
1408 4781 1513 4855 vobis,
1531 4787 1563 4844 et
1582 4782 1830 4844 successoribus
1843 4783 1956 4844 vestris

1173 4882 1208 4942 in
1223 4882 1418 4960 perpetuum
1433 4880 1474 4941 ad
1489 4895 1583 4956 opus,
1600 4882 1636 4942 ut
1655 4879 1811 4952 diximus,
1826 4885 1858 4941 et
1880 4879 1954 4940 sub-

1173 4979 1373 5050 ventionem,
1403 4978 1742 5056 sustentationemque
1774 4978 1956 5040 monasterii

1174 5076 1373 5152 aquaevivae,
1394 5091 1466 5151 quae
1484 5073 1651 5152 quondam
1667 5076 1857 5137 monacaria
1879 5076 1956 5136 dicta

1174 5171 1959 5251 est.Deceruimusequidemattentissimeprobi·
2032 5167 2033 5184 ¹

1174 5269 1300 5343 bentee,
1313 5271 1348 5332 ut
1358 5269 1442 5332 nulli
1457 5270 1497 5332 de
1508 5270 1755 5332 successoribus
1768 5272 1897 5344 uostris,
1907 5275 1957 5332 aul

1173 5369 1214 5430 de
1228 5370 1381 5431 (latacen.
1396 5369 1552 5445 capitulo,
1565 5368 1664 5432 liceat
1678 5385 1739 5446 pro
1754 5367 1806 5430 bis
1819 5369 1957 5430 omnibus

1173 5468 1354 5544 apraelat0,
1380 5465 1432 5528 vel
1462 5464 1619 5526 iratribus
1643 5465 1748 5542 ipsius
1778 5468 1956 5552 nronaslerii
