4234 6442
347 317 406 379 499
968 315 1144 377 HON0n11
1165 317 1209 376 111
1231 317 1378 379 OPERA.
1968 323 2016 382 101

386 474 595 538 Venerabilis
610 474 713 536 trater
727 477 840 536 noster
852 475 1047 536 oxomensis
1062 475 1146 552 epis·
1200 473 1339 548 ceditur,
1356 490 1416 552 per
1430 473 1515 552 quod
1538 475 1587 538 sic
1602 477 1816 553 procuratur
1832 477 1947 540 divini
1966 497 2017 541 11-

347 591 449 653 copus
461 575 496 634 in
512 573 625 635 nostra
640 572 811 650 proposuit
825 574 1001 650 praesentia
1015 574 1144 635 consti·
1200 572 1299 634 minis
1321 573 1439 645 cultus,
1457 573 1490 634 et
1501 572 1667 650 proiectus
1690 574 1875 652 quaeritur
1896 577 2017 638 auima-

346 675 448 744 tutus‚
475 673 560 751 quod
583 687 684 748 quum
708 671 808 733 clarae
835 673 1003 734 memoriae
1027 675 1065 734 A.
1084 688 1145 734 rex
1199 685 1284 742 rum,
1299 671 1334 732 ut
1344 686 1386 732 ex
1396 671 1459 732 boc
1472 671 1556 731 nulli
1569 671 1813 748 praejudicium
1826 677 2015 749 generetur.

348 771 498 834 castellae
511 770 586 841 sibi,
605 771 637 831 et
651 770 802 832 ecclesiae
815 786 884 831 suaa
898 770 1012 832 villam
1029 785 1147 847 quam·
1200 769 1284 828 Hinc
1293 768 1343 829 est
1353 767 1438 845 quod
1449 769 1569 830 vestris
1580 770 1645 846 piis
1655 770 1826 847 precihus
1839 769 2015 846 benignum

347 869 422 930 dam
436 884 509 947 qum
530 868 653 930 dicitur
676 869 814 939 onoma,
835 884 910 929 cum
936 867 1146 944 pertinentiis
1200 866 1426 943 impertientes
1455 881 1648 940 assensum,
1680 869 1905 930 auctoritate
1928 869 2014 930 robis

348 968 429 1038 suis,
443 965 478 1026 in
495 965 611 1028 ultima
624 965 793 1027 voluntate
808 965 961 1041 legasset,
978 965 1056 1042 quia
1071 980 1147 1026 exe·
1201 963 1414 1040 praesentium
1429 963 1653 1041 indulgemus,
1670 967 1706 1026 ut
1723 981 1843 1043 quum
1859 968 2013 1042 generale

348 1067 480 1126 autores
505 1063 693 1126 testamenti
717 1065 807 1139 regis
831 1063 978 1141 ejusdem
1007 1062 1145 1139 signatae
1201 1063 1299 1124 terrae
1328 1061 1429 1122 luerit
1453 1062 1682 1134 interdictum,
1711 1063 1827 1124 liceat
1859 1063 2013 1124 iratribus

349 1163 413 1224 sibi
428 1161 625 1222 differebant
638 1161 801 1230 eamdem,
817 1161 889 1238 ipse
904 1164 1019 1224 contra
1032 1177 1089 1223 eos
1105 1159 1146 1220 11
1201 1157 1394 1220 monasterii
1407 1158 1510 1220 vestri
1519 1159 1555 1219 in
1569 1159 1778 1236 prioratibus
1797 1158 1951 1220 subditis
1971 1160 2015 1220 ei-

349 1261 493 1338 priorem
508 1260 674 1334 Tutelaui,
693 1261 725 1322 et
744 1260 935 1338 conjudices
955 1275 1033 1321 suos
1052 1259 1144 1320 litte·
1202 1255 1275 1317 dem
1300 1256 2013 1332 11111111111111111111111,111111111-

348 1375 404 1420 ras
419 1358 619 1436 apostolicas
641 1359 844 1434 impetravit,
864 1358 897 1419 et
919 1358 1075 1434 quoniam
1096 1356 1147 1416 illi
1202 1353 2010 1430 uuis,uonpulsatiscampanis,excommuuicatis

349 1457 441 1518 citati
476 1456 698 1533 peremptorie
724 1455 765 1516 ab
796 1456 921 1518 eisdem
955 1469 1148 1532 comparere
1203 1450 1437 1512 etuominatim
1452 1451 1638 1512 interdictis
1649 1451 1819 1523 exclusis,
1834 1466 2011 1527 suppressa

350 1568 460 1616 coram
478 1553 582 1630 priori
602 1553 714 1614 Sancti
732 1553 907 1625 Dominici,
929 1553 962 1614 et
976 1551 1148 1628 conjudice
1195 1546 2007 1624 ’1111111111111111111111111.Ν11111131,111.;

351 1668 411 1713 suo
427 1650 650 1726 subdelegatis
665 1651 705 1711 ab
721 1651 802 1727 ipsis
818 1650 1033 1728 pertinaciter
1047 1665 1147 1710 recu-

350 1749 494 1810 sabant:
519 1748 622 1810 iidem
648 1747 853 1824 subdelegati
873 1747 913 1809 de
941 1747 1093 1820 consilio
1116 1746 1148 1807 et

349 1845 504 1908 mandato
520 1845 754 1922 praedictorum
767 1846 1004 1922 delegatorum,
1022 1860 1096 1906 eum
1112 1843 1147 1903 in

350 1942 595 2019 possessionem
614 1943 703 2004 villae
723 1943 890 2020 praedictae
911 1957 1012 2004 causa
1037 1942 1149 2002 custo-

351 2039 414 2100 diae
428 2040 641 2102 induxerunt.
657 2041 720 2101 Sed
743 2040 878 2118 propter
892 2039 1072 2116 potentiam
1086 2053 1148 2100 cu-

314 2129 315 2132 ’
342 2136 481 2214 1111111
491 2136 623 2208 nobilis
637 2138 694 2213 qui
704 2153 777 2198 eam
792 2136 949 2209 detentat,
964 2152 1031 2196 nou
1041 2135 1149 2212 potuit

351 2233 507 2295 retinere.
525 2235 567 2296 Ut
581 2235 684 2310 igitur
702 2233 833 2310 justitia
847 2233 959 2294 vincat
973 2231 1145 2304 malitiam,

351 2328 544 2391 discretioni
575 2329 695 2392 vestrae
725 2345 784 2406 per
810 2328 998 2406 Apostolica
1025 2327 1147 2404 scripta

350 2426 558 2496 mandamus,
582 2427 756 2504 quatenus,
781 2427 809 2488 si
836 2427 886 2488 est
905 2427 963 2495 ita,
985 2425 1050 2486 nisi
1070 2441 1147 2503 pars

350 2523 456 2585 altera
471 2509 557 2586 inira
575 2540 699 2585 annum
714 2524 863 2598 veniens,
888 2523 974 2602 quod
988 2524 1068 2585 tunc
1082 2539 1147 2598 pa-

350 2621 435 2684 rebit
454 2620 608 2683 idoneam
637 2623 794 2699 praestata
814 2622 978 2695 cautione,
1000 2637 1043 2682 ex
1068 2622 1147 2683 tuuc

349 2718 459 2795 ipsum
477 2735 556 2780 vere
578 2736 802 2796 possessorem
822 2720 1003 2780 secundum
1025 2718 1147 2780 statuta

349 2815 518 2891 generalis
531 2817 671 2877 Consilii
681 2818 882 2893 J'udicanteS,
896 2834 971 2877 eum
990 2817 1025 2876 iu
1041 2816 1147 2893 ipsam

350 2929 425 2973 curn
448 2913 658 2991 pertinentiis
675 2913 743 2974 suis
764 2913 983 2990 corporaliter
1003 2912 1146 2974 induca-

349 3010 404 3080 tis,
428 3010 461 3071 11
479 3009 663 3071 defendatis
678 3009 868 3082 inductum,
888 3009 1147 3072 contradictores

350 3121 411 3183 per
434 3121 609 3168 censuram
632 3107 897 3168 Ecclesiasticam
924 3105 1147 3184 appellatione

352 3203 536 3281 postposita
563 3203 812 3282 compescendo.
836 3206 949 3266 Testes
975 3221 1065 3276 vero,
1091 3205 1147 3282 qui

349 3297 485 3363 luerunt
497 3302 658 3364 nominati
671 3301 699 3362 si
713 3318 750 3363 se
762 3303 871 3379 gratia
885 3302 954 3375 Dei,
967 3302 1019 3364 vel
1028 3303 1147 3363 timore

350 3395 586 3472 subtraxerint,
610 3413 864 3477 percensuram
886 3400 1047 3472 eamdem,
1068 3415 1146 3460 ces·

349 3496 443 3558 sante
457 3497 692 3575 appellatione,
708 3498 833 3574 cog-atis
848 3497 981 3559 veritati
997 3497 1148 3559 testimo-

350 3593 441 3654 nium
456 3595 643 3672 perbibere,
657 3611 724 3656 uon
740 3594 890 3657 obstante
910 3595 1147 3656 constitutione

349 3692 488 3753 concilii
499 3692 677 3767 generalis,
691 3708 755 3769 qua
771 3693 907 3754 cavetur
917 3708 958 3753 ne
972 3691 1046 3769 quis
1060 3691 1146 3752 ultra

270 3865 276 3878 ⁴
349 3787 431 3848 duas
447 3789 563 3850 diaetas
578 3791 673 3850 extra
689 3805 783 3852 suam
798 3789 967 3850 dioecesim
982 3805 1042 3866 per
1056 3788 1148 3850 litte-

349 3900 405 3945 ras
420 3885 627 3962 Apostolicas
642 3886 684 3946 ad
700 3885 864 3963 jndicium
879 3886 968 3947 trabi
982 3885 1096 3963 possit,
1115 3885 1147 3948 11

350 3979 458 4042 sinon
474 3997 588 4044 omnes
603 3982 656 4044 bis
669 3983 890 4059 exsequendis
908 3983 1080 4059 potueritis
1093 3983 1147 4043 in-

350 4082 488 4152 teresse,
510 4080 545 4141 11
569 4079 674 4142 frater
688 4080 853 4158 episcope,
874 4096 948 4141 cum
965 4080 1147 4145 11111111-

349 4177 432 4248 tero,
448 4193 521 4256 quae
538 4177 743 4240 inchoamini
755 4178 960 4256 exsequaris.

389 4277 507 4337 Datum
523 4276 693 4338 Ferentini
710 4276 826 4338 octavo
841 4277 916 4337 idus
937 4275 1143 4355 septembris,

350 4373 560 4448 pontificatus
575 4375 681 4437 nostri
696 4389 784 4436 anno
800 4375 955 4438 secundo.

673 4605 820 4692 XXVII

407 4777 460 4837 Ad
473 4769 628 4836 ’11111111
642 4775 678 4837 11
692 4775 897 4836 conventum
911 4778 1084 4837 Dotenses.

641 4897 658 4955 9
677 4904 749 4971 sept.
773 4897 852 4954 1217.

383 5025 491 5090 [nagan.
505 5022 553 5074 lib.
570 5022 599 5081 ll,
613 5022 686 5087 epist.
701 5022 825 5074 1311111.
838 5023 1109 5088 lmPortedu'l'beil.]

381 5153 439 5208 Eos
453 5148 553 5206 eximit
568 5146 603 5205 ab
613 5147 763 5205 interdicto
778 5146 907 5222 generali
918 5162 1109 5221 quocumque.

387 5294 566 5366 Honorius,
597 5295 674 5363 etc„
704 5292 834 5355 dilectis
866 5291 945 5356 liliis
975 5291 1086 5354 abbati
1115 5295 1147 5354 11

348 5391 527 5454 conventui
542 5391 737 5452 monasterii
747 5390 861 5452 bolen.

388 5488 423 5549 ld
442 5503 502 5550 nec
517 5489 641 5566 petitur
660 5487 819 5566 improbe,
837 5503 897 5550 nec
912 5487 1048 5566 indigue
1066 5502 1148 5550 con-

1203 1647 1325 1707 nostrae
1340 1645 1576 1719 concessionis,
1590 1647 1651 1707 111.
1666 1647 1701 1707 81
1714 1647 1796 1723 quis
1811 1647 1943 1716 autem,
1954 1647 2007 1704 etc.

1203 1745 1322 1807 Datum
1338 1741 1454 1817 Alatri,
1472 1743 1586 1820 quinto
1604 1743 1677 1804 idus
1690 1743 1915 1822 septembris,
1930 1757 2005 1804 auno

1203 1840 1359 1902 secundo.
1494 1849 1500 1860 ¹

1516 1997 1686 2086 XXVIII

1287 2169 1340 2228 Ad
1353 2169 1510 2229 11111111
1528 2168 1734 2230 monasterti
1748 2171 1933 2231 molestam.

1497 2300 1515 2357 9
1533 2307 1606 2373 sept.
1624 2301 1703 2358 lili.

1233 2423 1354 2488 [Reqast.,
1367 2423 1411 2474 lib.
1425 2424 1456 2486 ll,
1466 2423 1540 2488 epist.
1551 2423 1607 2474 131.
1621 2425 1679 2475 llas.
1690 2425 1728 2475 La
1741 2425 1826 2474 Porta
1836 2423 1873 2473 du
1887 2421 1974 2481 Theti]

1203 2540 1775 2599 1111111111111111111111111111111
1792 2537 1961 2597 absolvendi
1968 2534 1997 2592 ab

1299 2630 1596 2688 excommunicatione
1611 2629 1641 2688 S.
1657 2628 1723 2687 8111
1738 2636 1907 2686 reservata.

1242 2757 1421 2828 Honorius,
1447 2757 1523 2829 etc„
1553 2755 1672 2818 dilecto
1693 2755 1764 2816 lilio
1791 2753 1994 2816 1111111111-

1202 2854 1341 2918 11111111
1351 2854 1467 2916 Doleu.

1242 2953 1347 3024 Quum
1361 2952 1531 3027 contingat
1543 2949 1711 3016 interdum
1726 2951 1762 3011 ut
1777 2946 1935 3016 monachi
1952 2943 1991 3004 lui

1202 3050 1386 3112 incidentes
1407 3050 1443 3110 in
1469 3065 1630 3113 canonem
1654 3048 1833 3110 senteutiae
1856 3041 1990 3123 promul-

1201 3149 1287 3224 gatae
1321 3163 1381 3225 pro
1416 3145 1634 3208 absolutionis
1664 3145 1830 3207 beneflcio
1871 3159 1891 3203 a
1920 3137 1989 3200 Sede

1202 3245 1391 3322 Apostolica
1406 3243 1585 3307 obtinendo
1600 3243 1635 3305 in
1658 3259 1798 3304 suarum
1823 3237 1988 3316 evagentur

1202 3342 1386 3419 periculum
1407 3342 1605 3415 animarum,
1631 3342 1664 3403 et
1683 3340 1820 3402 onerosi
1848 3337 1987 3398 1111111-

1201 3440 1348 3502 nasterio
1375 3439 1499 3504 eisdem
1523 3439 1672 3516 sumptus
1701 3438 1776 3510 viae,
1805 3451 1905 3515 quum
1931 3443 1983 3491 ucu

1202 3537 1347 3600 babeant
1361 3537 1507 3616 propria,
1529 3536 1748 3608 ministranti,
1761 3552 1826 3601 nos
1841 3535 1983 3596 eteorum

1202 3634 1314 3708 saluti,
1335 3635 1368 3696 et
1390 3634 1526 3696 utilitati
1550 3632 1701 3711 ejusdem
1722 3627 1916 3694 monasterii
1935 3638 1983 3700 pa-

1201 3732 1297 3794 terna
1311 3731 1460 3794 volentes
1475 3731 1698 3793 sollicitudine
1711 3729 1899 3807 providere,
1912 3736 1983 3801 prae·

1201 3830 1345 3892 sentium
1359 3829 1420 3896 tibi
1432 3829 1629 3891 auctoritate
1645 3827 1870 3895 concedimus,
1888 3823 1919 3884 ut
1932 3817 1978 3883 eis,

1201 3929 1375 4006 postquam
1389 3927 1497 4004 passis
1507 3926 1665 4004 iujuriam
1676 3923 1899 3988 satisfecerint
1908 3930 1981 3978 com·

1201 4024 1363 4102 petenter,
1375 4023 1473 4102 juxta
1491 4023 1632 4086 sormam
1646 4023 1805 4084 Ecclesiae
1825 4011 1976 4094 impendas

1201 4119 1421 4183 absolutionis
1446 4119 1644 4182 beneficium
1671 4119 1745 4182 rice
1776 4117 1900 4185 nostra,
1926 4102 1978 4167 nisi

1201 4217 1315 4283 forsan
1347 4216 1535 4294 aliquorum
1572 4232 1731 4279 excessus
1766 4216 1852 4278 adeo
1883 4202 1976 4284 gralli

1202 4314 1372 4386 existeret,
1400 4316 1433 4377 11
1461 4315 1616 4387 enormia,
1643 4313 1729 4392 quod
1751 4311 1868 4375 merito
1887 4297 1977 4402 esseut

1201 4411 1240 4473 ad
1259 4412 1377 4473 Sedem
1390 4411 1612 4489 Apostolicam
1626 4410 1827 4481 destinandi,
1844 4403 1942 4482 utpote
1952 4409 1973 4452 sr

1201 4510 1288 4572 esset
1302 4509 1343 4570 ad
1359 4507 1584 4571 membrorum
1602 4508 1845 4570 mutilationem
1858 4509 1973 4582 proces-

1201 4625 1285 4680 sum,
1307 4623 1367 4669 seu
1387 4623 1505 4670 manus
1527 4607 1651 4686 injecta
1674 4607 1709 4668 in
1735 4607 1916 4684 episcopum
1933 4585 1973 4650 iel

1201 4703 1364 4776 abbatem,
1379 4704 1537 4782 praesenti
1551 4705 1672 4782 pagiua
1688 4712 1892 4782 nequaquam
1905 4687 1973 4790 ultra

1200 4801 1381 4865 triennium
1398 4801 1554 4864 valitura.
1571 4801 1788 4864 concedimus
1804 4800 1897 4862 etiam
1912 4787 1971 4847 uisi

1201 4916 1316 4962 eorum
1331 4899 1434 4976 aliqui
1452 4900 1729 4962 excommunicati
1743 4898 1879 4960 forsitan
1899 4883 1970 4948 cele·

1201 4998 1340 5071 brariut,
1358 5014 1432 5060 cum
1447 4997 1529 5074 ipsis
1544 4999 1659 5060 nostra
1674 4995 1779 5059 fultus
1800 4979 1969 5058 auctoritate

1201 5095 1387 5173 dispenses
1404 5095 1553 5174 injuncta
1577 5097 1626 5158 eis
1647 5094 1841 5173 poenitentia
1859 5089 1969 5185 comit·

1200 5193 1293 5257 tenti.
1319 5192 1412 5254 Nulli
1435 5208 1532 5270 erge,
1559 5195 1634 5267 etc,
1661 5193 1785 5256 nostrae
1809 5185 1968 5254 coucesfflO·

1202 5291 1265 5363 nis,
1282 5291 1343 5352 etc.
1363 5289 1398 5352 Si
1415 5291 1491 5368 quis
1510 5293 1632 5364 autem,
1649 5292 1712 5353 etc.
1936 5365 1941 5377 Ι

1241 5391 1358 5451 Datum
1391 5390 1513 5464 Alatri,
1542 5390 1657 5470 quinto
1686 5387 1761 5452 idus
1787 5372 1964 5464 septembre»

1201 5487 1456 5550 annosecundo.
1538 5475 1541 5484 ’

2063 5825 2065 5906 l
