4104 6392
335 233 393 291 827

950 223 1126 310 ironcnu
1148 221 1193 284 ιιι
1216 201 1380 282 ulman(

1804 249 1807 254 ’
1926 231 1980 288 828

328 391 405 462 tari,
424 390 527 452 lassos
551 387 782 464 languidorum
804 386 897 446 artus
911 383 1124 448 lectisterniis
1161 381 1295 442 'nostro
1310 385 1420 459 posset
1434 381 1571 460 emergi,
1583 385 1775 462 persolvere
1788 389 1977 457 teneantur,

330 487 499 563 uariisque
514 485 661 546 ciborum
676 483 780 558 copiis
794 481 899 550 retici,
920 481 1124 543 mortuorum
1179 480 1214 541 et
1225 479 1266 540 ab
1275 479 1427 540 omnibus
1438 481 1637 557 supradictis
1645 483 1679 544 et
1690 484 1826 544 caeteris
1835 485 1980 544 servitiis

330 601 469 662 corpora
487 597 561 642 eum
575 579 685 642 debita
698 579 915 642 veneratione
930 578 1077 654 sepeliri,
1093 579 1126 638 et
1180 575 1246 637 sint
1258 575 1355 636 liberi
1370 579 1402 638 et
1415 577 1591 638 immunes.
1601 579 1682 638 Cum
1696 580 1815 655 igitur,
1828 597 1908 657 quae
1921 583 1980 641 Deo

270 671 275 680 ’
330 683 367 744 ut
391 682 425 741 in
449 693 569 755 genere
596 677 805 752 singulorum
822 675 1025 748 referamus,
1052 689 1125 752 qum
1180 673 1257 734 data
1272 675 1358 744 sunt,
1386 673 1502 735 sancta
1530 675 1599 736 sint
1616 676 1649 736 et
1670 675 1934 748 inrevocabilis,
1952 685 1981 738 ut

329 794 390 858 per
418 776 549 852 singula
563 789 722 850 generum
736 789 896 834 enarrare
921 789 987 834 non
1007 787 1127 849 possu-
1180 770 1333 832 horuma
1360 770 1457 832 nobis
1473 772 1594 833 divtnae
1606 773 1741 849 pietatis
1756 774 1892 835 intuitu
1907 775 1983 834 deli-

330 890 415 944 mus,
432 875 467 934 ut
481 873 622 934 Mariam
638 873 671 933 et
684 870 848 933 Martbanr
864 869 1126 932 sacratissimum
1179 866 1352 929 beratione
1385 868 1533 944 legitima
1560 869 1647 930 sacta
1678 870 1819 931 donatio
1852 872 1982 942 nostris,

331 970 517 1047 sepedictae
528 969 644 1030 domus
659 969 834 1046 hospitahs
849 967 1023 1044 collegium
1039 982 1126 1028 nunc

328 1067 435 1129 variis
445 1068 585 1128 sincerae
600 1066 887 1142 contemplationis
895 1063 1009 1126 usibus
1023 1065 1127 1126 inten-

1181 967 1984 1044 nostrrirumquasuccessorumtemporihussalra

1181 1063 1985 1140 semperetinconcussapermaneatpraesentem

330 1161 419 1232 dere,
436 1177 524 1222 nunc
538 1161 651 1222 contra
667 1161 727 1221 Dei
743 1159 952 1221 adversarios
966 1163 999 1220 et
1013 1159 1124 1220 hostes
1180 1161 1214 1220 et
1227 1159 1328 1219 aliam
1351 1159 1392 1220 ad
1413 1159 1649 1221 abundantiam
1675 1160 1818 1237 majoris
1852 1161 1986 1222 cautela

330 1258 438 1322 crucis
453 1257 585 1328 Christi,
600 1257 759 1318 adversus
782 1257 882 1318 etiam
896 1251 1054 1317 Amalech
1074 1255 1127 1316 in-

330 1353 483 1418 cessabili
498 1355 651 1430 perlectae
666 1353 793 1416 militiae
806 1353 1012 1416 condictude
1026 1353 1125 1414 disin

330 1452 417 1516 diem
444 1451 614 1514 dimicare.
644 1452 713 1512 Nos
745 1449 849 1527 igitur
877 1450 1126 1512 deliberationis

330 1548 447 1612 debitae
474 1549 514 1610 ad
543 1548 677 1626 plenum
706 1547 948 1620 deliberantes,
977 1549 1126 1624 nutuque

330 1645 442 1708 diuino
458 1644 712 1720 magnificentiae
733 1645 856 1720 regalis
883 1644 1126 1720 eleemosynam

329 1758 493 1819 nusquam
502 1741 704 1804 fructuosius
714 1759 811 1819 posse
822 1741 979 1804 collocari
992 1755 1128 1816 cognos-

330 1841 453 1912 centes,
471 1838 635 1916 praedictae
659 1841 782 1902 sanctae
813 1838 925 1901 domui
953 1837 1127 1915 hospitalis

330 1937 436 2000 sancti
447 1937 611 2000 iohannis
625 1937 665 1998 de
678 1937 874 2008 Jerusalem,
891 1938 923 1997 et
934 1935 1029 1998 tratri
1044 1939 1128 1998 Gua-

329 2035 404 2095 rino
419 2034 459 2094 de
468 2036 694 2106 Monteacuto,
705 2034 953 2111 tnnctemporis
968 2033 1127 2109 magistro

1181 1255 1335 1333 paginam
1344 1255 1985 1332 sigillinostri,auraaeuidelioetbulla.

1181 1353 1350 1414 caractere
1365 1353 1503 1414 lecimus
1524 1353 1676 1415 roborari
1690 1375 1699 1413 z
1715 1370 1872 1430 quarum
1897 1369 1987 1414 unam
2033 1437 2034 1442 ἵ

1181 1449 1294 1510 domui
1317 1449 1491 1528 hospitalis
1520 1451 1703 1512 interram
1730 1451 1850 1527 Syriae
1887 1451 1988 1511 tradi-

1158 1537 1314 1622 'dimus;
1343 1547 1506 1626 reliquam
1532 1562 1612 1609 vero
1634 1551 1845 1624 presentem
1869 1549 1990 1609 sedicet

1182 1646 1303 1706 nostra
1314 1645 1517 1721 posteritatis
1532 1645 1988 1720 ostensuraminflungena:

1182 1744 1217 1803 ut
1232 1741 1313 1802 lidos
1340 1741 1510 1802 donationi
1533 1743 1655 1804 nostrae
1670 1742 1918 1813 adhiberetur,
1940 1743 1990 1802 do-

1182 1839 1250 1900 mui
1268 1839 1447 1916 Hospitalis
1474 1839 1609 1914 dignum
1633 1839 1797 1900 duximus
1818 1841 1991 1900 transmitt-
2033 1857 2034 1860 ¹

1182 1937 1314 1998 tendam
1331 1937 1392 1998 etc.
1407 1935 1604 2013 (utsupra).

1221 2034 1313 2094 Nulli
1328 2049 1420 2110 erge,
1437 2035 1499 2096 etc.
1524 2035 1642 2096 Datum
1661 2035 1843 2106 Laterani,
1868 2037 1916 2095 vt
1930 2035 1986 2095 kal.

330 2130 427 2192 dictae
444 2131 566 2192 sanctae
589 2132 717 2202 domus,
741 2133 774 2192 et
798 2131 955 2192 iratribus
979 2131 1127 2207 ejusdem
1178 2130 1267 2208 julii,
1285 2131 1495 2208 pontificatus
1510 2131 1615 2192 nostri
1633 2146 1722 2192 anno
1737 2131 1915 2194 secundo.

331 2227 457 2297 domus,
476 2227 692 2303 presentibus
707 2229 740 2290 et
761 2227 892 2300 suturis,
904 2227 944 2288 ad
958 2243 1055 2289 omne
1070 2231 1127 2305 jus

330 2325 1125 2402 etproprietatem,etadomnemjurisdictionem,

330 2422 364 2483 et
399 2421 558 2484 honorem
586 2423 620 2483 et
655 2423 897 2498 possessionem
934 2424 1126 2500 perpetuam

227 2579 231 2588 ,
329 2518 496 2596 praedictas
512 2519 638 2589 domus,
650 2519 808 2582 tributum
824 2522 923 2582 Porta
934 2521 973 2582 de
983 2523 1124 2597 Supran,

331 2615 416 2692 quod
437 2616 627 2678 nominatur
653 2615 796 2688 Bobech,
814 2617 988 2694 quamdam
1002 2619 1127 2680 terram

329 2715 517 2776 nostrorum
554 2712 785 2782 subulcorum,
820 2715 916 2786 idest,
958 2715 1126 2790 pastorum

328 2819 503 2886 porcorum
519 2817 717 2881 nostrorum,
729 2825 802 2887 quaa
817 2813 868 2872 est
880 2813 968 2872 inter
982 2815 1126 2874 Dravam

329 2907 362 2968 et
387 2907 549 2983 Chergon
580 2907 734 2970 videlicet
759 2909 1033 2970 conterminatam
1049 2925 1128 2986 pos·

330 3004 471 3068 sessioni
487 3004 602 3068 domus
611 3005 808 3081 saepedictae,
823 3021 896 3081 quae
906 3005 1124 3080 estChergou,

329 3115 404 3162 cum
419 3101 488 3160 suis
502 3101 596 3162 metis
618 3103 650 3162 et
661 3100 813 3162 terminis
830 3103 862 3163 et
876 3101 1079 3173 nemoribus,
1095 3102 1129 3165 et

330 3213 405 3259 cuni
430 3197 583 3260 omnibus
604 3197 674 3260 suis
698 3198 908 3274 pertinentiis
928 3197 1127 3260 contulimus

329 3293 1126 3370 inperpetuumpossidenda.concessimusetiam

328 3390 529 3454 liberalitate
542 3390 647 3466 regia,
665 3392 826 3468 quantenus
842 3391 929 3452 sales
942 3408 1031 3464 suos,
1050 3392 1126 3454 ubi-

328 3501 468 3564 cumque
505 3487 654 3550 locorum
690 3489 785 3563 regni
813 3489 919 3550 nostri
949 3490 1125 3561 voluerint,

234 3575 236 3581 ’
327 3583 427 3646 etiam
460 3599 565 3666 usque
592 3584 755 3656 Dravam,
786 3586 934 3663 exceptis
961 3586 1125 3658 confiniis,

326 3679 431 3740 libere
446 3681 478 3742 et
492 3681 653 3754 absolute,
664 3682 696 3743 et
709 3682 782 3743 sine
797 3683 887 3744 omni
901 3682 1026 3745 tributo
1040 3700 1126 3746 uen-

328 3777 447 3840 ditioni
471 3778 600 3854 possint
624 3793 792 3854 exponere
813 3781 846 3842 et
861 3779 1010 3841 alienare
1031 3781 1127 3857 juxta

328 3889 442 3939 eorum
470 3874 637 3960 propriam
665 3875 880 3939 voluntatem.
910 3877 1128 3954 Praeeipimus

327 3970 465 4046 insuper
479 3971 570 4046 regia
586 3971 795 4045 auctoritate,
811 3987 852 4034 ne
865 3973 1019 4050 cuiquam
1030 3976 1126 4052 jndi-

328 4083 403 4128 cum
433 4067 531 4130 liceat
551 4067 703 4130 homines
727 4068 843 4131 domus
858 4071 1024 4147 praedictae
1035 4072 1128 4148 judi-

327 4179 415 4236 care,
433 4181 493 4226 nec
508 4166 668 4242 ineliquo
679 4166 858 4239 offendere,
870 4167 923 4232 vel
936 4169 1124 4242 molestare,

327 4262 394 4332 nisi
408 4263 471 4326 soli
483 4263 599 4339 judici,
612 4279 710 4342 quem
724 4264 817 4340 regia
830 4264 1030 4330 stabiliverit
1036 4267 1127 4328 beni·

327 4359 435 4434 gnitas
459 4376 466 4421 :
491 4360 575 4436 quod
592 4359 620 4420 si
634 4360 719 4422 sorte
735 4361 886 4425 homines
901 4361 997 4424 dictae
1010 4363 1125 4424 domus

327 4453 496 4516 abeodem
511 4457 623 4531 judice
639 4457 672 4516 in
696 4456 807 4533 aliquo
828 4462 1057 4534 grauarentur,
1083 4459 1125 4522 ad

328 4553 534 4630 majestatem
550 4553 650 4628 regiae
666 4552 873 4616 celsitudinis
899 4555 1043 4618 habeant
1065 4573 1125 4620 re·

328 4664 460 4710 cursum
476 4670 483 4707 ι
496 4650 529 4710 et
539 4648 569 4708 si
581 4647 693 4724 aliqua
703 4651 867 4714 sententia
879 4652 947 4717 late
954 4652 1056 4717 luerit
1066 4669 1127 4730 per

327 4745 435 4822 ipsum
460 4746 575 4814 contra
600 4746 872 4816 consuetudinem
891 4749 1049 4824 regionis,
1066 4749 1127 4812 de-

326 4842 1123 4922 cernimus,utnullamefficaciampossithabere.

325 4941 486 5002 Volumus
501 4941 601 5002 etiam
617 4943 650 5004 et
664 4941 861 5010 auctoritate
876 4945 983 5020 regali
998 4945 1124 5008 condr-

326 5053 465 5110 mamus,
482 5039 517 5100 ut
532 5039 718 5116 sepedicta
740 5039 857 5102 domus
878 5041 1055 5119 hospitalis
1069 5044 1126 5105 ho·

325 5135 444 5207 mines,
470 5135 506 5196 in
529 5135 790 5214 quibuscumque
808 5139 958 5215 partibus
983 5144 1016 5202 et
1041 5156 1124 5204 con-

325 5233 415 5296 llniis
433 5233 614 5308 Hungariae
639 5237 892 5308 commorantes,
916 5253 978 5300 nec
1001 5237 1124 5300 liberos

326 5331 481 5394 denarios
505 5330 557 5390 vel
579 5331 735 5406 pondera,
754 5347 817 5396 nec
843 5333 1048 5408 descensum,
1063 5351 1124 5400 nec

325 5427 425 5490 allam
441 5427 647 5504 publicorum
669 5429 882 5506 vectigalium
901 5433 1122 5507 exactionem,

325 5538 398 5599 que
424 5525 536 5601 aliquo
564 5541 645 5588 casu
674 5525 729 5589 vel
757 5527 933 5592 occasione
958 5530 994 5590 in
1020 5545 1123 5606 regno

1483 2281 1672 2368 CCCXIII

1181 2417 1233 2476 Ad
1250 2414 1456 2490 magistrum
1470 2415 1504 2474 et
1517 2413 1649 2486 fratres
1666 2417 1794 2477 domus
1809 2417 1988 2490 Ιιοερίειιιιι

1419 2511 1738 2584 Hierosolamitnnt.

1484 2623 1589 2694 aljan.
1610 2623 1688 2680 ltlss.

1307 2728 1436 2793 [Tbeinen
1447 2728 1515 2777 hon.
1526 2727 1667 2790 hungrrie,
1677 2729 1698 2787 1,
1712 2728 1754 2786 17,
1768 2743 1796 2779 n.
1809 2729 1870 2792 ἥ]

1180 2827 1317 2884 Αιιιιιιιιιιι
1330 2833 1443 2883 centurn
1464 2839 1625 2882 marcarum
1640 2827 1756 2898 agenti
1770 2826 1939 2897 redditum,
1957 2831 1986 2884 ab
2033 2829 2034 2910 1

1217 2913 1329 2972 andrea
1354 2927 1426 2987 rege
1452 2913 1607 2986 hungaria
1630 2914 1674 2970 eis
1698 2927 1898 2986 emensum,
1925 2931 1985 2974 cnu-
2033 2913 2034 2964 ι

1217 3003 1319 3060 firmat.

1222 3101 1390 3162 Honorius
1405 3101 1673 3178 episcopus,etc.,
1683 3100 1986 3166 dilecfisllliisma·
2033 3105 2034 3110 ’

1157 3255 1158 3270 2
1183 3199 1286 3272 gistro
1300 3199 1333 3260 et
1345 3197 1504 3260 tratribus
1522 3198 1637 3260 domus
1659 3198 1846 3275 hospitalis
1870 3202 1986 3262 Hiere—

1183 3295 1400 3372 solymitanae,
1417 3295 1568 3367 salutem,
1583 3297 1646 3356 etc.

1220 3395 1239 3454 J
1242 3393 1325 3454 ustis
1339 3393 1531 3468 petentium,
1548 3393 1610 3453 etc.
1624 3393 1826 3469 Eapropter,
1842 3396 1923 3466 etc„
1935 3411 1986 3456 us·

1182 3505 1246 3564 que
1257 3505 1408 3560 assensn,
1419 3504 1567 3550 annisum
1582 3491 1711 3551 centum
1721 3493 1924 3552 marcarum
1935 3507 1983 3552 ar-

1182 3587 1274 3662 genti
1296 3585 1460 3647 redditum
1490 3584 1585 3646 vobis
1613 3586 1654 3646 ad
1687 3603 1772 3663 opus
1807 3589 1982 3650 castellani

1182 3685 1216 3744 et
1239 3683 1380 3745 aliorum
1406 3680 1546 3744 fratrum
1569 3684 1757 3744 vestrorum
1786 3687 1981 3746 custodien-

1182 3781 1265 3841 tium
1281 3782 1426 3842 castrum
1442 3781 1600 3852 restrum
1620 3779 1706 3856 quod
1727 3783 1825 3844 Grati
1848 3783 1978 3852 dieitur,

1182 3878 1389 3939 acarissimo
1404 3877 1440 3938 in
1462 3877 1594 3939 Christo
1616 3877 1686 3938 tilio
1709 3880 1831 3940 nostro
1853 3881 1981 3941 andrea
2033 3871 2034 3918 ³

1180 3974 1304 4035 illustri
1320 3989 1398 4050 rege
1416 3973 1599 4048 Hungarhe
1618 3973 1907 4051 depravantibus
1926 3993 1980 4038 sa·

1181 4071 1262 4132 lium
1285 4087 1420 4132 suorum
1442 4071 1477 4132 in
1499 4070 1676 4132 Scolascbe
1696 4072 1752 4148 pia
1779 4071 1979 4136 liberalitate

1181 4184 1387 4238 concessum,
1402 4168 1489 4230 sicut
1502 4167 1594 4228 illum
1607 4169 1697 4244 J'uste
1710 4183 1751 4228 ac
1766 4171 1915 4245 pacifice
1933 4171 1980 4231 ob

1180 4266 1304 4338 tinctis,
1319 4267 1352 4327 et
1374 4266 1411 4332 in
1434 4265 1582 4343 ejusdem
1596 4265 1687 4342 regis
1703 4265 1828 4328 litteris
1851 4269 1977 4345 plenius

1180 4363 1377 4434 continetur,
1402 4362 1497 4424 vobis
1512 4363 1546 4423 et
1565 4376 1624 4438 per
1642 4377 1702 4426 vos
1723 4363 1840 4425 domui
1865 4370 1981 4426 vestra

1180 4461 1377 4524 auctoritate
1387 4459 1576 4536 apostolica
1590 4459 1840 4532 confirmamus,
1860 4465 1897 4524 et
1907 4478 1982 4540 prae·

1180 4558 1284 4619 sentis
1309 4557 1424 4634 scripti
1443 4556 1630 4633 patrocinio
1649 4559 1914 4620 communimus.
1937 4559 1982 4620 nd

1180 4659 1340 4731 majorem
1355 4657 1465 4716 autem
1480 4653 1531 4714 rei
1543 4653 1743 4716 evidentiam
1757 4653 1918 4718 tenorem
1929 4657 1983 4716 lit·

1180 4755 1325 4814 terarum
1338 4751 1487 4828 ipsarum
1503 4751 1544 4812 de
1558 4749 1658 4812 verbo
1670 4749 1866 4819 adverbum
1878 4755 1984 4830 jussi-

1180 4866 1253 4912 mus
1270 4847 1489 4926 presentibus
1502 4849 1667 4911 annotari.
1684 4849 1747 4920 Qui
1758 4849 1842 4910 talis
1857 4855 1936 4912 est:
2033 4859 2034 4866 ¹

1220 4951 1258 5010 In
1272 4948 1406 5008 nomine
1420 4948 1550 5008 Sanctae
1558 4945 1731 5016 Trinitatis
1745 4947 1780 5007 ot
1794 4947 1983 5011 individue

1180 5045 1327 5107 unitatis.
1359 5043 1510 5106 Andreas
1545 5042 1602 5106 Dei
1629 5043 1747 5120 gratiae
1776 5045 1984 5120 Hungan'ae.

1179 5143 1363 5215 Dalmatiae,
1375 5141 1527 5212 croatiae,
1540 5143 1665 5211 Ramae,
1676 5141 1814 5212 servin,
1830 5142 1981 5209 Gabba,

1179 5240 1447 5317 hodomircaeque
1460 5255 1521 5301 rex
1535 5239 1571 5300 in
1588 5238 1796 5315 perpetuum.
1805 5243 1835 5300 A
1846 5241 1983 5302 bannita

1179 5354 1245 5400 non
1260 5337 1425 5401 exorbitat
1444 5335 1621 5413 aequitatis,
1637 5349 1699 5398 uec
1714 5335 1831 5398 obviat
1843 5337 1985 5406 rationi,

1179 5437 1216 5497 ut
1234 5437 1303 5498 illis
1326 5435 1382 5513 qui
1406 5434 1571 5510 largitatis
1592 5448 1662 5494 suae
1681 5447 1804 5496 manus
1825 5436 1987 5512 copiosas

1179 5534 1308 5596 studeat
1327 5531 1519 5603 extendere,
1545 5529 1602 5607 gui
1620 5531 1656 5592 in
1681 5529 1800 5592 labore
1820 5547 1987 5594 manuum
