4104 6392
60 277 117 335 789

61 435 245 498 devotionis
266 437 377 500 tamen
392 439 515 502 nostrae
530 440 671 518 requirit
687 441 853 517 affectum,

60 532 99 591 ad
116 534 263 596 eamdem
279 551 340 596 nos
354 551 541 612 provocans
551 536 713 610 doctrina,
730 539 856 602 beneti-

60 630 120 690 ciis
134 631 165 691 et
178 631 349 709 exemplis,
367 633 397 694 si
411 649 476 712 quo
490 629 599 706 modo,
610 635 688 712 quid
701 652 857 698 remane·

58 729 109 788 ret
123 729 154 788 in
165 744 236 801 nos,
247 729 532 807 valeatreperire‚
541 733 765 808 praeveniente
777 750 856 812 gra-

58 826 103 885 tia
139 825 234 885 nobis
264 826 434 900 tribuens,
470 828 555 906 quod
592 831 738 894 coronet.
772 835 855 896 Ecce

57 923 218 998 siquidem
234 923 433 1000 frigescente
455 926 597 990 caritate
612 927 802 1002 multorum,
819 931 855 992 ut

55 1018 148 1080 illam
163 1023 410 1095 reaccenderet,
428 1023 516 1085 etad
537 1023 745 1087 devotionem
759 1043 853 1088 suam

56 1121 214 1196 populum
230 1123 436 1198 provocaret,
452 1121 569 1184 diebus
588 1123 772 1186 clementie
784 1141 853 1186 snae

54 1217 233 1279 thesauros
261 1220 402 1296 aperuit,
428 1219 600 1282 beatorum
630 1221 792 1288 Bonisacii
821 1226 854 1285 et

54 1315 166 1377 Alexii
190 1333 342 1394 corpora,
373 1334 447 1396 quae
473 1318 531 1385 diu
556 1319 733 1391 latuerant,
756 1336 855 1382 reve-

54 1413 166 1486 lando,
190 1430 232 1474 ne
244 1415 434 1491 hujusmodi
447 1415 585 1478 lucerna
599 1417 724 1480 diutius
734 1418 854 1481 lateret

55 1510 253 1584 submodio,
270 1513 326 1574 sed
341 1529 441 1590 super
459 1513 697 1576 candelabrum
713 1531 854 1594 ponere-

54 1610 119 1677 tur,
137 1611 173 1670 nt
190 1609 323 1672 domum
348 1611 612 1686 ingredientibus
633 1613 745 1674 lumen
764 1629 853 1691 prae-

54 1705 132 1766 beat
157 1707 453 1770 intercessionibus
468 1711 501 1771 et
514 1711 679 1789 exemplo.
707 1712 853 1774 Inventis

54 1803 159 1877 igitur
186 1805 222 1864 in
249 1807 453 1868 monasterio
480 1805 590 1870 vestro
620 1809 852 1886 praedictorum

53 1903 245 1962 sanctorum
272 1903 487 1980 pignoribus,
512 1921 573 1967 nos
606 1921 626 1966 a
657 1906 751 1968 vobis
778 1924 852 1968 cum

53 1998 157 2058 multa
172 1999 333 2060 instantia
358 2001 611 2078 supplicationis
639 2004 783 2076 invitati,
810 2005 849 2066 ad

52 2097 292 2156 monasterium
314 2096 423 2174 ipsum
446 2100 663 2174 accessimus,
684 2103 718 2162 et
736 2101 851 2162 eadem

53 2209 282 2268 corporatum
303 2194 492 2256 honorabili
516 2199 603 2258 coetu
620 2199 850 2276 episcoporum

53 2292 85 2351 et
99 2291 331 2360 cardinalium,
348 2293 525 2356 assistente
536 2295 683 2356 fidelium
699 2297 851 2358 multitu-

52 2388 130 2448 dine
146 2389 292 2466 copiosa,
309 2391 458 2467 ejusdem
482 2393 676 2454 monasterii
696 2395 852 2454 recondi-

53 2503 126 2544 mus
143 2486 177 2545 in
192 2486 291 2547 altari
306 2488 445 2563 majori;
471 2505 511 2550 ac
530 2490 704 2550 ecclesiam
723 2490 853 2567 ipsum·

53 2599 116 2658 que
133 2583 240 2644 altare
255 2585 354 2646 tertia
373 2585 458 2647 seria
481 2587 617 2663 majoris
637 2586 850 2648 hebdomadae

53 2681 199 2758 propriis
213 2681 365 2743 manibus
380 2685 659 2757 consecravimus,
674 2685 709 2746 in
722 2701 852 2746 eorum·

54 2779 128 2838 dem
145 2780 334 2841 sanctorum
354 2783 547 2842 memoriam
563 2783 596 2844 et
617 2783 777 2844 bonorem
790 2781 849 2862 (1).

96 2877 138 2937 Ut
154 2877 257 2952 igitur
272 2877 376 2955 ipsius
397 2879 546 2940 ecclesiae
565 2895 605 2940 ac
623 2880 741 2943 altaris
765 2896 849 2942 con-

54 2975 200 3035 secratio
216 2977 406 3038 veneranda
422 2977 563 3052 singulis
580 2977 677 3039 annis
700 2979 850 3040 devotius

53 3071 251 3144 celebretur,
275 3074 454 3146 universis,
480 3075 536 3151 qui
558 3075 599 3134 ad
624 3075 848 3137 celebritatem

50 3167 87 3228 in
100 3168 154 3228 die
165 3170 425 3231 consecrationis
436 3171 541 3248 ipsius
556 3170 672 3234 devote
683 3188 850 3234 convene-

48 3267 127 3337 rint,
145 3265 185 3327 de
200 3267 359 3344 injunctis
379 3267 443 3328 sibi
465 3268 667 3344 poenitentiis
691 3285 751 3345 pro
767 3287 848 3346 pec-

50 3363 148 3436 catiS,
189 3363 430 3438 indulgentiam
464 3364 685 3440 quadraginta
719 3365 848 3427 dierum

49 3461 274 3534 concedimus,
301 3461 340 3521 de
370 3461 604 3538 omnipotentis
629 3461 688 3524 Dei
716 3463 851 3525 miseri-

49 3559 173 3630 cordia,
191 3559 225 3620 et
237 3557 408 3620 beatorum
422 3559 513 3620 Petri
524 3561 556 3621 et
570 3561 667 3620 Pauli
680 3562 850 3638 apostolo·

48 3672 121 3716 rum
136 3659 210 3733 ejus
224 3656 421 3718 auctoritate
437 3657 554 3717 confisi
567 3655 626 3737 (2).

88 3755 126 3815 Et
142 3755 381 3816 monasterium
397 3755 505 3831 ipsum
521 3771 595 3815 cum
607 3755 759 3817 omnibus
775 3773 848 3834 quat

46 3850 349 3927 impraesentiarum
383 3851 628 3913 rationabiliter
660 3853 846 3930 possideat,

46 3951 105 4010 aut
127 3948 162 4008 in
179 3947 325 4008 lutrarum
343 3949 444 4024 justis
461 3948 567 4010 modis
583 3951 764 4027 prestante
781 3953 849 4012 Do—

47 4046 137 4106 mino
162 4043 284 4123 poterit
310 4045 463 4122 adipisci,
488 4047 526 4108 ut
552 4063 595 4108 ea
620 4063 751 4125 semper
776 4049 848 4109 sine

49 4142 499 4219 contradictionepossideat,
512 4145 717 4222 subspeciali
728 4147 849 4207 cureat

47 4238 228 4316 principali
241 4237 346 4300 tutela
360 4239 559 4316 apostolice
582 4241 677 4302 Sedis
692 4242 847 4318 suscepi-

48 4353 131 4408 mus,
149 4336 183 4397 et
206 4336 382 4414 praesentis
405 4337 520 4415 scripti
543 4338 729 4415 patrocinio
752 4355 846 4400 com-

47 4433 228 4494 munimus.
246 4433 339 4494 Nulli
351 4449 431 4511 ergo
451 4435 586 4498 omnino
611 4435 783 4497 bominum
799 4437 845 4496 li-

47 4533 120 4594 ceat
145 4533 233 4594 hauc
257 4532 414 4608 paginam
434 4534 556 4595 nostrae
572 4534 797 4596 concessionis
815 4537 848 4597 et

46 4629 263 4706 protectionis
274 4627 468 4706 inibingere,
484 4631 538 4692 vel
556 4631 587 4692 ei
603 4641 688 4692 ausu
702 4633 847 4694 temera-

45 4727 93 4788 rio
110 4726 289 4790 contraire.
307 4727 343 4787 Si
365 4728 438 4805 quis
461 4731 573 4790 autem
594 4729 657 4793 boc
681 4731 846 4792 attentare

45 4823 306 4902 praesumpserit,
327 4823 590 4901 indignationem
610 4827 845 4906 omnipotentis

81 4983 121 5056 (l)
146 4985 215 5040 blec
239 4983 382 5041 Hortarius
408 4983 444 5041 de
473 4986 691 5044 consecratione
719 4985 845 5044 basilice

45 5065 160 5124 nostrae,
177 5067 265 5126 quam
279 5053 343 5112 insu
364 5070 395 5111 er
411 5055 538 5138 pluribus
556 5056 741 5114 aliisornavit
754 5056 843 5114 benc·

46 5123 126 5182 ticiis.
146 5127 242 5182 Primo
252 5125 329 5182 euim
343 5071 398 5182 goe
414 5141 475 5199 ipso
485 5127 580 5184 sanxit
595 5127 760 5200 diplomate,
774 5135 845 5185 utet

45 5194 164 5268 huiusce
183 5197 410 5253 consecrationis
433 5198 621 5256 anniversarii
639 5197 701 5256 dies
723 5199 843 5256 alienant

46 5268 99 5324 ritu
126 5283 140 5324 a
165 5274 295 5334 crentur,
321 5275 351 5323 et
378 5267 509 5326 lidelibus
535 5269 602 5326 illuc
631 5268 843 5337 accedentibus,

46 5282 220 5409 Aposttffica,
237 5353 322 5409 quam
333 5347 447 5409 vocant,
463 5339 652 5414 indulgentia,
663 5349 844 5414 peccatorum

48 5423 139 5480 poenae
155 5410 361 5467 relaxarentur.
379 5411 550 5482 (Nerinius.)

81 5479 120 5550 (i)
137 5481 280 5537 praterea
293 5481 329 5538 ad
344 5481 584 5539 busiltcaecultnm
598 5481 842 5554 etdecusaugeu·

47 5548 124 5617 dum,
139 5549 279 5608 bonorum
291 5553 419 5610 omnium
432 5553 654 5626 possessionem,
666 5561 759 5611 emota
772 5568 842 5626 quu-

47 5619 112 5677 libot
135 5624 342 5693 controversie,
366 5623 515 5685 inonacbis
540 5623 698 5698 adjudicat;
723 5624 843 5697 patroci-

683 283 912 344 EPISTOLAE.
936 286 1014 348 LIB.
1039 289 1079 350 ΙΙ.

1647 297 1706 356 790

912 447 981 520 Dei,
998 448 1033 518 et
1041 447 1214 512 beatorum
1227 447 1316 512 Petri
1329 453 1363 512 ot
1373 451 1703 528 Pauliapostolorum

911 545 983 621 ejus
994 561 1031 607 se
1043 545 1173 608 noverit
1186 547 1410 610 incursurum.

951 642 1068 703 Datum
1097 646 1222 716 Romae,
1253 646 1341 722 apud
1370 647 1527 708 Sanctum
1556 650 1703 722 Petrum,

911 740 954 800 IV
968 755 1045 802 non.
1064 741 1164 918 iunii,
1184 742 1394 818 pontificatus
1416 745 1521 806 nostri
1544 761 1631 808 nuno
1651 763 1706 808 se-

910 837 1018 900 cundo
1029 836 1063 916 (3
1081 883 1090 900 .

1181 964 1436 1052 attinxit

929 1099 1299 1174 depraedicatam
1318 1100 1548 1162 Lutltertuum
1568 1105 1683 1176 episc„

1017 1193 1051 1256 et
1074 1197 1231 1268 priorem
1252 1197 1371 1256 Sancti
1392 1197 1590 1260 Fortunat-t.

1209 1309 1227 1368 3
1238 1309 1313 1382 junii
1328 1309 1407 1368 lats.

979 1411 1086 1478 [bullar.
1098 1413 1183 1474 Rom„
1197 1414 1260 1465 edit.
1272 1414 1371 1476 Turia,
1381 1420 1401 1466 t.
1413 1415 1456 1474 111,
1468 1415 1524 1480 stt,
1536 1431 1563 1468 n.
1576 1418 1643 1482 aad]

906 1519 1025 1580 blaudat
1039 1527 1069 1578 ut
1083 1519 1237 1580 intermeat
1247 1521 1284 1580 de
1301 1523 1359 1582 vita
1377 1530 1407 1581 et
1421 1523 1566 1583 miraculis
1586 1527 1706 1584 loannis

1234 1613 1374 1670 eremite.

947 1708 1115 1771 Honorius
1129 1711 1304 1788 episcopus
1321 1727 1438 1774 servus
1451 1729 1623 1776 servornm
1632 1716 1702 1788 Dei,

908 1804 1155 1868 venerabilibus
1170 1807 1327 1872 iratribus
1342 1812 1582 1888 bragonarien
1591 1813 1625 1874 et
1637 1814 1706 1874 Lu-

907 1903 1030 1966 tberin.
1040 1903 1204 1982 episcopis
1215 1921 1254 1966 ac
1265 1907 1387 1970 dilecto
1399 1907 1581 1986 tiliopriori
1591 1910 1703 1971 Sancti

907 2001 1079 2062 Fortunati
1091 2003 1313 2064 Beneventum
1331 2004 1496 2077 dioecesis,
1516 2005 1706 2067 salutemet

902 2098 1123 2174 apostolicam
1138 2098 1413 2162 benedictionem.

947 2193 1130 2256 ineffabilis
1154 2197 1318 2272 sapientia
1347 2197 1406 2258 Dei
1428 2213 1527 2261 nosse
1539 2199 1702 2276 tempora,

906 2292 958 2352 vel
974 2295 1139 2355 momenta
1152 2294 1188 2354 in
1198 2310 1260 2356 sua
1272 2295 1420 2356 retinens
1431 2297 1604 2373 potestate,
1617 2297 1704 2358 tem-

907 2388 1071 2464 poralium
1086 2391 1186 2452 etiam
1201 2390 1301 2454 babet
1322 2392 1393 2454 sola
1415 2393 1595 2470 periectam
1613 2394 1704 2456 noti-

906 2486 987 2547 tiam
1007 2485 1187 2557 actionum‚
1213 2504 1372 2564 quaeque
1395 2489 1476 2550 liant
1504 2491 1615 2552 animo
1638 2507 1704 2552 non

907 2582 1078 2657 ignorans,
1104 2599 1216 2661 opera,
1241 2586 1544 2663 quantumcumque
1565 2587 1705 2650 videan-

907 2684 961 2741 tur
976 2680 1166 2742 bominibns
1181 2683 1287 2756 grata,
1303 2681 1460 2760 reprobat
1473 2685 1538 2745 nisi
1557 2701 1597 2748 ea
1612 2685 1702 2747 vivi-

907 2777 982 2838 licet
1001 2777 1064 2854 piae
1085 2779 1289 2856 operationis
1308 2779 1458 2842 affectus.
1486 2781 1579 2842 Sicut
1601 2783 1703 2844 etiam

906 2874 1045 2950 angelus
1057 2875 1191 2936 Satanae
1206 2878 1449 2954 sequendoque
1460 2879 1497 2940 in
1509 2879 1705 2956 lucisange-
1750 2945 1756 2953 ,

905 2971 974 3032 lum
1000 2972 1225 3048 transfigurat,
1251 2973 1300 3034 sic
1327 2973 1478 3052 plerique
1500 2975 1701 3052 impietatem

904 3083 999 3128 suam
1013 3067 1163 3130 velantes
1179 3068 1379 3132 subvellere
1396 3071 1529 3147 pietatis
1545 3073 1703 3150 tanquam

906 3166 1049 3242 parietes
1064 3165 1207 3228 dealbati
1224 3183 1283 3243 per
1304 3167 1423 3228 salsum
1439 3169 1611 3245 religionis
1626 3187 1704 3248 spe-

905 3263 1001 3334 ciem,
1026 3279 1125 3340 quam
1151 3265 1371 3340 praetendunt,
1398 3265 1619 3340 ignominiose
1641 3284 1704 3330 uo·

905 3375 980 3420 men
1004 3359 1067 3420 sibi
1092 3361 1279 3422 sanctitatis
1298 3365 1470 3440 usurpant,
1496 3363 1528 3424 et
1549 3363 1702 3426 fallentes

905 3457 1080 3534 opiniones
1093 3457 1274 3530 hominum,
1297 3461 1330 3519 et
1351 3459 1490 3536 seipsos,
1512 3462 1626 3533 Deum,
1644 3462 1700 3538 qui

904 3571 972 3616 non
995 3554 1166 3626 irridetur,
1192 3571 1260 3616 non
1280 3554 1415 3628 fallunt,
1437 3557 1494 3617 sed
1516 3559 1607 3634 justo
1629 3561 1701 3637 ejus

898 3652 1027 3730 judicio
1040 3652 1285 3730 relinquuntur.
1302 3653 1395 3714 Licet
1409 3654 1512 3730 igitur
1523 3655 1554 3716 is
1565 3656 1626 3733 qui
1640 3672 1700 3718 so-

904 3749 956 3810 lus
985 3750 1079 3811 novit
1104 3749 1297 3813 abscondita
1321 3751 1546 3825 tenebrarum,
1577 3753 1699 3831 buJus-

904 3849 992 3910 modi
1006 3863 1238 3925 perversorum
1254 3847 1417 3911 malitiam
1432 3849 1473 3911 ab
1488 3866 1602 3912 eorum
1617 3850 1702 3913 irue-

903 3946 992 4008 tibus
1005 3961 1079 4008 esse
1094 3947 1244 4008 docuerit
1254 3949 1529 4024 cognoscendam,
1539 3949 1576 4010 ut
1587 3950 1701 4011 tamen

903 4043 1125 4121 interlepram
1137 4037 1303 4121 etlepram
1314 4045 1433 4106 melius
1446 4045 1698 4122 distinguamus,

903 4143 1019 4220 atquae
1035 4143 1157 4203 munda
1169 4141 1294 4205 suerint
1305 4143 1359 4204 vel
1373 4142 1544 4203 immunda
1555 4144 1700 4206 sciamus

903 4239 1093 4301 discernere
1109 4238 1294 4316 separando
1307 4239 1485 4316 pretiosum
1499 4255 1519 4300 a
1534 4239 1603 4312 vili,
1617 4241 1701 4303 solet

902 4337 1062 4399 Dominus
1086 4338 1189 4400 vitem
1204 4338 1354 4400 sanctam
1369 4353 1495 4407 eorum,
1515 4338 1571 4414 qui
1593 4338 1699 4398 semi-

900 4436 1068 4496 naverunt
1091 4435 1126 4494 in
1147 4433 1316 4512 lacrymis,
1344 4435 1376 4495 id
1395 4435 1481 4512 quod
1511 4437 1638 4498 metunt
1664 4436 1699 4497 in

901 4531 1188 4596 benedictionibus
1208 4531 1417 4594 abundanter
1425 4533 1619 4612 plerumque
1632 4534 1700 4593 mi-

900 4629 1025 4690 raculis
1049 4630 1258 4702 confirmare,
1287 4629 1457 4708 signisque
1484 4631 1699 4708 sequentibus

900 4726 1060 4800 indicare,
1078 4728 1164 4805 quod
1180 4728 1229 4788 eis
1253 4728 1463 4804 splendorem
1487 4745 1548 4805 pro
1571 4728 1699 4790 meritis

901 4824 1030 4886 dederit
1055 4825 1302 4902 sempiternum.
1332 4828 1402 4886 Hac
1427 4825 1530 4900 igitur
1556 4826 1697 4896 rabone,

901 4984 979 5040 nium
1004 4983 1191 5056 apostolicum
1215 4981 1362 5055 indulget;
1387 4987 1415 5038 et
1440 4981 1470 5062 si·
1491 4981 1540 5053 qni
1568 4981 1699 5040 caenobio

901 5055 1055 5181 quidquurlp
1064 5053 1225 5195 papaueriut,
1234 5053 1268 5110 iis
1279 5067 1293 5110 e
1305 5059 1473 5125 prepotenu
1483 5054 1543 5110 Deo
1556 5054 1630 5110 male
1640 5069 1699 5126 pre·

864 5175 866 5182 .
899 5133 988 5184 catur.
1021 5125 1060 5182 li
1086 5168 1092 5180 .

936 5197 977 5268 (3)
994 5125 1040 5254 8(ἰο
1054 5194 1169 5267 explicit
1183 5193 1305 5252 celebris
1319 5193 1383 5252 baec
1401 5194 1519 5252 Horrorii
1543 5193 1630 5262 bulla,
1646 5209 1696 5251 cu·

897 5267 944 5341 jus
966 5265 1196 5339 autographum,
1222 5265 1346 5322 indubiae
1376 5265 1491 5338 quidem
1515 5263 1581 5322 tidei
1598 5280 1695 5348 carac-

900 5345 975 5395 teres
988 5353 1090 5394 omues
1102 5353 1159 5409 pren
1177 5351 1208 5392 se
1223 5335 1329 5402 lerona,
1343 5337 1500 5393 etiamnum
1515 5337 1654 5394 Alexione
1670 5351 1698 5392 m

899 5409 1039 5467 tabulario
1059 5423 1074 5466 a
1100 5407 1183 5464 nobis
1208 5407 1427 5481 religiosissime
1448 5413 1622 5464 asservatur.
1642 5407 1698 5465 Sed

898 5488 1019 5549 cesara,
1046 5479 1082 5538 ed
1107 5479 1239 5537 altarium
1265 5479 1513 5537 consecrationem
1537 5480 1695 5552 spectantia

900 5565 1115 5626 persequamur.
1135 5549 1232 5624 libid.)
