4162 6424
119 273 180 330 5ϋό
746 265 974 332 EPIS'POLAE.
999 271 1075 330 LIB.
1101 271 1141 330 ΙΙ.
1710 272 1774 336 566

118 432 209 508 quiis
220 431 419 506 contendere
427 446 525 507 quam
537 429 683 507 injuriis,
696 430 782 491 sicut
792 429 919 491 domes·
974 432 1051 492 sunt
1068 443 1238 508 expressa,
1256 431 1402 492 castrum
1414 431 1545 492 restitui
1559 430 1660 494 faciat
1672 435 1771 494 ante-

115 531 196 590 licis
212 529 475 606 potesexemplis
486 543 678 604 agnoscere,
689 543 762 605 quae
774 528 810 588 in
825 531 920 590 utro-
973 528 1106 600 dictum,
1124 528 1198 589 etta
1212 542 1312 604 super
1325 526 1383 588 illo
1398 543 1464 588 non
1477 529 1566 590 sinat
1578 545 1597 590 a
1608 545 1772 606 quoquam

116 644 186 704 que
207 627 301 699 solet,
328 627 409 687 tulta
435 625 550 686 divino
577 626 716 698 auxilio,
748 641 916 702 superare.
973 629 1097 687 temere
1113 624 1293 686 molestari.
1316 627 1364 685 'l'n
1380 641 1471 701 ergo,
1488 626 1574 686 sicut
1588 627 1640 686 vir
1655 627 1771 703 provi-

119 726 255 802 Coepisti
277 723 419 801 quidem,
441 724 481 784 ad
504 724 693 785 suasionem
717 723 918 785 venerabilis
973 723 1045 793 dus,
1070 722 1118 782 sic
1130 722 1254 783 nostris
1270 721 1464 798 acquiescas
1480 721 1633 799 precibus
1648 724 1681 784 et
1693 740 1775 784 con-

120 822 234 883 fratris
261 821 367 884 nostri
394 824 431 882 Ρ.
463 820 510 900 (1)
540 822 687 899 episcopi
711 820 916 894 sabinensis,
973 819 1070 891 siliis,
1086 821 1122 898 ut
1136 820 1223 882 idem
1245 823 1389 881 castrum
1406 821 1543 897 pacifice
1558 823 1773 898 consequaris

119 935 230 998 quem,
246 921 325 980 tnnc
341 921 470 980 Sanctae
486 919 602 980 Mariae
617 919 651 979 in
665 920 789 997 Aquiro
805 919 920 980 diaco·
973 917 1186 994 adpraesens,
1201 918 1278 983 elin
1293 919 1461 994 posterum
1474 920 1602 995 majora
1616 919 1773 996 consequi

118 1034 198 1077 num
215 1016 431 1088 cardinalem,
442 1017 632 1094 ApostolIca
645 1017 795 1078 Sedesad
807 1018 918 1094 partes
973 1033 992 1076 a
1009 1015 1093 1076 Sede
1113 1015 1301 1092 apostolica
1316 1015 1487 1088 merearis,
1505 1031 1635 1093 semper
1647 1015 1772 1077 habens

118 1114 308 1176 Provinciae
337 1115 526 1188 destinarit,
560 1116 593 1178 te
626 1115 692 1191 ipsi
720 1115 917 1192 apostolicae
973 1129 1041 1190 prae
1057 1113 1163 1174 oculis
1178 1113 1417 1189 promissiones
1442 1115 1474 1174 et
1495 1114 1683 1190 juramenta
1700 1129 1773 1190 qnae

121 1212 200 1272 Sedi
227 1211 344 1274 devote
373 1213 576 1285 submittere,
602 1212 635 1274 et
656 1213 687 1273 ei
709 1211 795 1274 sicut
820 1213 919 1274 matri
974 1211 1130 1291 praedicto
1155 1211 1313 1287 episcopo
1332 1207 1378 1289 (b)
1409 1209 1613 1286 dignosceris
1642 1211 1775 1288 praesti-

119 1309 211 1369 filius
231 1309 402 1372 humiliter
420 1309 556 1372 obedire
575 1308 634 1390 (2).
657 1309 751 1371 Unde
770 1309 919 1371 volentes
973 1309 1064 1378 tisse,
1081 1323 1123 1368 ne
1144 1308 1196 1369 rel
1213 1307 1300 1384 apud
1320 1310 1423 1368 Deum
1443 1309 1584 1385 culpam,
1612 1308 1665 1370 rel
1685 1308 1772 1385 apud

119 1408 158 1466 ut
185 1407 218 1467 te
249 1407 307 1469 tua
338 1407 527 1470 humiliatio
565 1407 742 1479 exaltaret,
773 1408 918 1469 castrum
974 1405 1126 1466 homines
1141 1403 1325 1477 infamiam,
1353 1406 1527 1466 incurrere
1542 1407 1574 1467 te
1589 1405 1770 1480 contingat.

117 1506 286 1576 Furense,
304 1505 390 1581 qnod
405 1505 441 1565 in
457 1506 615 1567 Ecclesiae
630 1506 917 1582 Romanaepotes-
973 1505 1091 1564 Datum
1116 1503 1283 1574 Laterani,
1310 1505 1353 1564 IV
1373 1503 1440 1562 kal.
1460 1503 1620 1581 januarii,
1638 1503 1773 1581 pontiti-

116 1600 188 1662 tate
198 1601 396 1676 tradideras,
414 1603 545 1665 rest'tui
559 1603 620 1665 tibi
633 1603 876 1674 mandarimus,
887 1603 919 1664 et
973 1601 1066 1662 catus
1082 1601 1186 1662 nostri
1202 1615 1290 1662 anno
1306 1600 1461 1661 secundo

116 1700 189 1759 alia
202 1699 324 1773 tacere,
341 1701 370 1762 si
386 1718 459 1778 quae
474 1717 624 1762 crescere
640 1701 774 1762 deberet
787 1701 844 1762 tua
860 1701 919 1762 de-

117 1796 222 1865 votio,
239 1799 273 1859 in
285 1799 453 1875 proposito
468 1798 664 1874 gerebamus
680 1797 740 1877 (3).
755 1799 818 1858 Sed
828 1813 916 1870 ecce,

114 1909 223 1970 pravo
244 1895 362 1956 ductus
381 1896 534 1968 oonsilio,
558 1897 644 1974 quod
665 1896 845 1974 prudenter
865 1897 921 1956 in-

114 2007 270 2067 coaperas
299 1993 452 2052 omisisse
478 1993 600 2054 diceris
621 1992 860 2070 imprudenter,
887 1994 920 2054 et

113 2087 177 2164 qni
186 2087 227 2148 ad
241 2088 411 2150 dexteram
422 2089 533 2150 fueras
544 2105 563 2150 a
575 2090 712 2151 sinistra
723 2105 916 2160 conversus,

112 2201 132 2245 a
145 2185 287 2246 dextera
298 2201 453 2248 reversus
464 2202 538 2248 esse
549 2186 671 2248 diceris
682 2185 723 2248 ad
735 2186 916 2260 sinistram,

1256 1771 1493 1856 LXXXVIII

1097 1905 1150 1964 An
1164 1906 1414 1964 Aoerztoncnsts
1429 1905 1524 1966 nram
1542 1907 1645 1965 cloes.

1236 2025 1270 2080 29
1283 2021 1412 2081 decemb.
1431 2025 1509 2081 1217.

1025 2128 1160 2192 [bouquet.
1175 2128 1275 2179 llecueil
1291 2127 1335 2177 des
1350 2128 1494 2186 historiens,
1509 2133 1529 2178 t.
1543 2129 1610 2186 XIX,
1622 2143 1646 2194 p.
1657 2127 1713 2178 oli.

1181 2209 1291 2272 begeat..
1304 2208 1350 2258 lib.
1364 2209 1395 2266 Il,
1408 2208 1482 2272 epist.
1494 2207 1562 2273 dib]

110 2277 295 2344 TOlOSfflliS
309 2284 919 2361 OiVihusduIfldei0IP⁸⁰iSss030ti¹1ffl
973 2305 1207 2378 conspirantibus
1230 2321 1295 2363 cnm
1319 2305 1481 2364 Raimuudo
1503 2307 1616 2363 comilis
1641 2307 1774 2364 'l'olosaoi

115 2383 150 2440 in
182 2380 332 2455 partibus
354 2380 432 2453 illis,
452 2381 501 2443 tot
519 2397 736 2459 personarum
756 2382 789 2442 et
807 2397 919 2442 rerum

107 2478 305 2554 dispendiis
322 2481 546 2554 procuratum,
564 2479 755 2540 subvertere
771 2478 919 2538 moliun-

108 2576 185 2645 tur,
213 2574 447 2636 damnabiliter
470 2574 685 2648 adhaerend03
706 2575 818 2646 imme,
845 2589 919 2635 cum

113 2673 227 2734 multa
248 2687 349 2732 manu
369 2672 536 2734 civitatem
562 2671 753 2748 ingrediens
777 2671 919 2732 Tolosa-

115 2785 213 2842 nam,
230 2769 438 2846 supradictos
446 2770 537 2831 cives
550 2771 590 2832 ad
605 2773 671 2831 tam
683 2770 832 2847 iniquum
842 2786 921 2847 pro-

113 2867 265 2944 positum
278 2866 400 2929 diceris
413 2866 644 2944 principaliter
655 2866 845 2942 instigasse,
858 2882 922 2927 no-

112 2965 174 3027 bili
206 2964 279 3024 viro
298 2967 330 3025 S.
349 2965 461 3026 comiti
483 2965 714 3037 montisfortis,
735 2963 836 3026 immo
859 2980 919 3026 ca-

110 3063 253 3125 tlrolicae
269 3061 357 3135 ildei,
379 3066 476 3140 cujus
491 3063 718 3140 propugnator
734 3063 858 3133 existit,
880 3077 919 3124 ac

111 3163 231 3238 legato
251 3161 364 3223 nostro
380 3158 439 3240 (4),
457 3161 638 3240 quinimmo
657 3160 763 3232 nobie,
781 3177 919 3238 quorum

110 3275 296 3338 personam
312 3259 448 3320 etnicos
464 3259 497 3318 in
514 3259 662 3336 partibus
677 3259 745 3318 illis
760 3259 857 3334 gerit,
874 3259 918 3330 te,

113 3357 208 3418 sicut
222 3355 371 3416 dolentes
384 3356 585 3431 accepimus,
599 3355 805 3432 opponendo.

156 3455 334 3513 Monamus
345 3450 447 3524 igitur
457 3449 663 3510 nobilitatem
674 3451 767 3512 tuam
780 3449 812 3509 et
826 3463 922 3524 roga-

116 3565 194 3610 mus
217 3547 385 3619 attentius,
407 3563 467 3622 per
491 3547 682 3623 Apostolica
707 3545 768 3607 tibi
797 3547 920 3622 scripta

118 3641 346 3722 praecipiendo
364 3641 559 3703 mandantes
573 3642 735 3717 qnatenus
751 3659 825 3702 cum
841 3641 921 3702 uni·

116 3741 229 3802 versis
245 3739 443 3816 sequacibus
456 3739 523 3801 tuis
538 3739 676 3800 recedas
690 3755 710 3800 a
733 3739 867 3801 civitate
889 3740 922 3800 et

118 3837 248 3900 auxilio
264 3836 386 3897 civium
401 3835 647 3913 praedictorum,
664 3850 725 3896 nec
740 3835 789 3896 eis
804 3837 921 3896 contra

118 3934 266 4009 legatum
288 3932 396 4009 ipsum
418 3931 468 4011 (α)
495 3932 671 3993 consilium
690 3931 745 3993 vel
762 3936 921 4009 juvamen

118 4029 304 4106 impendas,
323 4030 379 4090 sad
396 4031 445 4091 sic
460 4030 592 4091 studeas
607 4029 714 4091 eidem
736 4029 918 4103 intendere,

120 4130 157 4190 ut
171 4127 295 4188 bonum
309 4128 394 4204 quod
410 4128 450 4188 de
468 4130 497 4190 te
513 4143 782 4205 conceperamus,
799 4143 922 4208 propo-

119 4227 224 4288 situm
238 4225 357 4288 debeat
371 4225 503 4286 effectui
518 4225 713 4302 mancipari.
737 4227 806 4286 Nos
820 4227 918 4297 enim,

117 4323 269 4386 volentes
291 4325 400 4386 tecum
425 4323 604 4400 procedere
625 4323 660 4383 in
687 4323 806 4400 spiritu
830 4322 920 4383 leni-

118 4422 210 4492 tatis,
229 4422 264 4482 ut
281 4421 423 4482 fructum
437 4421 561 4482 sentias
575 4435 618 4480 ex
630 4434 670 4481 eo
684 4421 769 4497 quod
785 4420 919 4492 dudum,

119 4519 208 4578 sicut
229 4519 427 4595 promissum
455 4519 514 4590 est,
545 4517 587 4578 ad
610 4517 801 4581 mandatum
828 4517 921 4578 Sedis

118 4615 320 4689 Apostolicae
341 4615 512 4676 humiliter
530 4615 669 4688 rediisti,
700 4615 787 4676 dicto
807 4615 921 4676 cardi-

119 4710 191 4772 nali
207 4711 329 4771 nostris
345 4711 463 4773 damus
487 4712 607 4774 litteris
630 4714 665 4773 iu
689 4713 853 4774 mandatis
872 4715 919 4785 ut,

120 4807 149 4866 si
161 4805 261 4881 juxta
275 4823 392 4882 preces
407 4809 439 4870 et
454 4809 644 4872 mandatum
660 4812 809 4874 nostrum
825 4827 845 4872 a
867 4828 922 4871 se-

119 4903 219 4981 quela
235 4905 414 4966 recesseris
428 4905 550 4966 civium
575 4907 820 4982 praedictorum,
850 4908 922 4986 ipse

120 5001 192 5073 tibi,
208 5004 381 5078 postquam
397 5001 582 5063 cautionem
598 5005 794 5079 praestiteris
807 5005 840 5067 et
854 5007 921 5067 alia

117 5098 341 5175 compleveris
360 5115 434 5176 quae
450 5099 485 5159 in
507 5099 625 5162 litteris
640 5117 722 5178 quas
744 5119 803 5178 pro
821 5105 923 5166 resti-

117 5197 249 5259 tutione
260 5197 364 5274 ipsius
376 5198 479 5259 castri
489 5196 549 5258 tibi
560 5197 711 5260 iacienda
725 5199 918 5273 direximus,

155 5371 195 5442 (ll
210 5375 287 5430 Petri
303 5374 508 5432 Beneventani.
776 5428 783 5440 ,

155 5445 194 5512 (ἲ)
215 5445 289 5500 Petri
310 5446 515 5512 Beneventani,
536 5444 707 5516 Apostolicae
722 5445 803 5502 Sedis
821 5447 919 5520 legali,

120 5521 203 5583 gesta
218 5514 247 5570 in
265 5517 412 5587 provincia
432 5515 610 5572 Narbonensi
628 5515 691 5574 vide
706 5531 801 5590 supra,
819 5519 854 5576 ad
870 5535 920 5577 en-

123 5585 580 5660 rionlrlipagta.(nunqua.)

1009 2394 1773 2454 tllloadversussimonemdellontelorlibvenionen-

1010 2482 1097 2552 sibus,
1116 2482 1352 2551 Massiliensibus,
1368 2483 1639 2553 tarraconensibus,
1660 2485 1775 2542 Bellica·

1010 2568 1170 2639 drensibus,
1192 2585 1225 2628 ac
1242 2571 1315 2627 villas
1332 2571 1534 2645 Sancti-Egtdii
1552 2573 1662 2640 incolis,
1682 2575 1775 2630 liono-

1010 2659 1068 2715 rins
1093 2659 1120 2714 in
1142 2660 1242 2732 spiritu
1266 2659 1392 2716 lenitatis
1413 2666 1532 2718 conatur
1557 2660 1679 2718 suadere
1703 2669 1733 2718 ut
1757 2677 1773 2718 a

1010 2748 1165 2805 rebellione
1180 2748 1328 2806 desistant.

1014 2865 1183 2926 Honorius
1214 2866 1445 2943 episcopus...,
1475 2867 1602 2928 civibus
1628 2867 1776 2928 Arenio-

975 2962 1133 3023 nensibus
1149 2963 1302 3040 spiritum
1317 2963 1450 3025 consilii
1466 2965 1623 3025 sanioris.

1015 3062 1095 3121 Cum
1110 3062 1221 3122 restra
1234 3077 1300 3122 non
1322 3061 1455 3136 ignoret
1469 3063 1626 3123 discretio
1641 3062 1774 3139 quantis

975 3157 1132 3235 periculis
1145 3159 1178 3220 et
1190 3158 1373 3236 dispendiis
1386 3175 1603 3236 personarum
1618 3163 1651 3221 et
1662 3175 1775 3220 rerum

975 3257 1143 3331 negotium
1156 3257 1248 3332 pacis
1270 3256 1302 3317 et
1318 3255 1394 3316 tidei
1412 3256 1455 3316 sit
1476 3256 1511 3316 in
1526 3256 1675 3334 partibus
1691 3260 1777 3318 Pro-

974 3354 1094 3414 vinciae
1123 3353 1346 3428 procuratum,
1372 3353 1532 3414 miramur
1558 3369 1624 3414 non
1653 3355 1773 3414 imme-

975 3449 1039 3509 rito
1058 3449 1090 3510 et
1105 3465 1286 3518 movemur,
1314 3449 1401 3525 qnod
1421 3449 1504 3509 illud
1527 3450 1676 3510 dicimini
1698 3466 1776 3526 per-

975 3545 1121 3617 turbare,
1142 3545 1261 3607 dilecto
1287 3544 1355 3607 tilio
1381 3544 1484 3606 nobili
1508 3547 1581 3608 viro
1605 3549 1638 3607 S.
1662 3548 1776 3608 comiti

975 3641 1206 3716 Montisiortis,
1233 3643 1334 3704 immo
1361 3643 1533 3705 catholicae
1560 3643 1648 3716 fidei,
1676 3647 1773 3722 cujus

976 3740 1202 3816 propugnator
1215 3741 1340 3812 existit,
1372 3741 1582 3814 obsistentes
1612 3743 1774 3803 ucetiam

975 3837 1175 3915 Apostolicae
1196 3838 1292 3900 Sedis
1315 3839 1441 3915 legato,
1462 3837 1518 3916 qui
1545 3855 1720 3916 personam
1742 3843 1776 3902 et

974 3935 1065 3996 vices
1091 3936 1222 3998 nostras
1248 3937 1284 3996 in
1313 3937 1462 4014 partibus
1488 3937 1556 3998 illis
1584 3937 1687 4013 gerit,
1715 3952 1776 3998 vos

975 4033 1191 4109 pertinaciter
1205 4035 1412 4110 opponendo.
1443 4035 1535 4096 Licet
1556 4037 1666 4096 autem
1688 4035 1775 4096 idem

976 4131 1116 4205 legatus,
1139 4132 1260 4193 restris
1282 4131 1480 4207 provocatus
1495 4132 1639 4209 injuriis,
1667 4132 1700 4191 in
1715 4147 1775 4193 vos

976 4230 1008 4289 et
1036 4230 1160 4288 terram
1185 4229 1331 4289 vestram
1355 4229 1709 4289 excommunicationis
1738 4230 1772 4290 et

976 4325 1154 4396 interdicti,
1172 4341 1211 4386 ac
1233 4324 1364 4386 demum
1384 4325 1615 4402 expositionis,
1640 4328 1777 4388 seuten-

975 4423 1040 4483 tias
1054 4422 1289 4498 promulgarit3
1310 4439 1370 4484 nos
1386 4424 1508 4495 tamen,
1528 4425 1700 4500 cupientes
1715 4439 1775 4485 vos

977 4519 1334 4582 adriamrectitudinis
1343 4536 1514 4592 revocare,
1524 4521 1775 4582 universitatem

976 4619 1121 4679 vestram
1131 4634 1302 4680 monemus
1313 4619 1345 4680 et
1356 4619 1568 4680 obsecramus
1577 4620 1611 4680 in
1623 4621 1774 4692 Domino,

977 4717 1010 4776 et
1020 4731 1079 4792 per
1090 4717 1280 4792 Apostolica
1295 4716 1389 4778 robis
1400 4717 1534 4793 scripta,
1550 4717 1636 4778 sicut
1651 4733 1774 4794 possu-

976 4829 1060 4880 mus,
1078 4813 1228 4874 districte
1243 4813 1466 4890 praecipiendo
1481 4815 1676 4874 mandamns
1692 4829 1776 4890 qua-

976 4912 1083 4981 tenus
1105 4909 1147 4970 ab
1168 4910 1381 4972 intestatione
1406 4911 1485 4971 dicti
1507 4910 1648 4981 comitis,
1675 4911 1774 4970 immo

976 5006 1776 5084 Deietlicclesiae,quiescentesergaipsnmlega·

975 5104 1045 5165 tum
1068 5103 1153 5164 tales
1179 5120 1238 5166 vos
1258 5103 1416 5165 exhibere
1441 5104 1575 5174 curetis,
1597 5103 1682 5180 quod
1707 5119 1774 5164 non

976 5201 1083 5262 solum
1104 5199 1322 5264 absolutionis
1351 5201 1559 5275 beneficium,
1588 5201 1645 5261 sed
1672 5200 1773 5262 aliam

976 5375 1282 5520 Ιώ(3),1ἐεθς8υτῖἳ3ᾱυω
1299 5384 1344 5435 est
1360 5374 1395 5434 ad
1412 5376 1529 5435 Hunorii
1547 5377 1697 5450 epistolam
1714 5377 1772 5447 XC,

1012 5517 1042 5585 ti
1066 5519 1231 5576 bertrando.

1012 5591 1040 5663 (α
1074 5589 1271 5648 Bertrandum.
1312 5589 1349 5663 (b)
1366 5591 1450 5652 Petro
1466 5592 1678 5649 Beneventano.
