4214 6400
143 249 200 312 nu

184 409 255 472 Etsi
267 408 428 471 hactenus
441 407 781 472 babueritisrelamen
789 409 937 484 malitiae,

142 521 220 568 cunr
238 506 354 567 contra
367 505 467 568 clara
481 506 650 568 memoriae
672 506 858 570 Jobannem
877 522 938 569 re-

141 619 219 681 gem
250 603 433 679 Anglorum
466 603 635 664 dominum
666 604 812 666 vestrum
844 620 938 666 arma

142 717 261 778 gerere
275 699 446 773 dicebatis,
463 701 683 778 proponentes
704 701 812 778 ipsum
826 702 937 778 impo-

143 799 253 860 suisse
268 797 361 861 vobis
379 800 497 876 jugum
520 797 730 860 intolerabile
755 799 936 873 servitutis,

138 895 212 974 jam
222 910 311 956 nunc
322 895 571 957 excusationem
579 895 702 957 babere
710 911 776 957 non
787 896 938 973 poteritis

142 993 179 1054 in
194 992 351 1069 peccatis
364 1007 426 1053 nec
439 994 550 1054 nomm
562 993 758 1070 proditionis
773 1009 938 1071 quoquam

141 1089 330 1151 velamento
342 1090 466 1162 velare,
486 1089 552 1150 nisi
573 1089 615 1151 ad
639 1090 830 1153 fidelitatem
845 1091 937 1152 tilio-

141 1187 228 1265 rum]
239 1189 327 1263 ejus,
351 1187 408 1265 qui
429 1203 489 1248 vos
508 1187 698 1250 nullatenus
717 1188 935 1261 offenderunt,

141 1285 295 1362 protinus
310 1284 464 1356 redeatis,
482 1299 556 1345 cum
574 1287 725 1348 cessante
743 1301 855 1358 causa,
870 1301 939 1347 oes-

143 1397 222 1444 sare
237 1381 355 1444 debeat
368 1381 401 1443 et
410 1380 558 1444 effectus.
573 1385 592 1444 J
594 1398 647 1444 am
661 1383 749 1444 euim
764 1399 830 1444 uon
843 1384 939 1445 vide-

140 1479 262 1541 bimini
276 1477 352 1540 odio
367 1478 525 1541 habuisse
538 1495 725 1558 personam,
740 1497 779 1544 ac
792 1484 938 1544 vestram

140 1577 302 1654 injuriam
320 1576 486 1654 repulisse
506 1579 758 1656 persequentem
779 1579 940 1656 quodam·

141 1673 513 1752 modo'persequendo,
545 1675 603 1736 sed
634 1676 742 1752 potius
777 1677 939 1738 malitiam

141 1773 366 1848 excogitatam
378 1771 511 1845 sectari,
526 1773 555 1833 si
567 1773 715 1850 ejusdem
727 1773 816 1850 regis
830 1789 940 1851 perse·

132 1856 286 1948 'qu'rmiui
315 1870 402 1930 tilios
430 1869 634 1943 innocentes„
663 1886 745 1948 quos
775 1871 939 1933 deberetis

143 1966 322 2028 defendere
347 1967 469 2045 potius,
496 1967 528 2029 et
542 1966 670 2043 lovere;
697 1967 816 2045 quibus
835 1969 939 2045 patris

142 2064 305 2143 iniquitas
319 2063 436 2126 obesse
450 2080 518 2126 non
532 2063 637 2138 debet,
661 2081 735 2126 oum
746 2065 844 2142 juxta
857 2081 938 2126 ver-

143 2161 225 2224 bum
236 2161 379 2235 Domini,
392 2178 453 2224 nec
465 2161 560 2240 pater
569 2162 641 2235 tilii,
658 2179 720 2225 nec
734 2163 823 2225 filius
835 2162 939 2240 patris

143 2259 265 2322 debeat
274 2259 480 2338 iniquitatem
488 2261 631 2337 portare,
644 2260 701 2322 sed
708 2261 818 2337 potius
828 2259 940 2322 anima

145 2373 221 2435 quae
236 2357 392 2435 peccarit.
407 2357 565 2420 volentes
584 2357 686 2433 igitur
705 2358 825 2420 vcstrae
840 2357 940 2420 saluti

145 2455 332 2528 consulere,
353 2455 451 2532 atque
471 2455 578 2527 lamae,
596 2458 693 2534 eujus
712 2457 783 2532 jam
807 2454 942 2532 dispen-

145 2552 239 2614 dium
253 2551 440 2614 incurristis
461 2553 495 2616 et
512 2553 647 2632 pupillis
668 2553 794 2616 eisdem
812 2552 941 2614 nihilo·

145 2650 259 2711 minus
273 2649 371 2726 prout
383 2649 425 2710 ad
448 2650 597 2711 nostrum
619 2649 765 2712 osticium
786 2650 939 2727 pertinet,

146 2746 749 2822 occurrer03universitatemvestram
758 2763 940 2819 monemus,

144 2845 375 2918 exhortamur,
392 2847 425 2908 et
437 2844 647 2908 obsecramus
660 2845 695 2906 in
705 2845 835 2908 Christo
849 2848 940 2917 lesu,

147 2941 206 3020 qui
220 2944 382 3004 uenturus
396 2943 448 3004 est
457 2943 610 3020 judicare
621 2942 715 3006 vivos
732 2943 765 3006 et
781 2942 941 3016 mortuos,

147 3041 183 3102 ei
194 3039 383 3102 redditurus
399 3040 686 3118 unicuiquejuxta
707 3056 843 3102 suorum
864 3039 941 3102 exi-

147 3138 296 3213 gentiam
314 3137 524 3212 meritorum,
550 3139 722 3215 quatenus,
748 3137 839 3200 omni
857 3153 942 3200 ran-

148 3251 229 3298 core
240 3235 399 3312 deposito,
416 3234 456 3296 ad
472 3235 661 3297 eorumdem
676 3235 868 3298 fidelitatem
882 3250 942 3297 ce-

146 3332 266 3394 leriter
289 3332 443 3404 redeatis,
472 3332 505 3395 et
531 3333 704 3410 apponatis
727 3348 786 3394 vos
812 3335 943 3394 murum

148 3445 211 3508 pro
221 3430 270 3492 eis
278 3428 532 3492 ascendentibus
541 3431 741 3502 exadvereo,
753 3431 790 3493 ut
799 3430 941 3502 macula,

149 3545 250 3607 quam
265 3527 301 3590 in
313 3527 482 3589 fidelitatis
493 3527 613 3589 vestrae
631 3527 771 3603 gloriam
784 3527 943 3604 posuistis

148 3625 309 3702 erigendo
317 3624 509 3687 calcaneum
519 3624 634 3686 contra
642 3625 780 3703 patrem,
793 3625 943 3702 protinus

147 3722 306 3786 abluatur
328 3723 362 3785 et
381 3722 502 3784 divinae
523 3723 706 3800 majestatis
727 3723 879 3800 expietm·
893 3721 945 3785 ot·

148 3823 257 3883 tensa.
273 3822 342 3882 Nos
354 3819 454 3892 enim,
470 3821 506 3880 iu
519 3824 614 3896 cujus
631 3821 782 3882 manibus
797 3821 830 3882 et
842 3818 944 3882 tutela

147 3918 239 3980 idem
254 3931 315 3978 rex
328 3918 362 3978 et
379 3916 512 3978 eosdem
525 3916 667 3992 pupillos
682 3916 817 3994 reliquit
836 3916 869 3978 et
884 3933 943 3978 re-

148 4031 263 4092 gnum,
294 4013 334 4074 de
356 4013 535 4075 securitate
557 4014 745 4075 omnimoda
768 4016 801 4075 et
823 4029 946 4091 grava-

775 241 1012 314 ·EPISTOLAE.
1035 249 1114 314 LIB.
1138 248 1162 314 1.

1298 349 1301 356 ⁵
1329 415 1466 508 dxxv

1160 644 1212 703 Ad
1228 645 1321 704 cloes
1334 645 1607 707 Beneventanus.

1299 756 1391 816 ldec.
1410 757 1487 818 lito.

1118 903 1249 969 [Analecta
1260 905 1326 972 iuris
1338 907 1464 960 Pontificii
1474 911 1506 962 ad
1518 925 1578 962 ann.
1590 912 1672 978 trtop

993 1017 1107 1077 Civibus
1134 1022 1343 1082 Beneventanis
1369 1025 1427 1083 ait:
1455 1027 1560 1086 Civitas
1585 1029 1787 1088 fflneventana

1028 1105 1189 1182 hujusmodi
1203 1113 1303 1184 gavisa
1319 1120 1363 1170 est
1375 1113 1515 1184 libertate,
1530 1115 1605 1188 quod
1614 1117 1788 1190 quicumque

1028 1194 1182 1254 dummodo
1205 1199 1276 1256 liber
1298 1202 1387 1274 eligat
1413 1201 1617 1262 habitationem
1640 1206 1740 1279 ipsius,
1756 1211 1787 1262 ct

1028 1284 1290 1346 uobisetEcclesie
1299 1291 1785 1368 nomeneddelttatisexhiheatju·

1027 1379 1318 1445 ramentumeenseri
1333 1378 1435 1436 debeat
1451 1380 1487 1436 ab
1501 1382 1634 1439 omnibus
1648 1389 1786 1456 tanquam

1028 1462 1108 1521 civis.
1123 1463 1235 1523 inhibet
1247 1481 1283 1524 ne
1296 1467 1360 1539 quis
1374 1483 1434 1538 eos,
1448 1469 1496 1541 qui
1511 1469 1547 1527 ad
1560 1471 1649 1543 ipsius
1663 1472 1787 1530 civitatis

1030 1561 1176 1611 transeant
1201 1555 1365 1625 incolatum,
1386 1565 1542 1630 presumat
1559 1560 1732 1633 compellere
1754 1568 1787 1620 ut

1029 1644 1064 1703 ad
1079 1643 1269 1702 habitationes
1279 1643 1399 1704 redeant
1412 1645 1572 1706 derelictas.

1033 1790 1211 1864 Honorius,
1227 1791 1303 1863 etc.,
1317 1789 1446 1853 civibus
1459 1792 1713 1854 Beneventanis.

1033 1889 1113 1948 Cum
1125 1905 1145 1950 a
1158 1888 1268 1964 longis
1279 1889 1368 1950 retro
1382 1888 1586 1966 temporibus
1599 1889 1717 1951 civitas
1729 1893 1788 1951 Be·

994 1987 1181 2048 neventana
1205 1985 1397 2062 hujusmodi
1419 1987 1536 2061 gavisa
1553 1986 1597 2048 sit
1619 1987 1784 2059 libertate,

994 2082 1079 2161 quod
1092 2083 1290 2160 quicumque
1303 2082 1412 2156 homo,
1428 2083 1603 2146 dummodo
1617 2084 1711 2157 liber,
1729 2085 1787 2146 eli·

994 2180 1041 2256 git
1062 2180 1299 2242 habitationem
1319 2183 1402 2257 ejus,
1419 2181 1452 2243 et
1466 2180 1561 2242 uobis
1578 2183 1612 2243 et
1631 2182 1788 2244 Ecclesiae

995 2280 1153 2339 Romanae
1187 2277 1357 2339 fidelitatis
1388 2278 1525 2340 exbibet
1561 2280 1788 2357 juramentum

995 2375 1125 2436 censeri
1148 2375 1265 2437 debeat
1279 2375 1319 2436 ab
1340 2374 1492 2437 omnibus
1513 2377 1786 2453 tanquamcivis,

995 2471 1193 2534 auctoritate
1215 2473 1428 2551 praesentium
1452 2473 1633 2534 districtius
1657 2474 1790 2535 inhibe-

996 2585 1079 2643 mus,
1105 2572 1242 2648 nequis
1268 2587 1336 2644 eos,
1362 2570 1419 2648 qui
1442 2569 1484 2630 ad
1512 2569 1618 2648 ipsius
1644 2571 1790 2633 civitatis

996 2669 1170 2730 transeunt
1183 2669 1376 2742 incolatum,
1397 2666 1576 2747 prasumat
1593 2668 1790 2746 compellere

997 2770 1033 2829 ut
1045 2767 1085 2828 ad
1100 2765 1323 2829 habitationes
1341 2767 1479 2829 redeant
1493 2764 1680 2827 derelictas.
1697 2767 1790 2829 Nulli

997 2881 1097 2942 ergo,
1134 2866 1209 2937 etc,
1237 2865 1361 2926 nostrae
1396 2863 1621 2937 inhibitionis,
1658 2865 1720 2926 etc.
1755 2865 1790 2926 si

997 2965 1071 3041 quis
1084 2961 1204 3034 autem,
1221 2963 1283 3023 etc.
1300 2962 1419 3023 Datum
1438 2965 1552 3023 Romae
1569 2960 1656 3038 apud
1673 2963 1705 3024 S.
1723 2965 1791 3024 Pe-

997 3064 1102 3130 trum,
1143 3059 1296 3120 kalendis
1336 3059 1540 3133 decembris,
1578 3059 1790 3136 pontificatus

998 3158 1103 3222 nostri
1124 3173 1212 3220 anno
1226 3156 1344 3236 primo.

1316 3407 1474 3495 LXXVI

996 3615 1050 3674 Aet
1071 3613 1281 3689 mannicum
1295 3613 1330 3672 S·
1352 3613 1472 3674 crucis
1487 3609 1523 3671 et
1547 3612 1740 3673 Tecettnnnt
1760 3613 1794 3674 et

1195 3709 1362 3770 Aiordtnn
1375 3709 1410 3768 S.
1425 3709 1589 3768 Anniant

1304 3821 1318 3876 l
1332 3818 1395 3878 dec.
1409 3819 1487 3878 itio.

1062 3943 1248 4009 [liegest.lib.l,
1256 3942 1330 4007 epist.
1341 3941 1442 3992 ttblss.
1452 3943 1488 3994 La
1500 3943 1577 3992 Porta
1588 3940 1624 3992 du
1635 3943 1731 4009 rheti]

999 4088 1179 4161 Praecipitat
1192 4086 1373 4144 inconvento
1387 4085 1571 4143 &samsonis
1581 4084 1791 4156 tardanensi,

148 4111 297 4174 minibus
326 4126 398 4188 quae
422 4127 482 4188 per
508 4109 647 4172 abusum
669 4110 710 4172 ab
733 4111 847 4173 eodem
866 4127 945 4188 rege
1234 4173 1239 4184 ,
1552 4173 1558 4184 .
1768 4173 1773 4186 .

147 4209 245 4271 vobis
266 4207 426 4270 dicebatis
445 4207 572 4280 inferri,
590 4208 724 4271 auctore
743 4209 882 4272 Domino
897 4210 946 4270 sic
1034 4175 1213 4277 ⁸¹300‘d0oem
1229 4189 1290 4247 ³⁸⁰¹
1308 4174 1458 4246 ³¹¹³¹¹¹⁸¹¹¹¹¹
1478 4187 1560 4244 quw
1574 4170 1610 4230 de
1625 4187 1700 4232 ΜΟ
1716 4189 1790 4232 'em'

148 4306 246 4369 vobis
259 4305 449 4368 curabimus
463 4305 648 4383 providere,
661 4306 747 4384 quod
760 4323 779 4368 a
793 4307 945 4369 cordibus
1037 4271 1126 4339 mam·

149 4403 274 4466 vestris
288 4401 465 4480 cujuslibet
485 4401 699 4465 dubitationis
720 4419 780 4465 seu
796 4403 946 4466 rancoris
1041 4404 1220 4478 Honorius,
1243 4405 1325 4476 eto„
1345 4403 1473 4465 dilectis
1495 4402 1574 4464 tiliis
1595 4403 1794 4480 magistro„

151 4499 340 4577 scrupulus,
366 4499 399 4562 et
422 4499 552 4562 timoris
577 4498 730 4564 anxietas
750 4502 868 4564 merito
887 4517 948 4579 po-
1002 4503 1126 4565 sanctae
1141 4501 1267 4574 Crucis,
1290 4503 1324 4564 et
1338 4501 1493 4562 Teceliuo
1506 4501 1539 4562 et
1549 4501 1673 4562 alardo
1687 4502 1794 4564 sancti

149 4598 232 4661 terit
245 4595 405 4659 amoveri.
420 4597 577 4675 Alioquin
595 4597 672 4674 quia
687 4597 721 4658 id
737 4598 948 4660 dissimulare
1002 4600 1148 4662 Anniani
1162 4599 1333 4662 canonicis
1347 4598 1563 4660 aurelianen.

151 4712 174 4758 a
200 4694 323 4756 mundo
352 4710 419 4756 uon
441 4695 607 4769 valemus,
637 4711 712 4756 cum
737 4697 860 4774 praeter
885 4697 948 4758 hoc
1042 4698 1188 4760 Dilectus
1215 4697 1304 4758 filius
1320 4699 1350 4760 J.
1374 4695 1529 4758 sacerdos
1553 4697 1672 4758 humili
1698 4696 1793 4759 nobis

152 4792 241 4870 quod
260 4807 399 4868 regnum
423 4791 531 4868 ipsum
551 4794 602 4854 est
630 4793 830 4871 Apostolicae
853 4793 948 4854 Sedis
1002 4789 1226 4857 insinuatione
1252 4793 1458 4864 monstravit,
1489 4793 1575 4870 quod
1604 4808 1679 4853 cum
1708 4793 1797 4854 idem

147 4889 249 4968 juris,
266 4888 467 4966 pupillorum
479 4901 594 4950 curam
615 4890 805 4966 specialiter
818 4905 947 4966 gerere,
1004 4892 1202 4971 compererit
1233 4893 1361 4968 patrem
1391 4906 1487 4950 suum
1518 4905 1579 4966 pro
1609 4891 1798 4965 receptione

152 5002 194 5048 ac
215 4987 265 5047 eis
284 4985 447 5062 judicium
467 4986 499 5047 et
515 4985 679 5062 just'tiam
702 4987 813 5049 tacere
833 4987 950 5050 tenea·
1004 4991 1110 5067 ipsius
1124 4990 1160 5048 in
1175 4988 1325 5065 prioratu
1340 4987 1372 5048 et
1392 4986 1556 5047 conventu
1577 4986 1684 5046 sancti
1702 4988 1800 5046 Sam-

151 5100 240 5156 mur,
255 5083 296 5144 ad
310 5082 534 5145 defensionem
549 5083 696 5160 ipsorum
711 5083 744 5146 et
762 5085 859 5160 regni
873 5101 949 5146 ma·
1006 5087 1096 5149 sonis
1130 5084 1344 5146 Aurelianen.
1377 5082 1466 5144 infra
1501 5097 1607 5143 annos
1633 5081 1799 5158 legitimos

152 5198 218 5244 nus
229 5181 360 5242 nostras
373 5181 572 5257 inquantum
581 5181 739 5241 Dominus
750 5180 878 5243 dederit
890 5199 951 5244 ex·
1005 5181 1190 5254 constituti,
1220 5179 1359 5259 praefato
1394 5179 1595 5241 monasterio
1624 5179 1799 5257 quamdam

151 5278 339 5350 tendamus,
354 5280 386 5340 et
400 5276 629 5340 invocabimus
644 5277 763 5340 coelum
778 5278 811 5341 et
827 5279 951 5341 terram
1007 5295 1169 5344 summam
1198 5277 1347 5356 pecuniae
1374 5276 1563 5348 tradidisse,
1591 5277 1664 5352 ipso
1688 5279 1800 5339 tamen

154 5377 272 5440 contra
285 5377 431 5438 vestram
451 5371 632 5453 nequitiam
647 5374 862 5436 obstinacem
885 5379 954 5438 Da·
1005 5379 1137 5456 penitus
1149 5374 1335 5453 ignorante,
1351 5375 1489 5436 veniens
1501 5373 1542 5434 ad
1555 5389 1661 5435 annos
1674 5373 1801 5437 discre-

152 5475 225 5537 tum
238 5477 352 5536 Romae
366 5472 453 5550 apud
470 5471 627 5534 Sanctum
642 5472 951 5544 Petrum,kalendis
1006 5477 1107 5539 tionis
1122 5473 1360 5536 monasterium
1375 5471 1482 5549 ipsum
1498 5487 1580 5532 sano
1596 5471 1712 5534 ductus
1726 5489 1803 5535 con·

154 5571 352 5644 decembris,
373 5569 583 5651 pontificatus
602 5569 708 5634 nostri
729 5585 817 5632 anno
831 5569 950 5648 primo.
1007 5574 1081 5636 silio
1100 5575 1150 5636 est
1173 5583 1339 5648 egressus,
1367 5569 1462 5631 nobis
1484 5567 1654 5632 humiliter
1675 5571 1806 5649 suppli-
