4234 6408
193 254 254 317 165
824 260 1054 322 nrrsroms.
1077 262 1156 322 um.
1180 265 1205 323 1.
1780 283 1839 345 166

187 412 291 476 tolico
312 411 504 490 conspectui
518 416 775 492 praesentarent,
793 420 989 481 sententiam
1044 422 1119 498 quis
1133 423 1255 508 autem,
1270 426 1332 486 etc.
1349 427 1468 490 batum
1481 431 1647 506 Laterani,
1661 438 1690 499 Π
1704 437 1779 499 idus
1789 442 1840 518 ja-

189 511 385 588 recepturae.
417 512 599 589 Episcopus
629 513 662 576 et
694 513 793 578 abbas
828 516 987 592 praedicti,
1045 520 1166 591 nuarii,
1181 521 1392 599 pontificatus
1407 527 1513 589 nostri
1527 533 1743 609 annoprimo.

190 607 277 670 sicut
291 607 429 686 praefato
449 609 685 686 praedecessori
707 613 821 674 nostro
843 615 912 672 suis
934 615 991 676 lit·
1334 663 1340 674 .
1612 683 1618 696 ¹

189 707 272 767 teris
309 706 523 778 intimarunt,
559 724 595 770 se
635 709 808 786 conjudice
842 711 990 788 ipsorum
1066 673 1127 779 ‚In
1149 676 1546 748 eumdcmseremouum
1562 685 1722 762 Episcopo
1739 689 1841 750 SUOS·

191 803 384 874 excusante,
402 802 548 878 legitime
562 805 597 866 in
612 821 726 867 eorum
741 809 876 883 negotio
893 810 990 886 Juxta
1046 771 1194 830 ⁸¹⁰¹¹⁹¹¹⁸i
1215 774 1431 886 Lf'ngiPQtss
1446 781 1479 841 et
1494 783 1526 842 S·
1544 781 1687 860 crispini
1706 784 1840 847 abbati·

191 900 333 963 sormam
354 901 418 962 sibi
432 901 587 966 traditam
609 903 836 980 procedentes,
854 905 894 966 de
910 922 992 968 con·
1045 864 1386 938 bus,Suess10nensrs
1410 876 1574 952 dioecesis,
1592 881 1627 942 ut
1642 882 1841 946 sententiam

192 1014 293 1060 sensu
331 999 475 1076 partium
514 1002 712 1077 receperunt
746 1004 991 1065 sacramentum
1046 962 1361 1033 ⁰b⁸⁰rv³¹⁸¹s³⁰¹³¹¹¹·

191 1096 369 1157 calumniae
394 1095 434 1158 ab
459 1098 609 1174 utraque,
633 1100 666 1159 et
688 1097 784 1160 factis
808 1100 992 1176 interroga·
1233 1112 1240 1123 ·

191 1193 338 1255 tionibus
361 1193 538 1270 diligenter
561 1195 594 1256 et
614 1195 737 1258 auditis
758 1199 991 1274 responsioni·
1362 1186 1534 1277 CXXXV

191 1289 271 1363 bus,
299 1291 332 1354 et
360 1290 503 1354 fideliter
532 1291 675 1354 redactis
707 1295 743 1354 in
771 1295 919 1372 scriptis,
949 1296 991 1357 ad

192 1389 415 1464 receptionem
439 1390 610 1466 utriusque
632 1392 736 1468 partis
757 1392 891 1454 testium
913 1410 993 1470 pro-
1047 1385 1097 1444 Ad
1107 1387 1247 1448 Reman.
1256 1393 1549 1468 archiepiscopum
1560 1397 1593 1457 61
1604 1397 1845 1474 Wfffafaltetlss

193 1487 378 1559 cesserunt,
392 1487 425 1548 et
438 1487 616 1563 diligenter
629 1490 865 1552 examinarunt
876 1507 993 1569 recep-
1086 1484 1171 1554 ejus,
1187 1485 1220 1544 61
1232 1487 1379 1559 abbates,
1394 1494 1543 1565 11110188,
1560 1496 1716 1568 decanos,
1730 1500 1846 1560 arodi·

192 1584 256 1656 tos,
276 1599 415 1661 quorum
436 1584 658 1660 depositiones
678 1586 822 1648 fideliter
839 1589 991 1650 redactas
1085 1579 1255 1654 dlaconOS,
1283 1584 1317 1646 61
1340 1589 1426 1648 altos
1442 1592 1665 1653 ecclesiaram
1681 1595 1845 1667 ltfoelatOS

192 1682 229 1742 in
244 1681 376 1758 scriptis
401 1697 475 1743 cum
500 1682 764 1745 confessionibus
779 1687 934 1762 partium,
951 1687 992 1748 de
1083 1691 1150 1750 fef
1163 1681 1303 1742 nemen.
1317 1687 1535 1757 llvattwt'dm
1550 1689 1762 1752 coltelllufos·

192 1779 341 1856 ipsarum
355 1794 519 1841 consensu
538 1779 668 1841 clausas
684 1781 744 1842 sub
759 1783 880 1857 sigillis
896 1785 991 1860 ipso·
1341 1815 1374 1871 li
1390 1814 1451 1888 jan·
1464 1818 1543 1876 lali.

195 1892 271 1937 rum
303 1876 344 1937 ad
378 1877 495 1937 Sedem
520 1878 742 1954 Apostolicam
769 1879 989 1952 destinarunt,

193 1973 451 2050 allegationibus
463 1974 550 2051 juris
574 1975 677 2036 eisin
696 1977 801 2053 ipsius
814 1979 992 2055 praesentla
1126 2049 1131 2061 ,
1173 2051 1178 2061 Ι

192 2071 392 2146 reservatis3
409 2073 543 2134 octavas
565 2071 653 2134 beati
675 2075 822 2148 Martini,
845 2077 991 2153 tempore
1046 2045 1429 2154 Af⁰h¹⁰P'³,⁰⁰p⁰‚Refflfl¹¹⁸ia
1442 2063 1471 2114 ⁰¹
1483 2058 1674 2132 SUfff⁰g⁸⁰⁰¹⁸
1688 2061 1760 2134 elub
1774 2069 1845 2132 effla

192 2168 348 2230 videlicet
372 2168 511 2229 concilii
534 2169 700 2244 generalis
725 2171 850 2232 eisdem
875 2172 994 2234 term·
1081 2146 1219 2211 precipit,
1230 2148 1261 2197 ut
1276 2142 1338 2200 illos
1351 2145 1399 2216 qui
1415 2148 1613 2216 possessiones
1627 2155 1656 2206 et
1670 2165 1716 2206 res
1736 2149 1847 2209 abbatis

193 2282 273 2327 num
283 2267 503 2342 assignantes·
515 2267 668 2328 partibus
679 2284 760 2344 ergo
773 2271 860 2346 apud
874 2271 992 2332 sedem
1083 2231 1237 2290 eilratrum
1246 2232 1382 2302 idconiae,
1392 2235 1633 2294 Premenstraten.
1643 2238 1760 2308 ordinis,
1770 2239 1849 2297 Atre·

193 2365 221 2425 Δ
283 2363 339 2424 tl.
510 2365 550 2426 st
573 2365 598 2425 ss
661 2365 740 2426 td]
784 2368 795 2428 t
833 2367 876 2427 ffl.
972 2401 991 2413 -
1081 2322 1208 2381 batensis
1225 2320 1371 2391 dioecesis,
1386 2323 1574 2382 irreverenter
1590 2326 1757 2397 invaserint,
1776 2334 1845 2398 etc,

193 2379 417 2538 &222⁰me
430 2380 818 2540 {ggzfiaffios’nzstrzeceiss
844 2384 994 2543 (12⁰3ss
1082 2411 1386 2469 excommunicationis
1401 2413 1542 2470 sententie
1559 2415 1723 2487 percellant,
1740 2424 1794 2474 cto.

197 2559 283 2622 dicto
310 2561 555 2639 predecessore
585 2562 699 2623 nostro
728 2562 879 2623 auditore
908 2579 992 2623 con·
1086 2557 1265 2628 Honorius,
1298 2558 1373 2629 ets,
1405 2557 1652 2620 venerabilibus
1687 2560 1846 2626 fratribus

197 2673 301 2731 cesso,
323 2659 546 2736 depositiones
570 2657 704 2722 fuerunt
726 2659 859 2722 testium
883 2660 994 2738 publi·
1048 2655 1184 2714 Reman·
1201 2653 1452 2731 archiepiscopo
1472 2656 1504 2716 et
1522 2655 1744 2733 suffraganeis
1760 2663 1844 2738 ejus,

195 2757 295 2831 catae;
312 2756 434 2819 etcum
454 2757 587 2818 medem
608 2773 685 2833 pars
708 2759 823 2819 Sancti
845 2759 993 2829 Quintini
1048 2751 1080 2812 et
1090 2751 1219 2812 dilectis
1229 2750 1499 2825 tiliisabbatibus,
1510 2753 1687 2830 prioribus,
1698 2755 1844 2832 decanis,

194 2855 369 2930 aquadam
383 2854 645 2926 interlocutoria,
659 2871 757 2932 quam
770 2856 857 2917 idem
877 2855 992 2932 capel·
1048 2849 1292 2910 archidiaconis
1312 2849 1345 2910 et
1369 2849 1445 2910 aliis
1469 2851 1685 2913 ecclesiarum
1699 2854 1847 2931 praelatis

194 2950 292 3012 lanus
308 2967 408 3028 super
426 2967 465 3013 eo
487 2952 572 3028 quod
588 2953 661 3028 ipsa
672 2955 749 3030 jure
762 2953 900 3015 minoris
916 2969 995 3030 pos·
1048 2950 1255 3024 peritomen.
1270 2948 1476 3024 provinciam
1490 2949 1689 3023 constitutis,
1703 2952 1764 3013 etc.

193 3049 318 3110 tularat
354 3049 485 3110 restitui
524 3050 566 3110 ad
601 3049 806 3126 probandum
844 3051 993 3113 eamdem
1087 3046 1163 3106 Non
1178 3045 1303 3122 absque
1318 3043 1431 3107 dolore
1447 3046 1556 3108 cordis
1572 3047 1758 3124 etplurima
1774 3051 1847 3112 tur-

194 3146 370 3208 ecclesiam
394 3163 467 3208 esse
489 3146 739 3224 archiepiscopo
760 3152 895 3211 Remen.
914 3147 995 3210 sub-
1047 3141 1180 3204 batione
1209 3143 1400 3216 didicimus,
1428 3143 1588 3222 (1110Ηᾶ
1615 3145 1651 3207 in
1679 3147 1846 3226 plerisque

190 3244 315 3321 jectam
324 3244 455 3316 tulerat,
473 3245 685 3321 appellasset,
701 3247 899 3322 saepedictus
912 3261 994 3323 prae·
1048 3241 1196 3318 partibus
1222 3240 1449 3303 ecclesiastica
1475 3259 1617 3304 censura
1643 3245 1846 3309 dissolvatur

196 3340 350 3404 decessor
359 3344 482 3414 noster,
493 3342 614 3404 auditis
625 3342 703 3404 hinc
713 3342 790 3404 inde
800 3345 991 3422 propositis,
1048 3339 1081 3399 et
1102 3339 1270 3400 canonicae
1284 3339 1456 3401 sententiae
1475 3341 1636 3401 severitas
1655 3345 1843 3418 enervetur,

195 3441 345 3501 eamdem
359 3441 860 3516 interlocutoriamapprobavit,
873 3444 996 3503 etcau-
1048 3436 1084 3496 ut
1095 3437 1159 3496 siri
1178 3435 1340 3510 religiosi,
1355 3439 1387 3496 Θῒ
1400 3436 1435 3495 hi
1451 3438 1594 3498 maxime
1610 3439 1666 3514 qui
1678 3455 1738 3514 por
1751 3442 1845 3502 Sedis

196 3553 267 3599 sam
292 3539 399 3614 ipsam
427 3537 557 3598 dilectis
585 3537 664 3598 liliis
696 3538 818 3599 nostris
843 3541 879 3598 P.
904 3536 993 3599 tituli
1048 3533 1247 3607 Apostolicae
1279 3533 1455 3607 privilegia
1483 3534 1603 3608 majori
1630 3534 1743 3596 donati
1769 3539 1847 3600 sunt

197 3634 310 3696 Sancti
337 3635 508 3696 Larrrentii
536 3634 570 3694 in
600 3637 761 3707 Damaso,
789 3637 822 3696 et
846 3637 876 3696 J.
904 3634 993 3696 tituli
1048 3629 1211 3700 libertate,
1233 3629 1391 3704 passima
1407 3628 1674 3690 malefactoribus
1699 3633 1768 3692 suis
1793 3633 1846 3694 in-

197 3731 326 3794 Sanctae
354 3732 485 3794 Sabinae
515 3732 718 3809 presbyteris
751 3730 991 3801 cardinalibus,
1044 3725 1152 3804 Jurias
1179 3725 1364 3787 sustineant
1378 3729 1410 3788 et
1424 3727 1569 3803 rapinae,
1587 3727 1664 3788 dum
1679 3729 1737 3791 vix
1751 3730 1847 3794 inve-

196 3829 395 3892 audiendam
416 3827 596 3903 commisit;
620 3828 738 3906 quibus
758 3830 832 3904 post
846 3828 993 3905 ejusdem
1048 3823 1202 3902 niturqui
1211 3839 1357 3900 congrua
1366 3824 1433 3885 illis
1444 3825 1646 3902 protectione
1658 3827 1843 3904 subveniat,

194 3927 452 4006 praedecessoris
484 3925 590 3985 nostri
621 3925 809 3997 decessum,
837 3927 993 4004 quoniam
1049 3921 1152 4002 etjpro
1167 3922 1309 3985 fovenda
1324 3939 1505 4000 pauperum
1519 3924 1710 3988 innocentia
1725 3943 1761 3988 se
1776 3944 1846 3990 mu-

195 4025 273 4086 ante
284 4039 350 4084 non
361 4023 636 4099 processerantin
647 4022 773 4096 eadem,
785 4025 993 4102 injunximus
1048 4037 1122 4082 rum
1135 4021 1336 4084 defensionis
1352 4023 1506 4099 opponat.
1526 4025 1723 4099 specialiter
1735 4027 1846 4088 autem

195 4123 230 4184 et
253 4119 409 4196 nosipsi,
433 4120 469 4181 ut
490 4121 596 4197 ipsam
611 4121 775 4193 audirent,
792 4122 994 4184 discuterent
1048 4119 1161 4181 dilecti
1184 4118 1245 4180 filii
1268 4118 1370 4180 abbas
1395 4119 1427 4181 et
1450 4119 1569 4182 fratres
1590 4122 1739 4183 viconiae
1764 4127 1847 4184 Pre-

196 4219 385 4295 diligenter.
409 4217 475 4295 Ipsi
499 4233 578 4279 vero
599 4219 654 4281 via
675 4220 768 4294 regia
793 4219 827 4280 in
861 4221 993 4295 negotio
1049 4218 1264 4280 monstraten.
1292 4216 1429 4287 ordinis,
1457 4216 1648 4279 Atrebatem.
1678 4219 1843 4294 dioecesis,

195 4317 433 4394 procedentes,
460 4316 492 4378 et
520 4332 630 4377 causae
662 4317 780 4378 merita
816 4317 995 4394 prudenter
1047 4316 1116 4377 tam
1137 4315 1178 4374 de
1196 4313 1424 4391 frequentibus
1445 4315 1580 4390 injuriis
1601 4318 1755 4393 quamde
1773 4317 1846 4396 ipso

197 4413 433 4476 examinantes
446 4415 564 4491 ipsius,
582 4430 681 4490 quum
706 4415 828 4476 deillis
853 4415 995 4476 fuissent
1050 4411 1243 4488 quotidiano
1267 4409 1397 4472 defectu
1424 4411 1564 4487 Justitiae
1594 4417 1846 4491 conquerentes,

197 4511 401 4572 sufficienter
424 4513 591 4585 instructi,
619 4513 821 4574 assertiones
851 4513 994 4589 partium
1050 4509 1300 4570 universitatem
1338 4510 1483 4570 uestram
1520 4508 1640 4572 litteris
1680 4514 1848 4590 petierunt

197 4626 272 4671 cum
305 4608 568 4671 confessionibus
599 4611 631 4672 et
657 4609 906 4686 probationibus
937 4626 997 4672 ea·
1050 4607 1240 4684 apostolicis
1264 4601 1416 4679 excitari,
1433 4608 1469 4668 ut
1492 4606 1539 4669 ita
1562 4609 1718 4672 videlicet
1741 4613 1789 4672 eis
1812 4613 1847 4672 in

197 4706 456 4767 rumdemnobis
474 4707 570 4783 plene
585 4708 617 4768 et
636 4707 778 4769 fideliter
795 4708 993 4769 retulerant.
1050 4705 1320 4768 tribulationibus
1355 4706 1425 4766 suis
1461 4709 1577 4768 contra
1617 4708 1847 4774 malefactores

197 4805 267 4865 Nos
288 4804 392 4879 igitur
406 4821 465 4881 per
479 4804 609 4865 fidelem
631 4806 826 4866 relationem
848 4805 995 4883 ipsorum
1051 4820 1166 4865 eorum
1200 4805 1352 4881 prompta
1391 4802 1538 4866 debeatis
1576 4807 1849 4882 magnanimitate

198 4901 321 4963 auditis
342 4903 375 4963 et
390 4902 566 4964 intellectis
589 4919 661 4979 quae
680 4903 814 4964 fuerunt
828 4903 995 4964 hincinde
1051 4917 1262 4976 consurgere,
1280 4901 1366 4977 quod
1387 4901 1427 4962 ab
1449 4903 1613 4977 angustiis
1638 4920 1719 4981 quas
1742 4905 1847 4967 susti·

198 4999 367 5076 proposita
390 4999 430 5059 de
451 5001 618 5059 communi
639 4999 779 5061 fratrum
806 5002 995 5061 nostrorum
1050 5000 1131 5060 nent
1156 4999 1189 5058 et
1210 4997 1376 5073 pressuris
1402 4999 1513 5060 vestro
1540 4999 1668 5076 possint
1693 5002 1849 5077 praesidio

198 5097 339 5158 consilio
380 5097 632 5174 pronuntiamus
671 5097 779 5172 ipsam
821 5099 995 5158 ecclesiam
1050 5095 1228 5171 respirare.
1256 5094 1398 5170 Ideoque
1424 5095 1635 5156 universitati
1650 5098 1769 5158 vestrae
1789 5113 1850 5179 per

1133 1931 1265 1996 [Analecta
1276 1936 1341 2000 juris
1349 1940 1486 2003 pontificii,
1498 1957 1559 1992 nnn.
1572 1943 1643 2004 18711,
1657 1961 1682 2010 p.
1693 1945 1761 2012 cle]

200 5195 313 5256 Sancti
332 5194 480 5266 Quintini
495 5193 556 5256 tibi
566 5196 642 5271 jure
662 5194 850 5256 dioecesano
866 5195 997 5272 subjec-
1051 5192 1232 5269 apostolica
1249 5191 1371 5268 scripta
1393 5193 1588 5252 mandamus
1603 5193 1703 5271 atque
1726 5196 1850 5270 praeci-

196 5293 277 5354 tam.
300 5294 339 5353 In
358 5291 512 5352 civilibus
533 5291 643 5353 autem
661 5293 698 5352 tu
720 5294 754 5352 in
777 5293 917 5368 singulis
939 5309 998 5354 ca·
1051 5292 1170 5368 pimus,
1196 5289 1359 5366 quatenus
1380 5289 1455 5351 illos
1475 5290 1532 5366 qui
1552 5292 1781 5366 possessiones
1796 5295 1851 5356 vel

198 5391 328 5451 nonicis
363 5391 511 5466 ejusdem
547 5389 696 5451 ecclesiae
729 5390 996 5466 jurisdictionem
1050 5405 1104 5450 res
1120 5404 1180 5450 seu
1199 5388 1312 5449 domos
1326 5387 1559 5463 praedictorum
1575 5387 1713 5450 fratrum
1726 5390 1780 5452 vel
1794 5392 1853 5454 ho·

197 5501 266 5548 non
294 5487 432 5555 habeas,
458 5486 525 5548 nisi
550 5486 716 5548 medianto
742 5486 879 5548 decano.
905 5488 996 5548 Nulli
1052 5488 1176 5548 minum
1193 5503 1328 5548 suorum
1344 5486 1569 5548 irreverenter
1581 5486 1778 5562 invaserint,
1794 5491 1853 5554 aut

199 5599 291 5660 ergo,
314 5585 390 5657 etc,
414 5588 537 5648 nostrae
566 5584 861 5663 pronuntiationis,
882 5585 943 5647 etc.
962 5585 996 5645 Si
1052 5601 1091 5647 ea
1107 5586 1230 5663 injuste
1243 5585 1448 5648 detinuerint
1469 5601 1542 5662 quae
1560 5585 1726 5662 praedictis
1739 5587 1853 5651 fratri-
