4214 6400
137 305 197 372 loa
774 280 1003 374 srlsrocs'.
1025 308 1102 372 nra.
1128 305 1152 370 1.
1728 305 1787 366 uo

179 469 276 542 Olim,
293 483 368 530 cum
382 469 537 545 ageretur
550 483 663 531 coram
681 466 789 530 felicis
804 485 933 532 memo·
988 469 1074 531 male
1099 467 1178 542 sthi,
1209 467 1355 546 ejusdem
1384 467 1641 547 praedecessoris
1676 467 1783 528 nostri

136 567 200 630 riae
222 567 415 629 Innocentio
430 567 520 642 Papa
542 563 788 642 praedecessore
808 567 932 639 nostro,
988 565 1168 628 declinavit
1181 565 1367 643 aspectum3
1387 565 1444 628 sed
1460 567 1589 628 concito
1607 581 1708 627 cursu
1720 566 1782 626 Ja-

135 666 173 726 in
182 664 314 743 publico
325 663 534 735 consistorio,
547 662 935 740 dequadamincestuosa
988 679 1089 724 uuam
1104 661 1283 738 navigavit,
1301 665 1347 736 ut,
1358 665 1512 726 celeriter
1523 661 1781 740 transalpinans

136 762 258 839 copula
280 777 353 839 quaa
382 761 551 822 contracta
573 759 681 821 luerat
706 759 741 820 in
761 759 933 836 Hispania,
988 761 1104 822 contra
1130 760 1274 822 nobilem
1301 761 1410 823 virum
1435 761 1495 822 Th.
1527 759 1566 840 (*)
1586 761 1785 822 Trecensem

137 857 383 936 pronunciavit,
398 857 561 934 praesente
576 855 773 918 clericorum
787 857 819 919 et
831 857 935 918 laico-
989 858 1142 920 comitem
1157 859 1332 920 suscitaret
1353 859 1509 932 schisma,
1535 859 1565 919 si
1579 856 1701 936 posset,
1718 872 1785 920 nou

136 970 213 1016 rum
230 951 441 1016 multitudine
456 951 590 1030 copiosa
607 951 671 1032 (o),
694 953 780 1031 quod
800 954 887 1016 sicut
900 952 935 1014 in
989 954 1096 1016 solum
1110 955 1146 1016 in
1165 971 1266 1030 grave
1281 957 1473 1018 scandalum
1500 955 1595 1031 regni
1619 954 1781 1026 Franciaa,

138 1051 239 1130 Syria
254 1068 321 1114 una
340 1051 449 1113 suerat
462 1051 650 1112 incestuose
673 1049 826 1128 copulata
848 1050 934 1112 duo·
988 1066 1104 1114 verum
1131 1052 1231 1114 etiam
1253 1052 1289 1113 in
1310 1069 1415 1129 grave
1438 1052 1646 1130 dispendium
1670 1054 1783 1111 'l'errae

136 1149 213 1219 hus,
230 1150 279 1211 sic
293 1150 328 1209 in
340 1149 502 1226 Hispania
514 1164 600 1208 unus
613 1147 678 1208 sihi
696 1146 779 1208 duas
794 1147 934 1224 copula·
990 1151 1130 1211 Sanctae.
1148 1149 1211 1211 Sed
1225 1165 1397 1227 speramus
1414 1151 1449 1211 in
1465 1150 1603 1212 Domino
1626 1149 1659 1210 et
1673 1148 1707 1209 in
1719 1163 1783 1225 po*

136 1248 235 1310 verat
247 1247 448 1308 incestuose.
462 1245 646 1322 etquidem
661 1245 831 1322 peccatum
849 1245 935 1322 quod
988 1246 1092 1308 tentia
1106 1246 1239 1310 virtutis
1257 1249 1373 1324 ipsius,
1388 1248 1473 1325 quod
1494 1250 1565 1324 eJus
1580 1245 1783 1308 machinatio

137 1345 250 1407 iuerat
268 1345 303 1405 in
320 1344 454 1406 Oriente
477 1342 689 1404 commissum
716 1342 864 1417 graviter
886 1343 936 1404 est
989 1359 1055 1404 non
1069 1344 1190 1420 poterit
1204 1345 1397 1420 praevalere,
1407 1361 1507 1422 quum
1523 1344 1695 1420 Philippus
1720 1358 1783 1404 rex

138 1442 302 1520 punitum,
325 1441 405 1518 quia
426 1439 591 1502 corradus
614 1439 764 1500 marchio
790 1440 934 1501 Montis·
988 1443 1191 1502 Francorum
1203 1441 1342 1502 illustris
1364 1456 1515 1519 persnas
1534 1441 1672 1518 praefato
1696 1455 1784 1518 prae·

137 1539 257 1600 ferrati
272 1539 383 1614 gladio
398 1535 458 1618 (1),
475 1541 509 1598 et
531 1538 695 1598 Henricus
718 1551 829 1598 comes
849 1539 935 1598 Tre-
989 1537 1157 1600 decessori
1182 1539 1296 1602 nostro
1324 1538 1451 1600 litteras
1480 1539 1656 1610 intimavit,
1683 1537 1781 1615 quod,

137 1636 250 1698 censis
262 1635 447 1713 praecipitio
471 1632 519 1714 (2)
543 1633 723 1712 perierunt,
750 1632 806 1711 qui
832 1633 935 1694 filiam
989 1633 1781 1711 quumdictumTh.adsuumcomitatumremisit,

137 1733 231 1809 regis
250 1731 543 1809 Hierosolymitani
559 1729 609 1810 (*)‚
630 1731 671 1792 ad
685 1746 782 1808 quam
797 1746 935 1806 regnum
989 1745 1048 1807 per
1062 1731 1274 1809 privilegium
1293 1730 1355 1793 sihi
1373 1732 1486 1807 regale
1506 1731 1679 1802 concessit,
1697 1729 1784 1807 quod

137 1829 320 1908 spectabat,
357 1829 421 1889 sibi
453 1827 732 1906 praesumpserant
762 1828 936 1904 illegitime
989 1829 1186 1890 auctoritate
1218 1829 1314 1906 petiit
1352 1829 1541 1905 apostolica
1580 1826 1782 1894 confirmari,

138 1927 298 2004 copulare
322 1949 329 1987 ι
352 1926 439 1987 unde
460 1925 593 1986 illorum
619 1925 806 2002 exemplum
833 1924 935 1985 alium
988 1926 1074 2001 quod
1088 1941 1193 2003 usque
1208 1926 1248 1988 ad
1270 1926 1452 2002 legitimam
1474 1928 1546 2003 ejus
1561 1925 1691 1986 aetatem
1713 1923 1785 1984 nul·

138 2022 299 2084 debuerat
324 2022 490 2083 deterrere
514 2037 556 2082 ne
580 2021 722 2082 similem
746 2021 877 2097 culpam
900 2021 936 2081 in
988 2025 1055 2086 lam
1077 2025 1117 2085 de
1133 2025 1186 2085 his
1201 2023 1315 2086 contra
1330 2024 1438 2100 ipsum
1452 2022 1620 2100 querelam
1640 2019 1781 2081 audiret.

138 2119 317 2182 Occidente
339 2117 569 2190 committeret,
595 2117 651 2194 qui
670 2116 783 2179 forsan
809 2116 935 2179 idcirco
1028 2121 1184 2185 volentes
1215 2121 1318 2198 igitur
1346 2119 1595 2182 imminentibus
1625 2117 1783 2196 periculis

138 2230 273 2294 poenam
296 2214 438 2276 similem
460 2229 528 2274 non
549 2212 701 2280 incurrit,
726 2211 804 2290 quia
828 2212 937 2289 poeni-
989 2218 1135 2292 obviare,
1150 2218 1359 2279 universitati
1373 2217 1495 2280 vestrae
1517 2231 1577 2294 per
1594 2215 1784 2292 Apostolica

138 2317 214 2376 tens
226 2312 267 2373 de
280 2311 466 2374 commissis
481 2311 755 2388 utramqueasuo
768 2310 935 2372 consortio
989 2316 1112 2393 scripta
1136 2315 1358 2392 praecipiendo
1386 2313 1593 2385 mandamus,
1619 2315 1782 2391 quatenus

137 2406 337 2489 separavit(
357 2409 383 2491 ).
989 2413 1112 2475 dictum
1128 2413 1289 2474 Erardum
1305 2413 1338 2474 et
1358 2411 1557 2488 Philippam,
1575 2411 1603 2471 si
1625 2410 1710 2473 sorte
1732 2424 1784 2471 oc·

180 2507 527 2579 POSifflOdUfflfflliems
548 2521 622 2569 cum
637 2504 785 2584 ejusdem
800 2503 934 2582 lll'aede·
988 2510 1122 2572 casione
1151 2509 1345 2587 praesnapta
1378 2507 1651 2586 presumpserint
1680 2507 1783 2568 mali-

139 2605 283 2666 cessoris
307 2604 412 2666 nostri
440 2603 558 2665 fuisset
585 2603 722 2664 auribus
748 2601 935 2664 intimatum
987 2608 1096 2684 gnari,
1112 2610 1216 2669 Deum
1235 2605 1396 2667 hahentes
1421 2621 1489 2683 prae
1512 2604 1627 2675 oculis
1654 2603 1783 2664 sublato

138 2701 227 2780 quod
251 2701 396 2763 Erardus
417 2700 458 2762 de
480 2703 589 2762 Brena
616 2699 935 2776 Hierosolymitanas
989 2703 1165 2782 cujuslibet
1189 2701 1461 2766 contradictionis
1491 2701 1524 2763 et
1549 2701 1782 2778 appellationis

138 2801 252 2877 partes
267 2799 406 2871 adierat,
423 2800 459 2861 ut
479 2815 579 2859 unam
595 2799 635 2859 de
656 2796 784 2858 dumus
803 2795 934 2858 filiabus
987 2801 1174 2874 obstaculo,
1212 2817 1273 2879 per
1311 2815 1486 2862 censuram
1522 2798 1782 2860 ecclesiasticam

138 2896 271 2974 praefati
295 2895 435 2968 comitis,
461 2911 544 2974 quas
567 2894 608 2956 dc
629 2894 690 2956 tali
713 2894 832 2971 copula
853 2909 935 2971 pro·
988 2898 1215 2976 compescatis
1232 2897 1423 2960 mandatum
1438 2895 1656 2974 apostolicum
1670 2895 1782 2956 taliter

139 2993 324 3064 creaverat,
338 2993 526 3070 Philippam
541 2992 706 3064 videlicet,
722 2989 787 3052 sihi
800 2991 935 3052 duceret
987 2996 1166 3074 impleturi,
1183 2995 1269 3073 quod
1285 2994 1325 3056 de
1349 2994 1522 3070 diligentia
1544 2993 1691 3055 studiosa
1706 3007 1780 3054 me-

138 3091 333 3159 inuxorem,
342 3089 780 3152 utcomitaturnTreceusem
790 3088 823 3150 et
832 3087 934 3149 aliam
987 3094 1128 3155 reamini
1145 3092 1380 3155 commendari.
1406 3092 1524 3154 Datum
1544 3092 1668 3160 Romae,
1694 3088 1781 3167 apud

137 3189 263 3250 terram
278 3188 319 3248 ad
342 3187 493 3249 eumdem
509 3186 674 3264 quondam
689 3185 934 3261 comitemper-
989 3191 1144 3252 Sanctum
1164 3193 1310 3262 Petrum,
1331 3189 1430 3251 tertio
1455 3205 1559 3250 nonas
1584 3187 1777 3259 decembris,

138 3286 300 3348 fluentem
322 3285 386 3346 sibi
410 3285 586 3346 occasione
612 3282 803 3360 huJusmodi
823 3282 935 3344 vindi·
987 3287 1198 3366 pontificatus
1211 3287 1416 3350 nostrianuo
1428 3287 1545 3365 primo.

138 3382 243 3453 caret,
263 3382 351 3444 idem
379 3381 605 3459 praedecessor
627 3383 751 3454 noster,
778 3380 934 3457 quoniam

137 3481 308 3542 intellexit
320 3479 406 3557 quod
418 3479 477 3541 illa
498 3479 607 3556 ipsum
626 3478 779 3555 proxima
791 3493 936 3568 consan-
1286 3490 1480 3577 LXXXIV

137 3577 313 3654 guinitatis
329 3577 419 3638 linea
443 3575 634 3652 attingebat,
656 3575 733 3637 fecit
756 3575 863 3637 eidem
875 3589 935 3653 per

137 3675 264 3736 sanctae
284 3673 452 3737 memoriae
473 3673 642 3736 alesmum
659 3672 935 3750 Hierosolymita-
1060 3671 1112 3730 Ad
1129 3671 1302 3744 apocopae
1319 3669 1352 3729 et
1367 3670 1512 3728 barones
1533 3666 1706 3727 Francioe.

137 3788 220 3835 uum
241 3773 465 3850 patriarcham
497 3771 690 3834 solemniter
714 3769 869 3832 interdici
892 3785 934 3830 ne
1286 3770 1381 3829 bdcc.
1399 3771 1477 3830 1116.

138 3872 436 3946 praesumeretcum
448 3871 506 3931 illa
516 3869 722 3940 contrahere,
733 3882 936 3946 quumman-
988 3907 1109 3972 [aegest.,
1133 3904 1177 3956 hh.
1202 3905 1223 3964 1,
1250 3903 1324 3968 epist.
1345 3903 1385 3953 34,
1407 3929 1440 3941 ,
1459 3903 1584 3968 sosque,
1610 3901 1713 3954 accuell
1737 3899 1781 3951 des

138 3966 270 4030 daverit
282 3967 384 4030 testes
396 3967 501 4044 recipi
517 3983 618 4044 super
631 3967 719 4028 linea
734 3965 935 4041 consangui-
1196 3985 1342 4045 aaronem,
1353 3989 1373 4036 t.
1384 3983 1450 4042 xm,
1464 3997 1490 4048 p.
1502 3983 1569 4045 susp,

135 4065 254 4126 nitatis
283 4065 460 4142 praedictae,
487 4065 524 4126 ut
557 4065 597 4126 de
621 4063 856 4140 impedimento
879 4061 932 4123 le·
1008 4131 1015 4142 ‚
1087 4129 1093 4142 ,
1244 4128 1250 4140 ‚
1366 4128 1419 4138 ..
1494 4125 1499 4138 ,
1582 4124 1588 4136 ‚
1773 4124 1779 4135 ,

135 4161 254 4238 gffimo
278 4162 401 4223 certior
423 4161 618 4224 redderetur
658 4163 732 4222 ΗΘ
755 4176 835 4222 vem
861 4161 935 4236 post
987 4131 1111 4188 Samoou
1133 4129 1267 4202 iprensis
1295 4125 1515 4199 archiepiscopi,
1543 4139 1590 4181 cur
1620 4121 1781 4180 niaturandr

135 4258 289 4337 praedicti
300 4257 424 4322 obitum
436 4205 646 4337 patriarchae,
663 4179 795 4335 elapsa
807 4273 935 4318 succes·
1021 4218 1285 4319 9⁸¹⁰⁰⁸ig⁰³²⁰¹¹¹m
1309 4217 1338 4316 Ψ
1365 4216 1482 4272 Tffl'fflm
1511 4210 1779 4312 Simmmwsoe'

136 4356 227 4417 soris
255 4355 418 4428 absentia,
447 4372 514 4417 non
543 4327 595 4418 est
621 4355 746 4416 veritus
770 4370 843 4416 eam
870 4353 933 4414 sihi
1021 4301 1639 4452 fflffltgssftzfffflcffiffiffiffiffl
1652 4315 1681 4355 Η]
1698 4301 1782 4356 Fran'

136 4453 344 4515 clandestine
367 4452 523 4530 copulare
551 4451 726 4514 ambitiosa
754 4451 934 4529 cupiditate
1631 4431 1638 4444 ⁸
1683 4530 1715 4544 ..

136 4552 294 4624 caecatus,
311 4567 385 4612 cum
401 4567 468 4612 non
483 4550 526 4612 sit
540 4550 609 4611 iilia
624 4549 845 4626 primogenita
860 4565 933 4626 quae
1026 4535 1194 4600 Honorius
1220 4535 1394 4612 ebiscopus
1397 4577 1506 4605 ······
1534 4529 1785 4594 Venerflblllbflss

135 4649 315 4726 utcumque
336 4646 537 4721 succederet,
562 4647 591 4708 ei
606 4649 662 4724 jus
683 4645 821 4708 haberet
845 4646 932 4708 alte·
986 4634 1144 4698 iratribus
1159 4631 1430 4711 archiepiscopis,
1447 4630 1611 4708 episcopis
1633 4629 1666 4690 et
1683 4628 1782 4690 dilec-

134 4746 231 4807 rutra
245 4745 452 4807 succedendi.
985 4733 1029 4795 tis
1044 4732 1123 4794 tiliis
1138 4731 1310 4793 abbatibus
1323 4731 1356 4791 et
1370 4729 1446 4790 aliis
1468 4727 1684 4790 ecclesiarum
1699 4743 1783 4803 prae·

178 4843 305 4904 Etcum
321 4858 407 4903 anno
422 4841 589 4919 praeterito
605 4857 679 4903 cum
698 4842 811 4904 multis
825 4841 934 4919 appu.
985 4830 1074 4903 latis,
1102 4829 1322 4908 principibus,
1356 4826 1536 4888 baronibus
1568 4825 1600 4886 et
1623 4824 1779 4885 universo

135 4940 263 5003 coisset
278 4939 435 5012 Caietam,
452 4939 582 5001 caeteris
605 4939 645 5000 ad
662 4939 779 5000 Sedem
787 4939 932 5017 Aposto-
987 4927 1107 5005 POPUlO
1143 4941 1203 5003 Pel*
1237 4924 1413 4987 Flassfflaffl
1449 4921 1648 4994 ὓθῦθῐὶῑῑῑῐῑθ»
1688 4919 1782 4981 Salu-

135 5038 240 5100 licam
251 5036 495 5109 accedentibus
510 5036 594 5113 ipse,
607 5037 764 5113 tanquam
779 5037 933 5098 conscius
989 5027 1064 5094 tem,
1080 5023 1142 5085 etc·

174 5247 217 5324 (a)
247 5251 346 5308 Exstat
373 5247 531 5308 lmiocentii
558 5245 702 5304 decretum
727 5247 864 5304 adversus
889 5249 935 5306 Al·
1023 5235 1057 5310 t')
1077 5233 1240 5294 lssflbssllflffl·
1277 5264 1289 5280 ·

158 5319 243 5378 honei
259 5319 580 5394 lXLegiouensisregis
594 5319 716 5374 incestas
735 5319 849 5390 nuptias
867 5333 933 5376 cum
1022 5325 1061 5398 (a)
1078 5325 1161 5381 Anno
1175 5336 1244 5380 vero
1261 5321 1339 5388 litii,
1356 5317 1530 5392 Alphonsus,
1546 5317 1596 5390 qui
1616 5316 1783 5374 incestuose

135 5339 274 5450 &theresia
291 5391 498 5465 portugalensi,
511 5389 676 5458 8111101199,
691 5389 931 5461 θβυᾰῧθῐῦῑίῑῑω,
987 5397 1105 5454 alteram
1131 5396 1217 5452 etiarn
1240 5392 1394 5464 coniugem
1423 5391 1627 5464 berengariam
1650 5387 1779 5456 duxerat,

134 5471 158 5522 ί·
177 5466 200 5532 Ι,
212 5478 280 5536 1188·
294 5463 356 5520 379·
759 5505 763 5512 -
987 5468 1152 5540 poeniteotia
1170 5464 1271 5522 ductus
1295 5478 1359 5520 eam
1380 5477 1394 5519 a
1417 5461 1451 5519 'se
1471 5463 1605 5533 religiose
1625 5459 1779 5533 separavit,

174 5550 217 5624 (1)
237 5551 292 5608 An.
314 5551 394 5608 ltili.
987 5545 1058 5596 teste
1073 5545 1220 5610 gestorum
1235 5534 1392 5592 Innocentii
1407 5541 1530 5592 auctore.

174 5643 216 5716 (i)
238 5640 292 5698 ho.
315 5641 391 5696 ll97.
1023 5625 1057 5699 (')
1078 5622 1280 5683 Theobaldum.
