4234 6442
284 229 341 292 esf
905 225 1081 292 HONORII
1103 229 1148 290 111
1167 229 1318 292 oPERu.
1876 233 1937 296 392

284 389 445 470 quasdam
457 389 554 452 villas
571 389 725 452 incendio
740 387 933 463 devastarit,
947 389 980 452 et
994 403 1083 450 mer·
1137 387 1247 452 cordis
1274 388 1485 464 intrinsecus,
1511 387 1544 453 ct
1574 386 1619 454 de
1656 391 1748 455 tanto
1777 392 1938 456 scandalo

284 491 416 552 catores
434 491 551 551 euntes
574 488 616 550 ad
640 485 806 548 nundinas
832 486 991 550 instrata
1014 503 1081 567 pu·
1137 488 1267 550 urimur
1291 488 1519 564 vehementem
1544 487 1636 551 illius
1651 489 1813 564 volentes,
1839 495 1938 570 prout

283 588 371 650 blica
386 586 486 649 fuerit
513 583 733 663 depraedatus,
755 584 906 646 eumdem
927 585 1081 648 comitem
1136 585 1177 646 ad
1200 586 1349 647 nostrum
1373 585 1519 648 officium
1533 587 1686 664 pertinet,
1702 589 1862 652 versutiis
1876 589 1937 652 eb-

284 687 317 747 et
349 685 475 746 terram
508 699 603 746 suam
628 683 787 746 infestare
826 697 894 744 non
926 698 1079 757 cessans,
1136 683 1230 744 viare
1255 683 1312 760 qui
1340 683 1473 746 laetatur
1497 700 1571 745 cum
1598 685 1684 746 male
1709 685 1827 750 fecerit
1843 692 1875 749 et
1900 689 1936 750 in

284 797 483 860 quamquam
498 780 620 842 dilecta
639 780 675 841 in
695 780 826 842 Christo
845 780 915 842 filia
933 780 1080 842 Blancha
1136 780 1290 858 pessimis
1302 781 1402 842 rebus
1418 781 1557 856 exultat,
1573 797 1616 844 ne
1630 783 1760 846 modico
1776 785 1936 862 maligni-

287 878 468 950 comitissa,
484 877 593 939 mater
611 877 716 956 ipsius
740 877 881 950 comitis,
909 893 982 954 quae
1003 877 1079 939 bal·
1135 879 1213 940 tatis
1242 878 1403 941 fermento
1431 881 1499 942 tota
1526 895 1636 942 massa
1669 897 1785 943 eorum
1812 884 1869 960 qui
1896 883 1937 946 de

285 978 368 1038 lium
394 976 480 1053 gerit
508 975 669 1053 eiusdem,
695 975 812 1053 parata
832 975 876 1037 sit
901 975 1081 1040 secundum
1135 963 1239 1052 regno
1259 977 1409 1038 Franciee
1425 977 1466 1039 ad
1495 977 1689 1056 obsequium
1703 981 1784 1042 Jesu
1810 976 1936 1043 Christi

284 1074 501 1153 approbatam
523 1074 620 1150 regni
635 1073 788 1134 Franciee
808 1072 1081 1136 consuetudinem
1136 1071 1224 1135 facta
1248 1075 1309 1148 est,
1326 1074 1421 1151 quasi
1444 1090 1530 1136 nova
1560 1077 1753 1153 conspersio
1780 1093 1934 1140 corrum-

286 1179 376 1236 stare
397 1171 466 1249 juri
481 1194 489 1246 ;
505 1187 578 1242 ,vos
609 1171 743 1241 tamen,
778 1172 845 1233 tam
881 1172 1082 1248 praeceptum
1136 1172 1244 1248 patur,
1260 1172 1317 1233 sed
1332 1172 1368 1233 in
1382 1173 1508 1250 azymis
1523 1173 1726 1236 sinceritatis
1738 1175 1772 1237 et
1784 1176 1937 1239 veritatis

254 1320 257 1325 .
284 1270 432 1350 ejusdem
456 1270 711 1346 predecessoris
737 1269 844 1330 nostri
870 1269 904 1330 et
930 1271 1082 1330 nostrum
1136 1269 1246 1346 potius
1273 1269 1438 1346 epulando
1453 1270 1570 1332 reddat
1595 1273 1734 1333 Domino
1762 1275 1840 1336 vota
1855 1291 1930 1348 sua,

287 1384 385 1447 quam
395 1367 665 1430 constitutionem
679 1367 810 1444 praefati
823 1367 956 1428 concilii
971 1367 1081 1428 surdis
1136 1365 1337 1428 fraternitati
1365 1365 1485 1429 vestrae
1511 1384 1571 1446 per
1597 1369 1779 1446 apostolica
1810 1372 1934 1450 scripta

285 1465 422 1528 auribus
446 1467 669 1538 transeuntes
699 1481 766 1526 non
789 1466 917 1527 tautum
932 1464 1081 1542 praedicti
1136 1461 1276 1525 firmiter
1301 1465 1523 1543 praecipiendo
1545 1466 1740 1528 mandamus
1765 1469 1933 1545 quatinus,

283 1563 403 1628 Erardi
429 1565 462 1625 et
487 1561 654 1625 fautorum
680 1563 786 1640 ipsius
811 1563 1032 1625 temeritatem
1049 1562 1082 1624 et
1136 1561 1238 1622 Deum
1254 1560 1414 1624 babentes
1434 1577 1504 1640 prae
1528 1563 1646 1637 oculis,
1661 1565 1781 1640 gratia,
1798 1565 1875 1629 odio
1894 1583 1934 1627 ac

283 1661 457 1732 maiitiam,
487 1659 575 1722 sicut
605 1659 744 1732 dicitur,
775 1675 986 1736 compescere
1014 1674 1081 1721 non
1134 1657 1254 1720 timore
1266 1659 1469 1737 postpositis,
1482 1662 1800 1724 contraeorumdem
1815 1664 1933 1726 Erardi

282 1759 420 1830 curatis,
436 1758 493 1820 sed
508 1756 689 1834 etquidem
709 1759 865 1827 vestrum,
881 1757 967 1834 quod
979 1771 1082 1833 grave
1136 1754 1337 1834 ethilippae
1344 1759 1832 1836 praesumptionemmalignam,
1836 1761 1933 1838 Juxta

283 1857 430 1932 gerimus
459 1856 492 1919 et
519 1855 706 1922 molestum.
735 1853 858 1918 omissa
881 1854 1081 1931 pontificalis
1136 1853 1392 1930 predecessoris
1405 1855 1508 1917 nostri
1519 1856 1709 1918 mandatum
1723 1858 1756 1919 et
1770 1859 1933 1932 nostrum,

284 1954 386 2016 officii
401 1953 577 2030 gravitate,
591 1952 799 2014 ambulantes
811 1952 991 2014 secundum
1006 1967 1083 2014 oar·
1135 1949 1248 2014 taliter
1258 1952 1331 2012 sine
1345 1967 1447 2014 morae
1458 1953 1631 2031 dispendio
1639 1952 1837 2032 procedatis,
1847 1957 1934 2034 quod

283 2068 371 2123 nem,
386 2051 419 2113 et
433 2051 557 2112 luctum
571 2051 705 2113 viarum
732 2051 812 2111 Sion
840 2049 998 2112 ducentes
1021 2065 1083 2127 pro
1135 2047 1241 2108 zelum
1265 2047 1388 2111 babere
1398 2050 1578 2112 videamini
1592 2053 1704 2114 Terrae
1720 2054 1860 2127 Sanctae,
1875 2071 1938 2116 cu-

283 2149 403 2218 nihilo,
420 2148 527 2210 eidem
542 2147 705 2210 auxilium
719 2146 869 2208 tribuunt
879 2147 913 2208 et
921 2146 1080 2214 favorem,
1131 2147 1187 2222 jus
1203 2162 1246 2207 ex
1256 2147 1446 2224 hujusmodi
1453 2149 1641 2212 terrenitate
1651 2151 1814 2212 auxilinm
1825 2151 1935 2230 impe-

285 2247 353 2324 qui,
379 2247 416 2307 ut
443 2245 484 2306 de
509 2245 677 2324 praedictis
692 2245 878 2307 rationibus
898 2246 1079 2313 taceamus,
1128 2242 1236 2315 ditur,
1246 2245 1279 2306 et
1289 2246 1443 2322 expiasse
1452 2245 1935 2312 nibilominusinobedientiam

284 2345 415 2406 ratione
427 2343 574 2418 homagii
585 2343 671 2420 quod
686 2342 883 2420 receperunt
897 2342 939 2404 ab
954 2359 1004 2416 eo,
1017 2343 1080 2404 de·
1136 2355 1210 2417 quac
1238 2340 1360 2403 dicitur
1385 2344 1607 2420 praecessisse,
1624 2361 1685 2424 per
1711 2347 1934 2410 obedientiam

286 2439 1082 2517 berenteumdemcomitemdefensare.AdJunxit
1136 2437 1357 2512 subsecutam,
1378 2456 1418 2502 ac
1439 2457 1499 2503 nos
1522 2441 1617 2505 vobis
1646 2443 1792 2506 scribere
1815 2446 1933 2507 durius

286 2540 386 2602 etiam
400 2537 673 2615 idemduxqued,
684 2538 749 2599 nisi
762 2537 840 2598 huic
853 2537 968 2601 morbo
982 2539 1082 2600 citius
1136 2551 1202 2596 non
1234 2551 1410 2613 cogamur,
1452 2540 1508 2616 qui
1530 2538 1691 2602 babemus
1716 2544 1752 2603 in
1781 2545 1936 2620 promptu

286 2635 475 2712 apponatur
498 2632 698 2705 remedium,
726 2632 901 2710 plusquam
927 2633 1082 2696 credatur
1136 2648 1266 2695 omnem
1281 2635 1539 2699 inobedientiam
1558 2638 1740 2712 vindicare,
1758 2641 1935 2718 sprituali-

284 2736 396 2795 Terrae
431 2732 560 2794 sanctas
592 2731 791 2808 impedietur
822 2747 1010 2804 succursus,
1041 2748 1082 2794 eo
1136 2729 1197 2792 bus
1211 2733 1316 2794 armis
1328 2733 1361 2796 et
1375 2736 1442 2796 Dec
1457 2736 1644 2812 potentibus
1659 2737 1853 2802 militantes.
1865 2743 1936 2801 ba-

285 2831 372 2910 quod
387 2846 431 2892 ex
453 2829 645 2906 hujusmodi
668 2843 801 2905 guerra,
826 2843 893 2889 non
921 2829 1028 2906 ipsius
1049 2830 1082 2892 et
1135 2829 1204 2890 tum
1217 2831 1512 2905 Laterani,v1non.
1525 2835 1616 2906 maii,
1629 2835 1841 2911 pontificatus
1858 2853 1934 2899 nos-

284 2943 421 2990 suorum
445 2925 618 2998 duntaxat,
644 2925 702 3002 qui
727 2925 954 3000 sicutassem't,
975 2941 1080 3004 prop·
1138 2926 1179 2988 tri
1188 2941 1276 2990 anno
1284 2929 1402 3006 primo.
1413 2928 1783 3010 (InRepcsto,v1nonas
1794 2934 1935 3015 martii.)

282 3028 335 3087 ter
369 3025 433 3086 boc
467 3024 568 3086 ctiam
596 3022 637 3084 de
664 3022 814 3099 partibus
850 3023 1081 3086 transmarinis

283 3122 409 3186 rediret
418 3121 458 3182 ad
472 3121 607 3199 propria
622 3119 829 3194 festinanter,
847 3135 933 3194 cum,
948 3121 1019 3183 tum
1031 3137 1083 3183 ra·
1100 3141 1105 3182 e
1178 3123 1335 3200 Sequitur
1355 3126 1573 3202 apostolicum
1592 3127 1781 3208 exemptum
1796 3130 1934 3192 missum

283 3221 375 3283 tione
400 3218 541 3281 hominii
566 3234 630 3296 quo
653 3217 741 3279 idem
762 3234 873 3280 comes
888 3217 935 3298 (1)
951 3220 1083 3283 tenetur
1132 3218 1381 3283 'Silvanectensi
1405 3223 1561 3303 episcopo
1585 3223 1646 3305 (3),
1670 3225 1781 3289 abbati
1804 3229 1937 3290 Sanctae

284 3317 461 3389 adstricus,
472 3317 544 3378 tum
565 3317 699 3394 propter
712 3316 990 3379 necessitudinem
1002 3335 1083 3380 san·
1137 3318 1311 3380 Genovefae
1333 3317 1380 3399 (4)
1405 3323 1439 3382 et
1463 3321 1567 3398 priori
1595 3324 1708 3386 Sancti
1729 3325 1864 3387 Martini
1892 3325 1935 3387 de

284 3415 408 3492 guinis
424 3415 531 3477 eidem
560 3415 726 3476 ullatenus
741 3414 858 3477 deesse
876 3431 944 3476 non
965 3417 1080 3492 possit,
1137 3415 1268 3492 Campis
1290 3415 1350 3496 (5),
1371 3417 1493 3480 additis
1520 3421 1744 3498 competenter
1766 3423 1877 3485 verbis
1898 3425 1935 3486 in

284 3516 318 3578 et
329 3514 436 3577 dictus
451 3527 562 3575 comes
576 3511 804 3574 detonsionem
819 3513 1083 3576 etauxiliumde·
1137 3511 1226 3573 bunc
1239 3513 1373 3576 modum
1390 3537 1398 3577 ι
1416 3515 1615 3580 Discretioni
1630 3520 1749 3581 vestras
1761 3535 1822 3598 per
1833 3537 1936 3600 apos-

282 3613 388 3676 bitum
396 3611 561 3673 instanter
571 3610 906 3687 postuletabeodem,
919 3612 1081 3674 votione·
1136 3609 1237 3672 tolica
1252 3612 1377 3689 scripta
1399 3612 1539 3676 firmiter
1553 3617 1776 3695 praecipiendo
1791 3619 1936 3680 manda-

285 3710 373 3772 cutio
386 3709 587 3781 retardatur,
604 3723 721 3770 verum
738 3709 839 3770 etiam
854 3709 1001 3771 omnium
1019 3710 1082 3772 ba·
1137 3723 1210 3768 mus
1225 3709 1400 3785 quatenus,
1424 3713 1528 3773 Deum
1550 3713 1709 3777 babentes
1730 3731 1799 3794 prae
1815 3718 1934 3788 oculis,

284 3823 405 3870 nonum
432 3807 527 3882 regni
547 3805 710 3877 Franciae,
733 3807 790 3882 qui
808 3805 990 3869 affixerunt
1013 3808 1084 3868 suis
1137 3805 1257 3880 gratia,
1286 3807 1363 3869 odio
1387 3825 1426 3870 ac
1459 3809 1578 3872 timore
1603 3814 1806 3891 postpositis,
1829 3815 1937 3878 dictos

285 3904 434 3966 humeris
446 3903 577 3980 signum
585 3902 748 3974 crucis,et
758 3903 931 3980 qui-adbuc
938 3904 1083 3980 idipsum
1138 3904 1300 3966 Erardum
1314 3905 1347 3967 et
1362 3906 1562 3985 Philippam,
1585 3925 1714 3973 necnon
1734 3928 1774 3988 ac
1788 3911 1937 3976 fautores

285 4001 410 4063 babent
417 4001 452 4061 in
458 3999 628 4078 proposito
636 3998 1083 4078 faciendiquoniamguerra
1138 4017 1264 4076 eorum,
1282 4005 1328 4071 ut,
1345 4003 1386 4064 ab
1400 4004 1615 4068 infestatione
1631 4010 1781 4085 praedicti
1803 4011 1937 4074 comitis

284 4100 351 4162 ista
365 4098 478 4177 plures
491 4112 588 4174 quam
604 4097 786 4160 aestimetur
799 4097 958 4171 involvet,
971 4100 1007 4160 et
1019 4115 1082 4176 pe·
1137 4101 1171 4160 et
1182 4098 1281 4161 terrae
1297 4115 1368 4162 suae
1382 4101 1415 4164 et
1425 4117 1572 4177 suorum,
1584 4103 1625 4166 ob
1639 4107 1760 4168 Christi
1775 4123 1938 4171 reveren-

286 4197 385 4258 cunia
413 4211 474 4274 pro
498 4195 650 4258 votorum
678 4195 876 4258 executione
904 4197 1019 4272 parata
1047 4199 1084 4260 in
1137 4196 1229 4268 tiam,
1244 4197 1452 4272 desistentes,
1470 4200 1600 4263 firmam
1610 4203 1771 4281 treugam,
1789 4207 1938 4268 inviola-

286 4294 568 4372 expugnationem
584 4292 729 4356 bostium
742 4293 853 4354 crucis
867 4293 991 4357 Christi
1003 4311 1084 4356 con·
1137 4293 1249 4356 biliter
1270 4293 1512 4359 observandam
1539 4314 1648 4377 usque
1672 4302 1714 4364 ad
1740 4305 1868 4381 tempus
1897 4304 1936 4366 in

285 4392 436 4455 sumetur
448 4391 483 4452 in
504 4390 730 4452 interitionem
754 4390 868 4467 populi
894 4390 1082 4466 christiani,
1138 4390 1296 4467 praedicto
1322 4394 1471 4458 Concilio
1499 4394 1696 4469 diffinitum,
1724 4400 1837 4462 ineant
1858 4417 1935 4464 cum

290 4491 425 4551 dextras
441 4488 474 4549 in
489 4503 549 4549 sua
564 4487 695 4549 viscera
709 4488 942 4550 convertentis.
1137 4489 1263 4563 eodem,
1280 4491 1462 4554 monitione
1474 4495 1658 4570 praemissa,
1675 4513 1938 4574 perexcommu-

329 4589 415 4648 Ecce
441 4584 604 4662 quomodo
630 4583 752 4646 astutia
775 4585 906 4648 Satanae
933 4586 1082 4651 laetitiam
1137 4585 1316 4649 nicationis
1341 4590 1539 4652 sententiam
1554 4591 1589 4652 in
1603 4609 1763 4670 personas
1778 4599 1810 4660 et
1828 4598 1938 4661 inter-

284 4683 408 4746 afierre
427 4681 545 4745 nititur
558 4680 749 4756 Philistaeis,
766 4683 861 4762 quasi
876 4686 1083 4761 percussoris
1137 4682 1260 4746 dictum
1275 4685 1311 4746 in
1323 4686 1432 4748 terras
1447 4703 1574 4762 eorum,
1591 4691 1721 4754 sublato
1736 4696 1938 4772 appeliatio-

284 4797 400 4844 sorum
414 4779 615 4844 communita
630 4779 673 4842 sit
687 4779 794 4857 virga,
811 4781 888 4843 dum
911 4781 937 4843 ii
952 4783 1009 4860 qui
1029 4781 1081 4843 si·
1137 4781 1191 4843 nis
1203 4781 1385 4858 obstaculo,
1399 4785 1472 4847 sine
1485 4801 1587 4850 morae
1600 4787 1773 4866 dispendio
1788 4794 1938 4872 compel-

283 4895 385 4958 gnum
399 4878 594 4942 levaverant
608 4879 723 4942 contra
736 4879 901 4952 cesaria
911 4879 1082 4942 iniurium
1137 4878 1233 4954 latis;
1259 4880 1444 4956 prasertim
1470 4899 1545 4945 cum
1576 4887 1736 4963 praedicta
1763 4891 1935 4954 comitissa

283 4977 492 5048 declinando,
508 4975 592 5040 fiunt
611 4977 648 5040 in
667 4977 869 5055 adjutorium
891 4977 969 5039 filiis
985 4979 1079 5051 Loth,
1136 4977 1252 5053 parata
1265 4977 1388 5041 existat
1396 4995 1455 5057 pro
1464 4995 1503 5043 eo
1512 4980 1568 5043 ubi
1576 4983 1737 5060 debuerit,
1752 4989 1934 5050 secundum

283 5078 333 5142 eis
364 5074 520 5139 videlicet
554 5075 631 5153 qui,
666 5074 879 5152 disponentes
921 5076 1081 5139 adversus
1135 5074 1408 5162 consuetudinem
1421 5079 1514 5155 regni
1530 5081 1689 5158 ejusdem,
1702 5084 1933 5163 ipsisJ'ustitiae

284 5172 1082 5245 Dominumtestamentum,dicunt:Hoeredttote
1136 5171 1373 5248 plenitudinem
1398 5175 1567 5240 exhibere.
1590 5181 1630 5242 Et
1658 5183 1815 5258 quoniam
1842 5201 1934 5262 saepe

279 5275 518 5348 possideamus
549 5271 790 5332 sanctuarium
816 5273 880 5332 Det
905 5273 1001 5332 nobis
1019 5269 1079 5351 (2).
1136 5270 1298 5346 contingit
1311 5271 1398 5351 quod
1411 5273 1614 5352 illispraebet
1627 5279 1936 5358 temporalisvexa-

283 5371 352 5434 Nos
367 5368 480 5445 igitur,
495 5366 551 5445 qui
571 5382 615 5429 ex
637 5367 700 5427 boc
722 5366 801 5428 tacti
826 5382 940 5428 sumus
967 5367 1081 5432 dolore
1135 5366 1182 5427 tio
1195 5365 1411 5443 intellectum,
1436 5387 1517 5448 quos
1537 5389 1557 5435 a
1582 5376 1680 5439 malis
1699 5395 1766 5442 non
1790 5381 1936 5446 retranit

318 5499 359 5576 ti)
379 5499 489 5573 adjice,
503 5505 620 5557 aucmre
634 5499 667 5555 b.
684 5496 722 5556 du
737 5495 827 5568 Theti,
841 5497 904 5556 sibi.
1184 5503 1212 5576 3)
1227 5505 1362 5565 Guarino.

318 5574 358 5650 (Ξ)
375 5574 420 5631 Ps.
434 5571 479 5640 82,
497 5569 540 5627 fs.
1186 5575 1241 5650 bd)
1261 5577 1374 5637 tonitui.
