4200 6404
317 301 394 364 239⁴
784 301 961 367 HONORII
984 303 1029 384 ΙΙΙ
1050 301 1198 368 OPERA.
1215 333 1255 350 -
1270 301 1504 368 SERMONES.
1625 385 1632 399 ι
1919 301 1973 366 tto

316 475 458 524 sumtum
472 464 622 536 Domini,
638 464 700 524 6111
716 466 794 538 puts
806 467 1025 526 consiliarius
1043 467 1119 537 aius
1173 464 1389 540 Evangelium
1405 486 1414 526 ι
1429 481 1449 526 ‹
1462 461 1641 540 Postquam
1655 460 1884 524 consummati
1904 465 1974 526 sunt

317 561 384 634 suti
400 557 508 640 (Rom.
533 575 580 633 ιι,
595 559 671 640 33)1
692 561 861 639 Disposuit
875 561 964 624 enim
978 561 1117 630 altitudo
1172 561 1243 623 dies
1267 564 1352 636 octo,
1371 563 1408 625 ut
1428 560 1722 624 circumcideretur
1742 575 1842 637 puer,
1873 575 1973 622 voca-

319 658 464 720 coelesiis
494 659 644 733 consilii,
673 661 711 721 ut
738 659 825 722 sicut
852 675 911 736 per
944 659 1118 722 mulierem
1170 661 1307 723 tumeat
1321 675 1442 722 nomen
1458 663 1529 737 ejus
1543 662 1713 721 iesus...»
1736 661 1782 719 lie
1800 657 1972 720 secunda:

319 771 408 816 mors
429 757 567 818 intravit
589 756 625 817 in
647 757 771 829 orbem,
796 757 843 820 ita
863 772 924 834 per
943 757 1117 820 mulierem
1172 759 1326 819 «Factus
1339 759 1390 819 est
1409 757 1511 819 sudor
1525 759 1598 834 ejus
1618 757 1704 818 sicut
1717 757 1822 832 gucae
1839 757 1975 832 sangui-

318 853 388 914 rita
408 852 533 916 rediret
554 853 595 915 ad
611 854 735 926 orbem,
754 855 791 916 ut
812 854 899 916 unde
914 869 1003 916 mors
1024 855 1117 916 orie-
1172 855 1224 916 nis
1260 855 1467 916 decurrentis
1500 855 1537 916 in
1566 856 1701 916 terram.
1722 872 1741 914 ιι
1762 855 1812 914 De
1847 853 1972 916 tertia:

317 949 425 1024 batur,
441 951 518 1013 inde
530 951 598 1014 vita
610 952 811 1028 resurgeret.
829 951 955 1014 Idcirco
967 951 1117 1013 Christus
1172 955 1317 1014 «testim
1327 968 1408 1014 vero
1421 951 1624 1029 flagellatum
1635 951 1773 1014 tradidit
1783 950 1838 1012 eis
1851 952 1890 1012 ut
1902 967 1975 1012 oru-

318 1049 499 1126 assumpsit
514 1065 648 1110 carnem
668 1050 709 1112 de
729 1050 878 1126 Virgine,
905 1051 941 1114 ut
964 1065 1024 1126 per
1042 1064 1119 1110 car-
1172 1049 1373 1125 cirigeretnr.
1390 1053 1469 1112 »De
1479 1052 1597 1128 quarta
1614 1070 1621 1110 ι
1636 1049 1846 1126 «Postquam
1862 1049 1972 1111 cruci-

318 1147 371 1207 nis
386 1147 689 1224 concupiscentiam
706 1149 877 1224 peccatum
893 1147 1115 1219 contraheret,
1172 1147 1316 1210 fixerunt
1343 1164 1436 1221 eum,
1464 1147 1651 1210 diviserunt
1680 1147 1744 1208 sibi
1771 1146 1972 1208 vestimenta

318 1244 597 1322 quodpercamis
610 1244 806 1306 munditiam
821 1243 960 1306 debehat
972 1243 1115 1306 auterre.
1172 1261 1244 1306 sua.
1265 1261 1283 1306 a
1302 1247 1349 1306 De
1368 1246 1483 1324 quinta
1503 1267 1510 1306 :
1536 1261 1554 1306 ι
1574 1247 1667 1308 Unus
1687 1245 1835 1307 militum
1858 1243 1972 1307 lancea

319 1341 434 1404 Unde:
451 1345 536 1404 Cum
558 1342 647 1404 esset
671 1343 876 1418 despumato
896 1343 1013 1404 Mater
1034 1345 1118 1404 Jesu
1171 1341 1259 1402 latus
1291 1344 1365 1418 ejus
1397 1343 1538 1419 aperuit,
1571 1342 1605 1404 et
1633 1341 1738 1404 exivit
1768 1341 1912 1416 sanguis
1943 1343 1973 1403 et

316 1441 435 1502 Marta
470 1443 610 1515 osopo,
646 1441 833 1514 antequam
871 1439 1115 1511 convenirent,
1172 1455 1269 1516 aqua.
1283 1456 1302 1500 a
1315 1439 1454 1516 Aperuit
1470 1439 1583 1517 utique
1598 1441 1635 1502 ut
1656 1439 1858 1501 thesaurum
1873 1437 1973 1501 effim-

317 1538 460 1600 tnuenta
485 1538 538 1598 est
565 1541 602 1599 tn
636 1537 736 1598 utero
763 1539 890 1599 tacens
912 1540 954 1598 de
982 1538 1118 1611 Spiritu
1172 1537 1265 1598 deret
1277 1538 1470 1614 pretiosum.
1486 1541 1580 1614 Aqua
1591 1537 1627 1598 in
1642 1536 1741 1614 huJus
1754 1551 1847 1598 arcae
1870 1537 1972 1598 latere

317 1636 444 1698 sancto
471 1632 601 1713 (Maith.
629 1649 658 1706 1,
686 1632 750 1712 18).
786 1635 921 1696 uaemrae
953 1633 1116 1711 siquidem
1170 1635 1272 1696 totius
1291 1634 1405 1696 mnndi
1418 1635 1559 1712 pretium
1576 1635 1648 1698 erat
1662 1635 1844 1696 inclusum.
1861 1633 1970 1696 Prima

317 1731 475 1794 mulieres
498 1730 704 1808 concipiunt,
734 1745 801 1792 non
829 1731 1036 1808 desponsatae
1058 1732 1116 1792 sed
1171 1731 1290 1793 edusio
1312 1731 1375 1795 init
1399 1732 1639 1809 completionis,
1668 1733 1817 1793 secunda
1847 1733 1968 1808 fatiga-

316 1830 489 1902 traductae,
506 1846 572 1891 non
597 1829 631 1891 in
646 1829 771 1905 pudore
786 1829 989 1904 virginitatis
1005 1829 1061 1890 sed
1081 1830 1117 1890 in
1170 1829 1284 1903 tionis,
1304 1831 1402 1891 tertia
1422 1831 1601 1903 irrisionis,
1625 1829 1743 1908 quarta
1766 1829 1971 1907 redemptio-

319 1928 450 1990 iervore
464 1927 624 1999 libidinis,
641 1942 708 1987 non
719 1927 754 1986 in
767 1925 908 2002 gratiam
921 1926 978 1987 sed
992 1928 1029 1987 in
1043 1927 1118 1989 oui·
1172 1928 1235 2001 nis,
1250 1928 1365 2005 quinta
1380 1927 1571 1990 ablutionis.

316 2041 404 2104 pam.
422 2024 486 2086 Sed
516 2025 580 2086 ista
601 2023 753 2102 concepit
781 2039 847 2086 non
870 2023 1033 2097 traducta,
1059 2024 1116 2085 sed
1212 2024 1968 2101 ltemthstprcoum...Augustinustachris·

319 2122 528 2198 desponsata.
564 2121 672 2194 Unde,
699 2138 772 2183 oum
801 2123 890 2183 esset
919 2121 1117 2199 desponsata
1170 2122 1366 2184 iusdicebat
1380 2122 1531 2199 seipsum
1546 2139 1687 2199 granum
1700 2121 1966 2184 mortificandum

318 2223 425 2282 Mater
442 2223 522 2282 Jesu
546 2221 653 2281 Maria
676 2220 812 2297 ioseph,
831 2235 898 2280 non
922 2220 985 2280 hoc
1005 2220 1116 2281 ruitin
1171 2221 1206 2281 in
1231 2219 1427 2282 infidelitate
1449 2222 1651 2293 iudaeorum,
1673 2221 1752 2298 qnia
1775 2221 1888 2283 iudaei
1913 2235 1967 2298 per

318 2414 413 2477 Unde
429 2416 606 2492 antequam
621 2415 848 2486 convenirent,
866 2415 1001 2477 inventa
1017 2415 1116 2476 estin
1171 2415 1370 2478 viticandum
1396 2416 1431 2476 in
1460 2415 1524 2477 tide
1552 2415 1700 2478 omnium
1728 2416 1927 2492 populorum
1949 2431 1965 2474 ιι

317 2513 413 2574 utero
437 2511 576 2585 habens,
597 2528 663 2573 non
685 2511 720 2572 in
742 2511 885 2588 culpam,
900 2511 956 2573 sed
978 2512 1013 2572 in
1038 2527 1118 2588 gra-
1171 2513 1299 2591 (iiuct.
1324 2514 1360 2575 51
1390 2517 1429 2575 tn
1454 2511 1580 2594 Ioum),
1601 2513 1680 2591 quia
1707 2529 1825 2574 omnes
1859 2513 1965 2590 populi

317 2610 408 2682 tiam,
426 2609 503 2686 quia
518 2608 558 2669 de
574 2609 700 2686 Spiritu
714 2609 836 2670 Sancto
851 2608 1014 2686 concepit.
1172 2611 1322 2673 conversi
1342 2612 1420 2673 sunt
1434 2610 1475 2672 ad
1488 2611 1586 2672 iidem
1601 2610 1723 2672 Christi
1738 2626 1799 2688 per
1813 2609 1965 2689 praedica·

357 2706 420 2768 Sed
437 2721 570 2768 rursum
588 2707 674 2767 sicut
691 2721 833 2783 manum
852 2705 1009 2768 tinnienti
1023 2705 1116 2769 reci·
1170 2706 1295 2770 tionem
1306 2708 1578 2770 ressurrectionis
1586 2709 1658 2786 eJus
1669 2709 1702 2770 et
1711 2708 1963 2785 promissionem

318 2804 366 2882 pit
393 2820 513 2866 novam
541 2799 681 2865 tormam
707 2804 741 2866 et
767 2819 888 2866 novam
916 2803 1061 2881 speciem
1084 2803 1118 2866 et
1171 2801 1292 2864 tutnrae
1305 2801 1561 2866 resurrectionis
1580 2802 1714 2864 nostrae.
1730 2801 1885 2862 Christus
1899 2800 1963 2861 ita·

317 2901 464 2978 resurgit
476 2901 512 2962 in
524 2900 649 2974 multis,
670 2901 717 2963 ita
730 2900 881 2963 Christus
894 2899 930 2962 in
944 2913 1118 2962 resurrec-
1171 2915 1234 2977 que
1256 2899 1322 2962 nisi
1341 2914 1401 2977 per
1426 2898 1615 2976 passionem
1643 2899 1753 2962 omneis
1779 2897 1962 2969 cecidisset,

317 3000 409 3061 tione
421 2999 548 3076 recepit
562 3014 684 3060 norum
699 2997 908 3076 splendorem
923 2998 957 3060 et
970 2997 1117 3061 surrexit
1171 2996 1282 3060 taliter
1295 2997 1445 3058 mortuus
1467 3011 1534 3058 non
1549 2995 1677 3059 luisset.
1695 2999 1768 3074 lpse
1783 2997 1878 3060 solus
1892 2993 1966 3056 ahs·-

318 3113 393 3159 oum
413 3097 536 3158 multis.
563 3097 660 3158 Solus
684 3095 773 3158 enim
797 3095 834 3157 iu
855 3099 962 3158 morte
985 3095 1114 3168 cecidit,
1171 3111 1235 3174 que
1258 3109 1380 3172 genere
1395 3095 1540 3156 humano
1555 3094 1591 3156 in
1606 3110 1674 3156 suae
1695 3095 1884 3172 majestatis
1907 3108 1964 3170 po-

302 3209 385 3266 ¹non
401 3194 492 3256 solus
510 3195 622 3262 tamen
644 3193 801 3266 surrexit,
818 3193 897 3271 quia
910 3194 994 3256 teste
1007 3195 1118 3256 livan-
1170 3193 1273 3254 tentia
1295 3191 1511 3255 remansisset
1536 3207 1611 3253 cum
1636 3191 1831 3268 angeliaci
1854 3190 1964 3252 suisset

318 3292 417 3370 gello,
443 3292 547 3353 multa
568 3307 708 3368 corpora
732 3291 921 3352 sanctorum
944 3307 1017 3368 quae
1039 3290 1118 3352 dor-
1171 3289 1267 3368 quasi
1288 3305 1429 3366 granum
1455 3291 1647 3366 repositum.
1672 3289 1755 3362 Quia
1770 3305 1853 3352 vero
1875 3303 1963 3349 mor-

318 3390 471 3460 mierant,
484 3389 703 3450 surrexerunt
709 3388 741 3450 et
750 3390 913 3450 venerumt
922 3388 956 3449 in
968 3387 1116 3450 sanctam
1170 3387 1324 3461 tuusiuit,
1335 3388 1474 3450 multum
1488 3386 1631 3448 fructum
1640 3387 1760 3451 attulit.
1774 3388 1860 3460 Quia
1876 3401 1964 3464 prop

318 3487 496 3560 civitatem,
522 3481 652 3549 scilicet
673 3485 870 3558 ierusalem,
893 3486 927 3550 et
952 3500 1118 3563 apparue-
1170 3488 1222 3547 161
1237 3487 1299 3548 hoc
1322 3485 1492 3548 emcltcoit
1514 3489 1609 3548 dium
1626 3487 1784 3557 Deliaci
1807 3484 1903 3548 dedit
1922 3485 1964 3543 1111
2065 3495 2066 3572 3

317 3587 395 3646 runt
418 3584 531 3646 multis
555 3583 687 3664 (Matth.
716 3599 822 3656 ιιιιιι,
848 3581 913 3663 52).
939 3584 979 3644 lit
1002 3597 1116 3644 omnes
1171 3585 1398 3657 tzomenquod
1417 3583 1591 3656 estsuper
1605 3597 1861 3655 menedemos,
1880 3582 1963 3643 utin
2065 3579 2066 3662 i

318 3683 776 3760 oueiesqmanteadventum
788 3681 1017 3759 Redemptoris
1030 3683 1113 3756 ejus,
1170 3680 1963 3756 nomineJesuomnepcouttectcturcoelestium
2065 3689 2066 3698 ¹

317 3780 352 3840 in
371 3779 478 3856 ipsum
504 3779 723 3851 crediderant,
756 3779 796 3841 da
821 3779 946 3840 interni
968 3777 1115 3840 tenebris
1171 3779 1204 3841 ei
1225 3777 1747 3854 tnfcmtomtm,ctomotsiinpuc
1761 3776 1964 3850 confiteatur
2065 3779 2066 3844 Ῑ

317 3875 483 3947 liberarit,
512 3875 687 3952 sicutipse
711 3874 797 3936 diait
815 3891 874 3952 per
897 3876 1115 3937 Zachariama
1171 3879 1251 3950 quio
1263 3879 1430 3937 Dorntoua
1445 3876 1563 3936 noster
1573 3879 1674 3936 lesus
1685 3876 1845 3937 0111111116
1855 3877 1961 3950 inpio-

316 3975 538 4050 insanguine
552 3973 973 4034 testameotetuteouoan
985 3974 1117 4034 cinctos
1170 3974 1371 4036 1166611161
1391 3970 1663 4051 Ρ61111(Ρ111ἱρ.
1685 3988 1721 4046 11,
1746 3971 1809 4051 10).
1829 3973 1869 4034 iit
1891 3970 1961 4031 ideo

316 4075 358 4132 dc
373 4075 450 4158 lucu
463 4074 500 4131 iu
514 4083 580 4144 quo
592 4071 849 4144 concretaque
862 4067 973 4147 (Zach.
990 4085 1037 4142 ιι,
1051 4069 1114 4147 11).
1171 4070 1309 4132 multum
1325 4070 1466 4133 fructum
1480 4071 1599 4144 attulit,
1614 4071 1818 4148 quandoper
1833 4069 1961 4149 passio-

318 4169 420 4242 Quasi
443 4168 533 4230 dicat
549 4189 557 4227 ι
573 4169 599 4229 0
614 4167 754 4238 Christe,
778 4168 842 4229 Fili
865 4169 935 4241 Dei,
952 4168 988 4230 tu
1010 4167 1116 4230 eiiuso
1170 4186 1244 4230 nem
1261 4170 1294 4230 et
1313 4169 1451 4230 mortem
1467 4169 1576 4230 crucis
1594 4169 1698 4230 totum
1720 4183 1826 4244 genus
1850 4169 1963 4229 huma-

315 4268 480 4345 sangnine
495 4268 552 4329 tuo
567 4268 602 4330 in
617 4267 877 4345 redemptionem
890 4266 1113 4344 peccatorum,
1170 4283 1248 4328 num
1263 4266 1413 4338 redemit,
1428 4267 1460 4328 et
1474 4266 1665 4328 redimendo
1680 4265 1721 4327 ad
1737 4283 1773 4328 se
1785 4266 1899 4338 traxit,
1915 4261 1961 4322 si-

316 4367 372 4444 qui
388 4366 509 4428 dicitur
524 4366 662 4443 sanguis
677 4366 878 4437 testamenti,
895 4381 955 4444 pro
970 4380 1008 4426 eo
1028 4363 1114 4442 quod
1170 4367 1225 4427 cut
1238 4365 1311 4442 ipse
1323 4363 1404 4427 dicit
1416 4365 1451 4425 in
1466 4363 1647 4440 Evangelio
1664 4385 1672 4424 ι
1689 4367 1774 4426 Cum
1791 4361 1961 4427 cocliolus

315 4464 350 4524 in
379 4465 451 4540 ipso
480 4480 600 4524 novum
625 4464 872 4525 Testamentum
898 4463 1113 4531 consecrasti,
1169 4466 1269 4536 fuero
1283 4479 1306 4524 a
1319 4463 1701 4534 terriculamentum
1715 4465 1826 4523 aduae
1841 4465 1959 4537 ipsum.

315 4560 460 4621 eduxisti
472 4560 601 4623 vinctos
616 4560 657 4620 de
671 4560 759 4632 lacu,
775 4560 862 4622 idest
875 4577 932 4621 eos
948 4561 1004 4637 qui
1019 4564 1114 4623 arant
1171 4559 1280 4638 (ioan.
1291 4576 1353 4632 ιιι,
1369 4559 1436 4638 32).
1452 4563 1544 4620 Tunc
1561 4560 1624 4620 fuit
1638 4560 1804 4622 exaltatus
1823 4576 1843 4621 a
1863 4561 1958 4624 terra,

315 4656 518 4719 intenebris
540 4657 673 4729 interni,
695 4657 832 4718 obnoxii
854 4660 990 4733 peccato
1006 4659 1113 4734 origi-
1169 4658 1301 4737 quando
1327 4657 1389 4720 init
1414 4657 1541 4735 positus
1563 4658 1597 4720 et
1618 4658 1767 4719 elevatus
1792 4658 1827 4718 in
1855 4667 1958 4722 cruce,

315 4754 397 4816 nali.
422 4756 470 4816 De
484 4755 570 4825 lacu,
587 4754 683 4825 idest,
711 4754 753 4817 de
768 4753 899 4816 interno
911 4755 947 4816 in
961 4771 1026 4832 quo
1047 4771 1113 4816 non
1169 4757 1254 4818 sicut
1268 4756 1341 4833 ipsa
1353 4756 1485 4818 Veritas
1500 4755 1580 4818 dicit
1596 4775 1604 4815 :
1622 4757 1772 4817 wodani
1788 4770 1869 4816 eum
1880 4764 1960 4830 peu-

315 4855 388 4915 erat
409 4868 507 4930 aqua,
536 4851 626 4914 idest
646 4851 867 4928 refrigerium,
902 4851 988 4914 sicut
1009 4853 1113 4914 isaias
1169 4855 1258 4917 tilius
1272 4851 1959 4929 comodamernetnapeuamnmetcru

313 4952 477 5015 testatur:
494 4967 512 5012 ι
532 4949 680 5027 Populus
706 4951 762 5027 qui
789 4950 925 5012 sedebat
951 4950 987 5012 in
1014 4951 1112 5013 tene·
1167 4955 1372 5030 cingendum
1386 4949 1516 5030 (Mattlr.
1531 4966 1588 5022 ιι,
1606 4949 1670 5030 19).

312 5050 393 5124 bris,
417 5049 503 5112 idest
516 5049 551 5111 in
574 5047 716 5120 interno,
732 5048 817 5111 vidit
830 5049 938 5110 lucem
957 5065 1112 5126 magnam
1208 5052 1330 5112 Omnia
1345 5049 1482 5110 truttam
1498 5049 1741 5123 admetpsum.
1758 5047 1875 5109 Omnia
1890 5041 1958 5103 ete·

313 5147 370 5228 (ls.
395 5163 442 5222 ιι,
467 5147 512 5226 2),
538 5145 624 5210 idest
644 5147 823 5210 Christum.
843 5164 862 5209 a
886 5150 925 5210 In
949 5148 1112 5224 sanguine
1168 5147 1235 5208 nim
1250 5145 1363 5217 traxit,
1380 5145 1458 5223 quia
1473 5145 1514 5207 de
1524 5144 1639 5207 electis
1655 5145 1724 5206 suis
1737 5145 1824 5222 apud
1835 5140 1954 5205 interos

311 5245 502 5308 testamenti
525 5245 589 5318 sui,
618 5247 714 5323 qu'us
739 5245 911 5323 sanguinis
937 5245 1113 5324 multiplex
1167 5245 1293 5306 nullum
1306 5243 1450 5321 reliquit.
1467 5245 1651 5320 Antequam
1663 5242 1726 5304 hoc
1738 5257 1877 5318 granum
1890 5237 1958 5297 iru-

312 5343 375 5405 iuit
392 5343 522 5406 effusio.
541 5347 686 5416 Quarum
702 5343 902 5406 effusionum
921 5343 1029 5421 prima
1050 5342 1112 5404 tuit
1167 5343 1268 5404 menti
1302 5343 1468 5404 mortuum
1498 5341 1624 5412 inisset,
1649 5339 1815 5402 modicum
1853 5328 1957 5398 attulit

310 5441 346 5505 in
362 5441 626 5517 circumcisione,
643 5440 789 5504 secunda
802 5441 838 5502 in
854 5440 986 5513 sudore,
1011 5440 1111 5503 tertia
1166 5441 1308 5502 fructum
1330 5440 1416 5502 sicut
1438 5438 1512 5517 ipse
1536 5437 1618 5499 dicit
1644 5453 1704 5516 per
1728 5435 1922 5514 propnetam
1947 5445 1953 5484 =

311 5538 347 5604 in
380 5537 621 5616 flagellatione,
660 5541 777 5619 quarta
810 5539 846 5600 in
881 5537 1109 5603 crucifixione.
1165 5539 1398 5615 stupuerim
1427 5551 1507 5598 sum
1543 5549 1616 5612 epo,
1649 5537 1756 5597 donce
1785 5533 1956 5596 transeam

186 5672 188 5676 .
311 5636 426 5721 quinta
448 5637 481 5699 et
502 5636 617 5699 ultima
638 5637 673 5698 in
693 5636 913 5701 lanceatione.
930 5639 977 5699 De
1003 5636 1108 5715 prima
1166 5633 1399 5716 (Ρε.140,10).
1418 5632 1640 5710 Singulariier
1661 5631 1734 5705 luit,
1750 5629 1854 5693 donec
1868 5629 1954 5688 tran-
