4200 6394
128 215 198 276 109
555 211 611 273 lx.
626 241 668 256 -
686 210 731 276 tN
752 209 1051 272 CONVERSIONE
1073 209 1225 271 sancii
1247 209 1387 270 PAULI.
1740 215 1799 278 llo

128 373 230 437 canit
265 370 414 436 Ecclesia
434 387 486 432 :s
520 372 570 434 Tu
602 385 638 436 es
669 387 729 434 uas
752 370 938 446 electionis,
977 391 980 396 ¹
1036 371 1164 450 Sponsa
1199 368 1323 434 Christi
1355 367 1406 431 θεῖ
1440 383 1648 450 unaquaque
1681 374 1794 440 antima

128 472 262 535 Sancte
278 469 381 532 Paule
405 468 573 548 Apostolo,
594 468 795 549 praedicator
808 469 939 532 verita-
995 468 1195 541 christiana,
1216 483 1293 548 quas
1314 466 1412 530 debet
1433 467 1572 532 floribus
1598 472 1791 546 sustentari,

128 571 182 632 tis
213 569 248 630 in
277 569 435 630 universo
457 568 592 630 mundo.
618 584 637 630 a
659 569 743 642 Quia
769 567 856 630 sicut
881 584 940 630 vus
994 566 1092 639 idest,
1121 567 1216 628 bonis
1238 565 1387 629 moribus
1408 565 1577 630 adornari.
1609 569 1704 632 Unde
1725 573 1796 632 Au-

128 668 214 728 auri
230 669 282 730 est
301 666 475 744 pulchrum
494 667 528 728 et
550 665 733 744 pretiosum
754 666 797 728 ad
819 665 940 728 viden·
995 664 1147 740 gostinus
1164 665 1269 732 :sita
1293 680 1329 726 se
1352 663 1451 727 bomo
1476 667 1536 728 Dei
1559 682 1660 743 egere
1686 667 1792 740 debet,

130 766 230 838 dum,
245 765 291 826 ita
304 764 454 826 doctrina
473 764 507 826 et
520 764 712 844 praedicatio
735 762 824 825 beati
844 762 941 824 Pauli
996 762 1031 824 ut
1046 779 1143 825 nenio
1166 761 1210 824 sit
1229 762 1285 842 qui
1306 778 1374 824 non
1393 779 1470 824 eum
1492 764 1609 826 audire
1625 767 1657 826 et
1680 757 1795 828 ridere

131 863 204 924 luit
228 861 368 941 pulchra
387 865 420 924 et
449 863 595 940 pretiosa
616 863 657 923 ad
683 861 884 924 audiendum
908 862 941 923 et
995 861 1204 922 desideret.»
1226 861 1349 922 Beatus
1377 861 1502 924 Paulus
1522 861 1586 926 luit
1603 862 1692 924 oliva
1717 880 1796 942 spa-

133 961 318 1036 legendum
346 962 380 1022 et
405 960 625 1022 retinendum.
659 959 743 1022 illud
775 975 836 1020 vas
866 960 940 1020 auri
995 958 1083 1020 tiosa
1098 959 1133 1019 in
1156 958 1341 1032 frondibus,
1358 959 1449 1036 qiua,
1474 958 1561 1022 sicut
1586 961 1719 1024 frondes
1744 963 1797 1024 la-

131 1059 203 1120 luit
219 1059 371 1131 solidum,
397 1058 562 1124 etbeatus
583 1059 707 1122 Paulus
726 1057 790 1122 luit
810 1056 941 1120 stabilis
996 1057 1088 1118 ciunt
1125 1057 1292 1131 umbram,
1326 1059 1360 1119 et
1389 1057 1536 1120 liberant
1569 1058 1721 1122 homines
1759 1061 1794 1122 in

130 1159 175 1220 et
196 1157 311 1218 drmus
338 1156 375 1218 in
397 1154 474 1230 ilde,
498 1157 533 1218 iu
556 1155 837 1218 tribulationibus.
865 1155 942 1217 Fuit
995 1155 1109 1217 aestate
1130 1170 1150 1218 a
1179 1155 1292 1218 calore
1313 1155 1406 1229 solis,
1423 1156 1470 1218 ita
1493 1156 1596 1220 verba
1616 1157 1650 1220 et
1668 1158 1797 1236 praedi·

132 1256 279 1318 ornatus
308 1253 399 1316 omni
427 1255 537 1332 lapide
563 1255 728 1333 pretioso,
753 1254 849 1328 idest,
880 1269 939 1316 sa·
995 1253 1082 1316 calio
1108 1253 1198 1316 beati
1221 1253 1318 1320 Pauli
1336 1253 1492 1318 liberavit
1505 1255 1610 1318 totum
1635 1257 1794 1320 mundum

131 1352 279 1431 pientia,
300 1352 451 1425 scientia,
476 1369 576 1430 opere
596 1344 861 1416 etdoct'rina.1n
884 1368 943 1414 sa·-
994 1350 1038 1412 ab
1063 1351 1243 1426 erroribus,
1268 1353 1303 1414 et
1327 1367 1348 1414 a
1368 1351 1532 1429 potestate
1551 1351 1687 1427 diaboli,
1716 1357 1794 1418 eta

132 1451 267 1530 pientia
280 1453 313 1514 et
327 1451 478 1525 scientia,
495 1451 574 1529 quia
586 1451 658 1529 ipso
673 1451 708 1512 in
729 1450 893 1529 sapientia
908 1450 941 1514 et
995 1449 1276 1526 concupiscentiis
1303 1449 1404 1526 hujus
1431 1449 1557 1512 mundi.
1589 1451 1685 1514 Unde
1721 1453 1794 1530 ipse

131 1549 282 1612 scientia
296 1564 365 1626 prae
381 1548 509 1612 cunctis
528 1549 658 1619 enituit,
673 1549 760 1612 siout
778 1550 851 1627 ipse
864 1549 912 1611 ait
930 1566 938 1606 ι
995 1547 1221 1626 praedicabat:
1236 1565 1256 1608 s
1270 1547 1470 1610 hortincate
1491 1565 1627 1610 carnem
1647 1551 1792 1612 vestram

131 1647 356 1722 Sapientiam
365 1645 937 1726 wmdmurinterparsactos(ltior.
995 1662 1110 1708 ‹oum
1119 1646 1210 1710 vitiis
1220 1645 1542 1724 etconcupiecentiis
1553 1647 1653 1724 hujus
1665 1649 1792 1722 mundi,

132 1760 176 1816 ιι,
199 1741 247 1824 6).
271 1745 318 1806 De
339 1743 480 1806 scientia
499 1739 608 1806 idem:
633 1745 809 1806 Emistimo
822 1747 940 1808 omnia
994 1747 1068 1807 cet
1090 1745 1179 1807 sicut
1203 1743 1316 1807 omnia
1342 1744 1490 1806 membra
1518 1745 1629 1808 vestra
1659 1745 1796 1810 luerunt

132 1843 390 1904 detrectantem
428 1857 502 1904 csse
542 1842 692 1918 propter
731 1843 941 1906 encticantcm
993 1859 1129 1906 «arma
1142 1843 1341 1922 iniquitatis,
1359 1845 1393 1905 et
1407 1843 1456 1904 sic
1470 1842 1670 1906 exhibuistis
1689 1861 1795 1906 mem-

132 1940 322 2002 amantum
344 1943 429 2002 Jeme
449 1940 579 2002 Cbrhti
595 1939 733 2019 (Philip.
767 1956 817 2014 111,
838 1938 938 2020 8).1n
994 1959 1012 2002 u
1033 1941 1094 2004 bra
1120 1943 1230 2006 vestra
1244 1942 1373 2004 servire
1387 1941 1558 2020 iniquitati
1572 1943 1613 2004 ad
1628 1943 1793 2020 iniquita-

134 2053 252 2114 opere,
267 2038 436 2116 sicutipse
449 2039 519 2100 ait:
535 2039 771 2101 Piuscaeteris
784 2041 939 2102 laborant
993 2041 1121 2112 clem,
1148 2039 1197 2103 ita
1220 2056 1311 2102 nune
1336 2039 1493 2103 exhibete
1513 2039 1661 2102 membra
1682 2043 1793 2104 vestra

135 2133 168 2216 (Ι
183 2139 260 2196 Cor.
279 2153 336 2208 xv,
358 2135 410 2216 10)
432 2136 510 2214 quia
525 2136 742 2213 evangelium
756 2137 891 2213 regibus
906 2138 940 2200 et
993 2139 1161 2201 (servire
1195 2138 1336 2217 iustitias
1376 2140 1413 2200 in
1448 2139 1747 2200 sanctificationem
1774 2155 1794 2201 a

13 2247 16 2252 ·
133 2233 345 2312 principibus
360 2233 440 2296 etin
455 2235 524 2297 toto
538 2233 620 2296 orbe
638 2237 774 2313 portare
792 2235 826 2297 et
846 2251 937 2314 prae·
994 2236 1105 2316 (Rom.
1125 2253 1171 2312 vr,
1194 2235 1257 2317 13).
1276 2239 1378 2316 Cipus
1404 2253 1484 2314 ergo
1511 2237 1611 2314 caput
1631 2237 1712 2299 olim
1733 2253 1794 2298 su-

134 2332 253 2394 dicara
271 2347 331 2410 pro
355 2333 490 2394 nomine
512 2334 593 2398 iesu
611 2348 679 2396 non
701 2333 874 2396 dubitavit.
900 2336 937 2396 In
993 2351 1178 2412 pergressae
1192 2338 1269 2398 sunt
1281 2335 1486 2414 iniquitates,
1495 2337 1681 2413 jamungat
1694 2336 1795 2412 eaput

133 2429 304 2503 doctrina,
319 2429 522 2508 quianullus
541 2430 588 2493 ita
603 2429 762 2493 docuitet
776 2430 939 2494 iniorma·
993 2451 1090 2495 suurn
1112 2434 1187 2496 oleo
1208 2434 1334 2498 laetitiae
1359 2433 1394 2497 et
1413 2433 1630 2505 annuens,
1652 2434 1793 2512 etjuxte

136 2527 190 2589 vit
216 2527 411 2601 Ecclesiam,
440 2527 633 2608 sicutipse.
663 2529 742 2592 Inde
773 2529 937 2608 estquod
993 2531 1165 2610 sapientis¹
1182 2532 1381 2606 consilium,
1414 2547 1527 2594 coram
1566 2547 1651 2594 canc
1684 2532 1794 2609 capite

134 2625 240 2688 verba
256 2624 406 2703 Apostoli
423 2627 631 2690 resonantia
648 2627 804 2690 universa
819 2627 937 2690 boole-
992 2631 1133 2692 inclinet
1146 2631 1248 2707 caput
1267 2646 1376 2692 suum.
1393 2629 1454 2691 Cui
1468 2629 1541 2692 eret
1567 2629 1660 2692 lrons
1682 2644 1794 2692 mere-

136 2725 203 2784 sia.
220 2723 317 2786 Unde
328 2723 364 2786 in
378 2723 515 2785 Actibus
527 2724 782 2802 Apostolorum:
805 2729 939 2790 Pauus
992 2729 1088 2792 tricis
1102 2729 1138 2792 ut
1149 2727 1253 2790 nollet
1264 2727 1444 2805 eliqrmndo
1459 2726 1746 2804 erubescere,jain
1757 2727 1793 2790 in

135 2823 366 2894 confirmabat
387 2824 559 2884 Ecclesiae
589 2824 771 2898 disputans
797 2823 831 2886 ec
855 2837 940 2886 ειια·
993 2827 1073 2888 sede
1087 2825 1235 2905 pudoris,
1251 2825 1349 2898 idest,
1365 2825 1402 2886 in
1422 2824 1533 2888 fronte
1556 2825 1792 2888 verecundiam

136 2923 222 2982 deris
234 2921 276 2982 de
289 2934 398 2996 reone
411 2923 476 2982 Dei
491 2919 577 3000 (hot.
593 2937 649 2993 xv,
669 2918 737 2999 41).
994 2924 1164 3003 perierat,
1187 2924 1222 2986 et
1243 2923 1428 2986 erubescat.
1458 2923 1552 2986 Unde
1580 2923 1616 2986 in
1640 2923 1790 3002 psalmo:

176 3021 251 3094 Epo
263 3018 382 3080 autam
395 3018 587 3080 sicatoltoa
598 3019 797 3094 fructifera.
816 3019 939 3082 Beatus
992 3025 1104 3096 Beati,
1127 3036 1277 3099 qnorum
1295 3025 1455 3086 rcmnsoe
1477 3022 1558 3085 sarit
1581 3022 1791 3098 iaamuttaics,

137 3114 265 3178 Paulus
290 3115 460 3193 apostolus
484 3115 548 3179 luit
567 3116 656 3180 oliva
674 3117 837 3194 speciosa,
860 3133 939 3196 spa·
993 3122 1028 3184 et
1040 3120 1290 3197 puorarntecta
1304 3121 1386 3184 sunt
1398 3121 1540 3196 peccata
1554 3117 1623 3199 (Ps.
1638 3121 1688 3192 31,
1707 3118 1752 3199 1).

138 3213 223 3276 tiosa
240 3213 273 3276 et
287 3214 444 3291 pretiosa.
463 3215 622 3292 Speciosa
641 3214 676 3277 in
700 3213 849 3290 floribus,
866 3230 939 3293 spa·
1034 3220 1070 3284 Si
1085 3220 1175 3282 enim
1199 3219 1300 3282 homo
1318 3217 1412 3295 tegit,
1439 3221 1526 3280 Deus
1551 3217 1685 3294 detegit,
1707 3219 1741 3281 et
1763 3218 1794 3280 si

136 3311 223 3373 tiosa
244 3312 281 3372 in
297 3311 481 3384 frondibus,
500 3312 534 3374 et
548 3312 694 3389 pretiosa
712 3312 748 3374 in
762 3312 935 3379 fructibus.
994 3318 1092 3380 homo
1107 3317 1242 3395 detegit,
1258 3320 1346 3380 Deus
1370 3317 1463 3394 tegit.
1486 3319 1685 3394 Detagamus
1700 3333 1791 3394 ergo,

137 3409 298 3487 Speciosa
311 3411 349 3472 in
369 3409 520 3484 tionibus,
534 3409 623 3488 quia,
640 3411 728 3472 sicut
742 3409 842 3474 nores
862 3411 939 3474 ειπιῖ
993 3416 1126 3489 iratres,
1153 3417 1187 3480 et
1204 3431 1276 3489 nos,
1294 3415 1372 3478 dum
1393 3417 1523 3493 tempus
1549 3414 1710 3476 habemus
1735 3431 1794 3492 per·

137 3507 270 3586 pulchri
284 3507 327 3572 ad
341 3507 532 3583 uidendum,
549 3509 596 3572 ita
611 3525 720 3572 mores
737 3509 827 3572 beati
841 3509 938 3572 Pauli
993 3514 1236 3594 poenitentiam,
1247 3514 1284 3576 ut
1297 3516 1386 3576 Deus
1403 3527 1444 3574 ea
1458 3513 1549 3587 tegat
1567 3511 1602 3572 in
1625 3511 1748 3584 lutuno,
1761 3513 1795 3575 et

136 3606 280 3684 apostoli
294 3607 431 3669 luerunt
444 3607 532 3684 grati
548 3610 620 3670 Deo
632 3609 665 3670 θῖ
685 3609 813 3686 accepti
829 3607 940 3670 homi-
993 3627 1060 3673 non
1079 3611 1190 3674 videat
1210 3609 1253 3672 ad
1271 3609 1464 3673 uindictam.
1480 3607 1578 3672 Scitis
1605 3608 1695 3671 euim
1713 3610 1793 3687 quia

137 3703 248 3766 nibus.
260 3705 939 3784 Undeipseait:Grattolietsrcmidquod
993 3711 1074 3772 Cain
1099 3707 1240 3786 tegendo
1268 3707 1301 3770 et
1326 3707 1517 3770 excusando
1544 3707 1730 3784 peccatum,
1755 3708 1791 3769 in

135 3819 216 3864 sum
239 3802 272 3866 ct
294 3805 413 3881 procia
431 3807 496 3866 Dei
519 3820 658 3880 semper
683 3808 721 3866 tn
741 3820 800 3868 mc
820 3805 939 3868 mosset
994 3805 1237 3885 desperationis
1262 3805 1419 3885 laqueum
1440 3805 1569 3879 incidit,
1590 3806 1623 3868 et
1644 3807 1793 3868 econtra

137 3903 179 3973 ΙΙ,
190 3903 265 3962 Cor.
276 3917 332 3974 xv,
346 3901 410 3982 10).
421 3902 461 3964 Εῖ
473 3903 561 3964 idem
578 3902 842 3964 mirandumne
852 3902 938 3966 bona
993 3905 1097 3968 David
1112 3920 1173 3982 per
1184 3902 1428 3968 consessionem
1442 3903 1575 3966 veniam
1590 3903 1791 3981 impetrarit.

135 3999 363 4062 ‹nonsolum
374 4017 486 4062 coram
497 4000 940 4064 Deosedetiamcoramho-
993 4006 1034 4067 nt
1057 4004 1087 4066 si
1112 4003 1265 4067 dolemus
1291 4003 1408 4075 corde,
1434 4003 1467 4066 et
1494 4001 1691 4064 mutitemur
1717 4017 1791 4075 ore,

136 4115 155 4158 a
177 4097 334 4172 minibus,
351 4099 430 4178 quia
444 4101 575 4177 oportet
592 4115 653 4162 nos
668 4099 793 4162 habere
814 4099 938 4162 bonum
992 4102 1238 4165 satisfaciamus
1260 4099 1479 4162 nihilominus
1503 4115 1615 4177 opere.
1640 4101 1720 4160 ilaec
1743 4103 1796 4160 est

136 4214 155 4257 a
177 4196 455 4260 testimoniumab
471 4197 513 4260 iis
525 4197 582 4275 qui
595 4200 674 4262 sunt
687 4198 777 4262 intus
791 4200 825 4262 θῖ
837 4199 880 4261 ab
894 4200 938 4262 iis
992 4201 1132 4262 mutatio
1151 4198 1297 4262 dextere
1319 4197 1462 4273 ¹iixcelsi,
1479 4196 1609 4274 quando
1639 4196 1794 4273 peccator

138 4312 158 4355 n
179 4295 238 4372 qui
259 4295 337 4358 sunt
357 4295 441 4356 loris
453 4313 473 4356 n
487 4295 596 4376 (Rom.
613 4312 675 4370 εΗ,
695 4296 748 4376 17)
760 4297 847 4360 sicut
866 4297 940 4375 ipse
993 4313 1052 4376 per
1067 4296 1296 4376 poenitentiam
1310 4301 1344 4358 et
1358 4294 1591 4357 contritionem
1606 4293 1716 4356 mrdis
1732 4309 1791 4355 re-

137 4394 185 4454 ait
205 4393 247 4454 ad
263 4393 420 4455 Titum«
435 4395 473 4456 in
494 4393 648 4456 omnibus
669 4395 812 4472 teipsum
826 4395 940 4472 praebe
992 4396 1113 4474 linquit
1132 4393 1301 4456 diabolum
1326 4393 1360 4456 et
1385 4393 1535 4455 adhaeret
1555 4393 1635 4464 Deo,
1653 4391 1794 4468 despicit

137 4509 156 4553 ι
178 4491 367 4568 exemplum
376 4489 539 4555 bonorum
547 4509 726 4571 operum.»
742 4493 818 4573 (nit
836 4509 874 4567 n,
890 4492 939 4574 7.)
993 4494 1161 4556 mundana
1189 4493 1223 4556 et
1244 4491 1382 4564 caduca,
1399 4491 1433 4554 et
1455 4490 1565 4568 diligit
1589 4489 1738 4554 ooelestia
1761 4489 1796 4552 et

136 4591 259 4652 Beatus
275 4589 399 4652 Paulus
411 4590 580 4668 apostolus
595 4590 660 4654 luit
670 4590 771 4653 arbor
786 4592 938 4669 speciosa
993 4594 1137 4664 aeterna,
1160 4589 1247 4652 sicut
1272 4589 1395 4653 dicitur
1416 4589 1453 4650 in
1477 4586 1651 4650 Ezechiele
1673 4609 1681 4648 ι
1701 4589 1795 4656 cha-

137 4688 175 4749 in
188 4687 940 4768 floribus,quiaineoclaruitomnispulchri-
992 4704 1136 4764 mariaque
1170 4691 1226 4751 die
1258 4687 1420 4764 peccator
1458 4700 1647 4749 conversus
1685 4686 1795 4762 fuerit
1876 4703 1882 4715 ·

136 4785 217 4848 tudo
231 4785 416 4848 honestatis
430 4787 463 4848 et
477 4803 617 4848 morum.
637 4787 732 4850 Unde
745 4789 819 4866 ipse
832 4787 936 4850 elisit:
994 4787 1126 4868 (Ezech.
1140 4801 1262 4860 xxxin,
1277 4784 1341 4866 12),
1357 4785 1435 4863 qnia
1448 4785 1519 4862 ipse
1533 4799 1600 4845 nou
1614 4784 1686 4846 vult
1704 4799 1796 4845 mor-

138 4900 159 4945 ‹
180 4885 401 4961 Quaecumque
420 4886 597 4960 suntvera,
608 4901 826 4965 quascumque
841 4885 941 4964 pudi-
993 4888 1060 4948 tem
1075 4885 1272 4963 peccatoris,
1287 4883 1346 4945 sed
1363 4883 1399 4946 ut
1413 4881 1628 4944 convertatur
1646 4884 1679 4943 et
1690 4881 1793 4942 vivat.

138 4998 159 5043 ‹
179 4997 229 5054 ca,
244 4983 572 5060 quaecumquejusta,
583 4999 799 5062 quaecumque
810 4985 940 5058 sancta,
996 4984 1072 5045 ideo
1087 4987 1175 5044 Deus
1188 4983 1326 5045 mortem
1338 4981 1523 5059 peccatoris
1535 4996 1602 5044 non
1616 4979 1698 5050 vult,
1716 4978 1796 5056 quia

139 5097 158 5141 s
178 5095 394 5158 quaecumque
420 5079 589 5153 amabilia,
607 5098 823 5160 quaecumque
843 5082 940 5144 bonae
995 5085 1082 5145 Deus
1109 5081 1248 5142 mortem
1261 5095 1329 5140 non
1353 5079 1442 5141 lecit.
1463 5077 1543 5142 Ideo
1556 5093 1636 5140 vero
1656 5077 1795 5138 mortem

14 5215 20 5235 .
139 5197 157 5239 a
178 5179 286 5252 tamne,
304 5177 376 5240 haec
391 5179 534 5254 cogitate
550 5194 622 5256 quae
635 5180 810 5254 didicistis,
830 5182 863 5244 θῖ
877 5197 942 5242 au·
995 5197 1063 5242 non
1075 5177 1164 5251 lecit,
1181 5177 1260 5256 quia
1273 5177 1359 5254 quod
1375 5175 1574 5249 factumest,
1591 5175 1628 5236 in
1643 5174 1715 5250 ipso
1726 5173 1797 5238 vita

139 5295 158 5337 e
177 5277 274 5339 distis
294 5278 327 5339 ei
352 5275 541 5354 accepistis,
571 5277 605 5338 et
629 5277 761 5340 vidistis
782 5280 817 5341 in
844 5295 941 5342 me.»
996 5279 1080 5342 erat.
1105 5279 1146 5339 Et
1160 5277 1234 5338 ideo
1247 5274 1334 5352 quod
1349 5275 1473 5336 lactum
1496 5275 1557 5345 est,
1579 5272 1614 5332 in
1639 5272 1712 5348 ipso
1728 5272 1798 5336 uita

142 5375 278 5455 (Philip.
295 5390 340 5447 εν,
352 5373 398 5456 8.)
411 5374 548 5453 Eiquod
559 5375 728 5453 perderes
740 5376 820 5439 boni
831 5394 941 5440 mores
999 5377 1082 5450 erat,
1099 5375 1177 5453 quia
1190 5375 1262 5451 ipse
1275 5375 1326 5436 est
1339 5373 1405 5445 via,
1420 5371 1558 5445 veritas,
1575 5371 1608 5432 et
1622 5371 1702 5433 vita.
1720 5370 1798 5434 Ideo

141 5473 361 5551 accipiantur,
369 5473 510 5535 testetur
521 5489 642 5551 sponsa
654 5473 690 5536 in
698 5475 842 5536 canticis
855 5477 943 5538 Can·
999 5491 1131 5554 quoque
1144 5476 1232 5534 heus
1256 5472 1396 5534 mortem
1422 5468 1608 5547 peccatoris
1629 5485 1697 5532 uon
1715 5470 1797 5544 vult,

141 5573 293 5644 ticenum,
309 5569 524 5636 ubidicitur:
540 5573 671 5638 Fericite
685 5573 907 5646 melioribus.
1000 5573 1078 5654 quia
1106 5587 1199 5634 mors
1224 5571 1434 5652 peccatorum
1460 5567 1605 5647 pessima
1634 5568 1694 5631 est.
1723 5567 1800 5630 Ideo
