4200 6394
193 289 234 351 21
483 285 523 345 Π.
538 282 636 345 -IN
651 259 976 344 Phaisichrionh
991 277 1152 370 ,Rham
1173 275 1325 340 MARIAE
1345 277 1546 341 vinantis.
1786 275 1840 338 22

193 447 313 512 credas
338 443 399 509 tibi
425 459 501 506 eum
522 459 596 505 esse
618 441 826 522 presentem.
852 439 990 504 Dilectio
1045 437 1131 502 idest
1151 437 1339 502 destruetur
1362 437 1504 500 mundus
1524 435 1599 500 iste.
1625 437 1662 498 In
1686 434 1739 498 his
1760 451 1840 513 ergo

194 543 338 624 proximi
358 543 394 604 in
416 541 543 604 duobus
567 539 735 616 consistii3
751 539 788 602 ut
802 537 912 601 omnia
934 537 989 600 ia·
1046 535 1265 614 quadraginta
1287 535 1415 609 diebus,
1437 536 1548 598 anima
1570 549 1636 597 non
1655 534 1842 610 ingreditur

194 644 321 704 ciamus
335 640 384 701 illi
399 657 472 717 quae
484 639 636 701 volumus
649 639 686 699 ut
696 638 754 699 ille
767 637 868 698 iaciat
882 635 989 710 nobis,
1044 634 1296 697 tabernaculum
1323 635 1455 696 aeternae
1480 633 1710 706 beatitudinis,
1736 632 1841 692 donec

195 741 228 800 et
241 737 325 800 nihil
339 736 420 800 mali
439 735 601 798 faciamus
617 735 678 810 illi,
694 735 779 812 quod
795 733 836 796 ah
852 733 909 794 illo
924 749 990 796 no·
1045 732 1247 808 impleantur
1261 733 1331 794 dies
1344 732 1562 810 purgationis,
1576 731 1663 792 idest
1677 731 1781 792 donec
1795 729 1840 789 li-

194 836 303 896 lumus
324 834 405 912 pati.
436 834 529 895 Unde
549 835 708 895 Dominus
729 832 764 892 in
783 831 989 906 Evangelio:
1046 830 1158 891 hiatur
1176 830 1317 890 mundus
1339 829 1412 892 iste.
1441 830 1534 892 Sicut
1558 845 1618 907 ρον
1644 828 1840 904 sanguinem

195 935 551 1005 Omrithncccumqua
571 931 675 992 arctis
695 929 734 990 at
750 932 844 990 cobar
861 929 992 1002 saciant
1046 927 1228 1006 peccatum,
1253 927 1301 988 sic
1320 943 1379 1005 per
1401 928 1631 1006 purgationem
1645 925 1841 1004 poenitentia

195 1033 360 1102 bmutocs
377 1031 412 1090 et
425 1042 487 1090 aas
500 1028 605 1103 facite
623 1031 688 1089 tilis
704 1025 833 1106 (Matth.
851 1024 988 1105 r11,12).
1045 1024 1252 1100 intelligitur.
1269 1023 1346 1086 Dies
1359 1039 1438 1100 ergo
1452 1025 1659 1102 purgationis
1674 1023 1751 1084 sunt
1769 1022 1840 1083 dies

234 1127 317 1189 Item
331 1149 338 1188 ι
354 1125 477 1187 Mulier
491 1140 564 1201 quae
582 1125 736 1201 suscepto
758 1123 885 1185 semine
904 1122 992 1200 parit
1046 1120 1145 1197 hujus
1169 1120 1257 1192 vitae,
1274 1119 1443 1197 inquibus
1465 1121 1576 1182 anima
1593 1121 1663 1182 sive
1678 1135 1738 1196 ρον
1757 1117 1841 1195 bap-

194 1221 389 1295 masculum,
407 1221 504 1285 debet
525 1237 562 1283 se
583 1220 751 1282 abstinere
771 1219 991 1297 quadraginta
1045 1217 1179 1278 tismum
1190 1217 1261 1279 sive
1271 1234 1330 1295 per
1342 1219 1569 1296 poenitentiam
1579 1218 1637 1280 aut
1647 1218 1723 1278 aliis
1734 1215 1842 1278 modis

194 1319 310 1382 diebus
325 1320 366 1381 ab
381 1319 535 1395 ingressu
547 1318 673 1395 templi.
686 1317 909 1395 Quadraginta
920 1318 991 1379 dies
1046 1331 1082 1377 se
1097 1329 1115 1376 a
1132 1314 1296 1391 sanguine
1307 1316 1399 1395 zidest
1417 1332 1437 1376 a
1458 1317 1593 1393 peccato
1608 1315 1737 1392 purgat.
1761 1313 1843 1386 Qui-

194 1415 385 1492 signiilcant
402 1433 498 1477 omne
512 1416 641 1492 tempus
655 1415 732 1476 vitae
747 1417 831 1492 ejus,
847 1430 912 1491 quo
927 1413 993 1476 dii·
1045 1411 1107 1474 bus
1128 1411 1313 1490 completis,
1339 1412 1424 1474 sicut
1444 1413 1547 1474 Beata
1567 1413 1673 1474 Maria
1694 1411 1785 1475 venit
1800 1409 1842 1471 ad

194 1513 300 1575 lemur
319 1528 340 1574 a
361 1528 465 1589 regno
479 1513 559 1588 Dei;
576 1511 657 1574 etin
673 1511 742 1573 illis
756 1511 872 1574 diebus
897 1511 993 1576 debet
1045 1509 1204 1587 templum
1233 1525 1307 1571 cum
1333 1509 1418 1582 illio,
1446 1509 1495 1570 sic
1523 1509 1556 1572 et
1582 1509 1689 1572 tidelis
1715 1508 1839 1580 anima,

193 1609 330 1687 purgari
354 1625 374 1670 a
398 1608 562 1685 profluvio
589 1607 778 1684 sanguinis,
806 1607 902 1681 idest,
933 1624 993 1685 per
1046 1607 1140 1670 linita
1154 1605 1310 1685 praesenti
1324 1607 1393 1671 rita
1406 1608 1440 1669 in
1450 1606 1608 1685 templum
1621 1604 1844 1668 aeternaahea·

195 1705 423 1783 poenitentiam
449 1705 482 1768 et
507 1705 740 1768 contritionem
763 1704 873 1766 cordis
897 1705 993 1768 debet
1046 1705 1198 1768 titudinis
1216 1721 1292 1767 cum
1311 1705 1391 1779 tilio,
1414 1705 1510 1778 idest,
1536 1703 1736 1782 operehono
1750 1717 1841 1779 prae·

195 1803 349 1865 mundari
362 1803 403 1864 ab
417 1803 569 1865 omnihus
584 1803 675 1865 vitiis
690 1803 723 1866 et
734 1803 891 1880 peccatis.
908 1805 994 1889 San-7
1048 1803 1243 1866 sectabitur.
1254 1803 1347 1866 Unde
1357 1804 1392 1865 in
1402 1805 1489 1879 Lege
1499 1801 1656 1880 praecepit
1666 1799 1840 1862 Dominus:

195 1901 270 1976 guis
295 1901 385 1962 enim
416 1901 582 1977 significat
608 1900 796 1979 peccatum,
824 1901 910 1964 sicut
933 1918 994 1979 per
1046 1905 1126 1965 Noa
1148 1904 1329 1977 apparebis
1352 1905 1390 1964 io
1414 1901 1595 1975 cortspectu
1617 1913 1694 1960 mco
1714 1911 1844 1958 caccus

195 1997 401 2060 Ezechielem
423 1997 568 2061 dicitur:
593 1999 629 2060 Si
650 2013 718 2060 non
741 1999 992 2062 annuntiaveris
1048 1997 1165 2078 (tired.
1191 2015 1306 2072 xxxiv,
1323 1998 1388 2079 20),
1404 1999 1500 2070 idest,
1517 2013 1584 2058 non
1599 1997 1667 2058 eris
1681 2009 1806 2059 vacuus
1822 2008 1843 2054 a

195 2095 310 2172 iniquo
331 2095 542 2172 iniquitatem
563 2111 670 2168 suam,
691 2096 887 2172 sanguinem
906 2100 989 2174 ejus,
1046 2096 1132 2158 bono
1157 2113 1257 2175 opere
1285 2097 1371 2159 sicut
1401 2112 1460 2173 ρον
1485 2095 1669 2157 masculum
1689 2092 1842 2154 rationa-

195 2191 296 2265 idast‚
327 2195 517 2270 peccatum,
545 2191 586 2256 de
615 2209 718 2256 manu
740 2194 799 2255 tua
822 2195 991 2272 requiram
1046 2193 1147 2256 bilem
1173 2211 1307 2256 sensum
1330 2195 1522 2272 accipimus,
1539 2193 1586 2255 ita
1600 2208 1659 2270 par
1674 2190 1843 2252 loaminam

196 2286 327 2367 (Iizech.
353 2307 403 2364 111,
431 2289 495 2370 18).
510 2291 549 2353 Et
567 2290 672 2352 David
697 2311 704 2350 ε
729 2293 854 2375 Libero
874 2307 930 2354 me
950 2295 992 2354 de
1046 2292 1198 2354 carnales
1212 2292 1351 2354 affectus
1363 2292 1550 2367 intelligere
1572 2289 1844 2351 debemusTunc

193 2391 420 2464 sanguinibus
459 2392 570 2461 Deus,
611 2391 705 2450 Deus
743 2391 864 2451 salutis
903 2405 992 2452 meaa
1045 2389 1412 2467 ergomuliersuscepto
1424 2390 1550 2450 semine
1560 2389 1649 2467 parit
1658 2387 1840 2456 foeminam,

196 2481 266 2562 (Ps.
281 2485 332 2557 50,
348 2484 412 2565 16).
424 2488 471 2547 Ι)ο
484 2485 702 2562 sanguinibus
716 2485 812 2558 idest,
825 2486 866 2548 de
878 2503 991 2564 pecca·
1046 2488 1176 2564 quando
1198 2487 1309 2548 anima
1333 2487 1465 2565 recepto
1480 2486 1581 2549 rerho
1596 2481 1843 2564 praedicationis

193 2581 237 2642 tis
256 2581 365 2644 libera
386 2599 438 2646 me
451 2587 548 2656 Deus,
564 2585 660 2646 dator
672 2585 726 2646 rel
741 2585 857 2648 auctor
873 2584 990 2647 salutis
1045 2585 1199 2646 carnales
1211 2585 1246 2646 in
1261 2601 1297 2646 se
1312 2585 1417 2646 nutrit
1431 2584 1581 2646 affectus.

195 2693 290 2738 meae.
307 2679 399 2749 Quod
411 2681 521 2742 autem
536 2682 820 2759 quadragenarius
833 2699 990 2744 numerus
1084 2682 1204 2743 Anima
1219 2681 1307 2743 enim
1322 2681 1461 2744 audiens
1476 2680 1613 2743 verbum
1630 2679 1690 2741 Dei
1708 2679 1737 2738 si
1756 2675 1843 2737 mol-

198 2779 397 2851 praasentem
423 2777 526 2838 vitam
553 2780 716 2856 designet,
746 2779 826 2842 hinc
853 2781 991 2858 apparet
1044 2779 1122 2841 liter
1148 2779 1264 2843 vivens
1290 2780 1326 2840 in
1351 2779 1575 2856 voluptatibus
1601 2777 1703 2838 vitam
1737 2774 1839 2846 ducit,

197 2870 275 2948 quia
296 2871 386 2934 idem
405 2889 563 2936 numerus
582 2877 709 2939 constat
725 2893 768 2940 ax
781 2879 943 2955 quaterno
958 2879 991 2941 et
1045 2878 1167 2954 epulis,
1191 2876 1406 2940 ebrietatibus
1432 2877 1465 2938 et
1490 2873 1705 2954 impudicitiis
1732 2871 1845 2932 delec-

194 2965 342 3029 denario.
368 2972 434 3031 Per
448 2973 644 3048 quaternum
658 2975 892 3050 intelliguntur
906 2991 991 3053 qua·
1044 2978 1144 3049 tatur,
1167 2991 1234 3038 non
1258 2975 1441 3037 masculum
1465 2975 1522 3036 sed
1549 2972 1719 3034 foeminam
1741 2969 1840 3047 parit,

192 3064 464 3144 tuorEvangelia‚
475 3070 688 3146 quibustotus
697 3073 839 3134 mundus
848 3074 988 3150 rigatur.
1045 3074 1130 3152 quod
1155 3074 1308 3135 carnales
1330 3073 1469 3135 affectus
1489 3087 1631 3149 sequens
1653 3085 1720 3132 non
1744 3067 1843 3129 tortia

191 3163 257 3223 Per
270 3162 443 3226 denarium
458 3168 690 3243 significantur
704 3171 816 3232 decem
832 3171 989 3234 mandata
1045 3171 1132 3234 lacta
1145 3172 1293 3249 spiritus
1311 3171 1368 3233 sed
1384 3171 1496 3234 carnis
1511 3169 1685 3232 mollitiam
1701 3181 1842 3228 consec-

193 3258 293 3336 legis,
322 3278 395 3340 quae
424 3264 501 3327 data
527 3268 606 3329 sunt
636 3269 758 3344 populo
785 3269 988 3331 iudaeorum.
1044 3270 1238 3332 tatur.1staa
1258 3271 1336 3332 sunt
1362 3269 1506 3330 foeminae
1526 3283 1608 3346 quas
1630 3266 1761 3328 Pharao
1783 3279 1845 3324 rex

193 3359 341 3430 Quatuor
357 3362 446 3421 enim
466 3365 543 3426 sunt
560 3365 710 3442 tempora
732 3365 823 3438 anni,
841 3383 900 3444 ρον
916 3384 990 3445 quaa
1044 3368 1182 3446 AEgypti
1195 3366 1410 3445 praecipiebat
1423 3365 1603 3429 reservari.
1615 3364 1705 3425 Talis
1718 3361 1841 3432 anima,

193 3457 300 3518 omnis
328 3458 433 3520 status
457 3459 557 3538 hujus
583 3463 660 3524 vitae
685 3464 831 3526 volvitur
858 3465 892 3527 et
916 3483 992 3526 mu·
1045 3467 1108 3527 etsi
1133 3467 1286 3542 suscepto
1311 3465 1437 3528 semine
1466 3461 1709 3524 exhortationis
1733 3459 1846 3536 pariat

191 3553 290 3627 tatur,
301 3553 387 3618 idest
400 3559 477 3630 Ver,
487 3559 612 3631 AEstas,
622 3549 809 3622 Autumnus
820 3563 853 3623 et
863 3563 987 3623 Hiems.
1045 3563 1231 3624 masculum
1246 3561 1405 3638 praefocat
1416 3561 1527 3620 tamen
1542 3559 1673 3618 Pharao
1688 3557 1843 3617 rationa-

192 3652 265 3728 Ipse
288 3669 417 3730 quoque
432 3655 589 3717 denarius
604 3673 624 3718 a
639 3659 853 3735 quaternario
874 3659 989 3720 nasci·
1045 3660 1145 3719 bilem
1172 3673 1317 3728 sensum,
1335 3657 1368 3715 et
1387 3654 1538 3715 carnales
1563 3652 1702 3714 affectus
1726 3651 1841 3724 nutrit,

190 3748 255 3820 tur,
286 3751 319 3811 et
353 3750 389 3812 in
424 3753 638 3830 quaternario
674 3755 873 3816 continetur.
905 3755 991 3814 Nam
1046 3754 1132 3830 quod
1160 3769 1258 3830 quum
1293 3752 1502 3828 cognovisset
1519 3753 1637 3823 Deum,
1654 3767 1721 3812 non
1754 3751 1841 3812 sicut

191 3859 293 3906 unum
319 3847 352 3907 et
375 3847 440 3908 duo
464 3849 532 3910 tres
556 3850 694 3922 iaciunt,
711 3853 744 3912 et
759 3852 828 3911 tres
848 3851 992 3913 itemia-
1046 3854 1149 3912 Deum
1179 3849 1362 3926 glorificat3
1395 3850 1568 3926 propterea
1598 3848 1735 3912 tradidit
1767 3863 1841 3910 eam

190 3943 284 4004 ciunt
298 3959 369 4014 sex,
385 3945 419 4004 et
431 3947 573 4021 quatuor
590 3945 717 4009 iaciunt
733 3948 858 4009 decem.
874 3948 990 4010 Decies
1045 3948 1132 4009 Deus
1143 3948 1178 4008 ln
1188 3948 1361 4025 passiones
1372 3947 1681 4023 ignominiae.Unde
1689 3946 1844 4009 admonet

191 4039 303 4099 autem
328 4039 554 4114 quatuomei
577 4043 824 4119 quaterdecies
845 4045 991 4122 quadra·
1045 4046 1131 4106 idem
1162 4046 1340 4122 Apostolus
1369 4045 1482 4107 dicens
1511 4066 1518 4106 ε
1546 4047 1584 4108 st
1611 4061 1728 4117 carme,
1758 4042 1846 4105 idest

190 4135 284 4211 ginta
305 4134 441 4198 iaciunt.
466 4139 507 4200 ut
528 4137 604 4200 ideo
628 4155 688 4217 per
708 4139 798 4204 hunc
815 4159 989 4205 numerum
1044 4143 1235 4215 carnaliter,
1256 4145 1432 4215 viceritis,
1447 4145 1658 4206 moriemini.
1673 4145 1711 4204 Si
1726 4143 1844 4202 autern

189 4249 337 4312 praesens
362 4234 431 4296 vita
458 4236 676 4311 significatur.
714 4241 800 4301 Hinc
826 4241 876 4304 ast
903 4242 988 4318 quod
1043 4243 1170 4317 spiritu
1195 4241 1289 4317 facta
1311 4245 1430 4302 corais
1452 4239 1761 4312 mortificaveritis,
1784 4241 1841 4297 et-

189 4331 251 4392 illii
264 4331 368 4393 Israel
381 4333 600 4410 quadraginta
614 4352 719 4398 annos
734 4337 990 4404 ambulaverunt
1043 4339 1132 4401 vetis
1147 4337 1209 4418 (Ad
1224 4341 1317 4400 Rom.
1331 4353 1405 4409 vrri,
1424 4335 1489 4416 13).

190 4444 249 4506 per
259 4429 437 4492 desertum.
454 4434 519 4493 Per
531 4434 752 4511 quadraginta
768 4451 874 4499 annos
889 4437 990 4499 intel·
1083 4436 1203 4498 Mulier
1224 4451 1303 4510 ergo
1325 4449 1399 4511 quae
1421 4433 1509 4511 parit
1528 4431 1709 4500 loeminam,
1729 4430 1841 4508 sigui·

190 4526 306 4602 ligitur
320 4528 398 4589 vitae
412 4531 587 4605 praesentis
602 4532 719 4604 status
737 4550 800 4611 quo
820 4533 913 4596 finito
926 4534 988 4595 lilii
1045 4532 1121 4595 licat
1144 4533 1236 4594 illam
1257 4533 1403 4593 animam
1427 4547 1500 4609 quae
1516 4531 1596 4593 iacit
1614 4548 1696 4608 opus
1714 4531 1843 4608 imper-

191 4625 305 4698 Israel,
322 4625 408 4687 idest
427 4626 493 4688 riri
517 4627 621 4691 Deum
644 4629 795 4692 videntes
816 4631 990 4695 intrahunt
1043 4627 1176 4691 fectum.
1194 4631 1282 4706 Opus
1299 4628 1528 4707 imperfectum
1544 4628 1594 4691 est
1610 4629 1766 4690 mandata
1781 4625 1843 4686 Dei

185 4723 314 4784 terram
329 4723 571 4800 promissionis,
588 4727 651 4788 hoc
667 4728 717 4789 est
730 4730 855 4791 terram
870 4729 990 4791 coeles-
1043 4746 1109 4791 non
1125 4728 1314 4800 observare,
1334 4727 1443 4788 cibum
1458 4728 1511 4788 vel
1527 4727 1640 4804 potum
1655 4727 1727 4804 plus
1741 4742 1841 4804 quam

189 4818 232 4881 tis
252 4820 360 4896 regni.
384 4821 470 4883 Hinc
484 4823 536 4885 est
552 4823 665 4902 ntique
687 4826 773 4903 quod
796 4829 899 4888 Jonas
915 4828 986 4890 ait:
1043 4842 1180 4888 necasse
1203 4829 1256 4888 est
1280 4825 1442 4902 accipere,
1459 4825 1533 4902 plus
1548 4825 1640 4902 loqui
1655 4826 1713 4886 aut
1730 4825 1842 4885 tacere

189 4919 305 4980 Addccc
316 4921 549 4997 quaaraginta
564 4925 639 4984 dtas
655 4924 690 4985 et
702 4926 831 4986 Ninive
844 4927 989 4987 subcer-
1043 4941 1142 5003 quam
1164 4922 1328 5000 expediat,
1353 4938 1554 5000 exasperare
1580 4937 1759 5000 pauperem
1779 4921 1844 4981 im-

190 5015 285 5077 tsslm'
300 5013 332 5094 (J
337 5031 391 5077 01¹·
407 5031 459 5086 111,
475 5017 519 5095 4)·
1042 5023 1184 5100 portuno
1210 5022 1398 5099 petentem;
1427 5022 1467 5082 ad
1501 5020 1683 5081 Ecclesiam
1713 5018 1841 5080 tardius

230 5114 321 5184 Quod
349 5113 429 5176 tunc
455 5114 578 5190 legitur
605 5117 826 5181 historialiter
851 5119 985 5194 iactum,
1043 5135 1192 5196 surgere,
1210 5121 1348 5196 excepto
1363 5118 1508 5180 liliorum
1523 5117 1689 5178 desiderio
1703 5132 1841 5177 uxorem

188 5211 378 5288 implebitur
399 5212 511 5274 tamen
535 5213 763 5291 spiritualiter.
783 5221 849 5280 Per
865 5218 987 5280 Ninive
1043 5233 1137 5279 suam
1162 5232 1380 5294 cognoscere;
1414 5217 1449 5277 in
1484 5229 1618 5277 carcere
1640 5212 1765 5290 positos
1789 5214 1841 5276 rel

188 5309 330 5370 mundus
354 5310 418 5371 iste
441 5311 658 5388 intelligitur,
684 5331 744 5392 ρον
767 5317 987 5393 quadraginta
1042 5315 1192 5376 infirmos
1226 5315 1354 5377 tardius
1380 5314 1531 5382 visitare,
1565 5312 1697 5372 incaute
1725 5314 1841 5389 jnrare

189 5406 259 5467 dies
271 5408 378 5468 omnis
390 5408 495 5470 status
507 5412 766 5487 praesentisritae
776 5415 985 5490 designatum
1042 5413 1128 5490 quod
1152 5429 1227 5475 cum
1249 5429 1309 5491 per
1332 5413 1479 5488 aliquam
1503 5411 1735 5472 necessitatem
1759 5409 1841 5470 illud

189 5503 291 5566 linitis
306 5521 385 5582 ergo
401 5507 623 5585 quadraginta
644 5509 771 5584 diebus,
788 5512 875 5573 idest
894 5513 987 5575 linito
1042 5511 1180 5588 implere
1207 5527 1274 5573 non
1300 5525 1486 5588 possumus.
1512 5510 1558 5569 De
1579 5509 1642 5570 hac
1661 5507 1840 5586 imperiec-

189 5603 276 5665 statu
302 5605 481 5708 praesentis
506 5606 584 5669 ritae
615 5607 825 5671 subvertetur
853 5611 984 5684 Ninive,
1040 5610 1132 5672 tione
1148 5608 1228 5676 dicit
1244 5607 1420 5670 Psalmista
1439 5629 1445 5668 :
1462 5609 1709 5683 Irrapcrscctum
1725 5621 1840 5668 tractim
