4214 6400
283 313 323 371 39
900 309 1076 372 HONORII
1098 307 1142 370 lll
1165 312 1312 373 OPERA.
1894 319 1933 378 40

283 473 438 534 dandum.
469 473 625 533 (terentes
652 473 761 532 autem
787 470 826 531 de
852 471 909 532 tua
944 471 1082 556 circum·
1138 469 1264 542 fraude,
1281 472 1471 532 renovaturi
1482 471 1523 531 de
1536 471 1645 533 cetero
1654 471 1694 534 de
1704 474 1932 552 quinquennio

284 570 453 646 spectione
477 569 631 630 fiduciam
647 569 841 645 pleniorem,
857 583 934 628 occe
949 568 1081 643 plenam
1136 568 1170 626 in
1186 569 1448 645 quinquennium
1469 569 1660 646 hujusmodi
1676 573 1905 647 juramentum
1921 593 1929 634 ε

286 668 344 730 tibi
371 666 581 728 concedimus
603 666 799 742 potestatem
810 665 950 742 juvandi
969 680 1081 741 regem
1136 665 1395 726 contradictores
1408 666 1530 738 autem,
1557 667 1587 727 si
1611 668 1666 745 qui
1694 667 1830 738 fuerint,
1847 685 1930 731 neo-

284 765 318 826 et
349 779 487 838 regnum
522 763 783 839 quibuscumque
816 763 922 823 modis
956 761 1080 822 videris
1136 777 1201 821 non
1216 764 1249 823 et
1259 763 1350 838 pacis
1364 763 1417 825 vel
1430 763 1506 824 iidei
1521 764 1707 826 turbatores
1729 781 1788 842 per
1810 783 1932 828 censu-

283 859 451 936 expedire,
474 861 565 920 tuam
592 859 733 920 sollicite
759 859 973 920 admonentes
1000 875 1082 934 pru·
1135 875 1190 919 ras
1219 861 1474 931 ecclesiasticas,
1503 877 1577 937 app.
1606 878 1699 934 rem,
1729 879 1928 941 compescas

283 958 440 1029 dentiam,
450 957 486 1018 ut
496 971 615 1018 caveas
626 971 668 1016 ne
679 955 860 1016 insolenter
871 957 1079 1030 aggrediaris
1135 957 1249 1016 contra
1273 957 1421 1032 ejusdem
1447 959 1550 1034 pacis,
1574 959 1625 1020 vel
1653 960 1730 1021 lidei
1745 961 1931 1022 turbatores

283 1055 409 1131 aliquid
424 1055 477 1116 vel
494 1053 635 1115 attentes
654 1069 713 1129 per
732 1054 818 1128 quod
833 1052 981 1113 Ecclesia
999 1069 1081 1114 con·
1135 1055 1347 1116 convocando
1367 1055 1480 1116 ildeles
1503 1057 1641 1132 populos
1654 1057 1720 1118 tuae
1738 1059 1930 1134 provincie,

281 1151 450 1213 tundatur.
485 1153 602 1212 Datum
635 1151 807 1222 Laterani,
838 1150 983 1212 secundo
1009 1151 1077 1210 hal.
1134 1152 1163 1210 si
1176 1167 1311 1212 necesse
1340 1151 1440 1213 luerit
1468 1169 1528 1228 per
1552 1153 1788 1229 indulgentiae,
1812 1171 1933 1216 secun-

283 1249 440 1320 octobris,
456 1264 544 1310 anno
559 1247 677 1324 primo.
1134 1247 1211 1308 dum
1240 1250 1326 1326 quod
1359 1251 1495 1311 utilitati
1519 1250 1737 1314 ecclesiarum
1768 1253 1802 1314 et
1828 1253 1932 1314 totius

1133 1347 1243 1417 terras,
1267 1362 1395 1407 necnon
1418 1348 1451 1409 et
1468 1348 1656 1408 animarum
1685 1349 1784 1411 saluti
1806 1350 1933 1411 videris

1134 1443 1301 1520 expedire.
1321 1444 1414 1504 Nulli
1436 1461 1515 1520 orgo
1537 1445 1709 1506 homiuum
1723 1446 1823 1508 liceat
1845 1446 1931 1508 banc

633 1488 739 1575 XXX
1134 1541 1290 1616 paginam
1303 1543 1426 1601 nostrae
1448 1541 1709 1604 confirmationis
1726 1542 1928 1619 infringere;

1135 1638 1164 1696 si
1197 1638 1270 1714 quis
1306 1639 1427 1709 autem,
1453 1628 1524 1700 etc.
1558 1642 1677 1700 Datum
1703 1641 1869 1712 Laterani,
1898 1645 1928 1702 ll

301 1715 353 1775 Ad
375 1715 537 1775 Gorsium
560 1712 840 1772 aurelianensem
863 1713 1059 1786 episcopum
1134 1735 1201 1794 pap,
1238 1735 1402 1806 octobris,
1434 1731 1652 1812 pontificatus
1695 1738 1801 1799 nostri
1840 1751 1928 1798 anns,

481 1810 513 1870 et
532 1809 772 1884 stuffropoucos
791 1811 876 1880 ejus.
1135 1833 1239 1908 primo
1256 1832 1314 1910 (1)ι

576 1923 611 1979 ao
625 1929 697 1994 sept.
716 1921 793 1978 lars.

314 2047 435 2111 [Rogost.,
453 2044 497 2095 lib.
513 2046 533 2100 l,
546 2044 620 2108 epist.
640 2043 679 2093 29.
699 2069 731 2082 ·-
747 2045 872 2108 bouquet,
885 2043 987 2094 Recueil
1005 2043 1047 2092 des
1469 2021 1594 2106 XXXI

490 2124 636 2182 historiens,
649 2129 669 2173 t.
681 2125 748 2182 Xlll,
764 2139 788 2187 p.
800 2121 868 2187 cta]

1133 2200 1183 2255 ald
1202 2198 1409 2258 abbatissam
1434 2200 1467 2258 ct
1489 2201 1654 2260 alteritates
1676 2201 1711 2259 8.
1732 2199 1925 2261 salvatoris

282 2287 404 2360 Cognita
416 2284 551 2358 exlegum
563 2283 713 2341 hominum
722 2283 906 2356 multiplicata
919 2283 1075 2355 iniquitate,
1411 2297 1648 2356 Massiliensis,

317 2373 435 2433 mandat
450 2371 578 2432 Pontifex
591 2379 621 2430 ut
639 2374 668 2428 in
684 2386 718 2429 ea
735 2372 879 2444 provincia
900 2371 1026 2428 universi
1042 2370 1077 2428 ad
1443 2407 1460 2466 3
1472 2414 1518 2465 0οῑ
1547 2409 1615 2466 me

313 2462 465 2538 iurandum
476 2477 576 2535 pacem
593 2459 815 2532 adstringantur,
827 2467 856 2516 et
870 2459 1074 2532 dequinqucn-
1523 2449 1528 2463 '
1619 2451 1625 2465 '

315 2553 363 2610 uio
379 2550 414 2609 ad
430 2550 655 2624 quinquennium
673 2547 774 2606 podem
787 2549 949 2622 juramento
959 2563 991 2606 se
1003 2548 1074 2606 obli,
1148 2529 1252 2593 sundri,
1264 2530 1371 2579 llistoiro
1384 2530 1414 2580 de
1425 2530 1537 2594 l'abbaye
1550 2531 1595 2581 des
1610 2530 1757 2594 religiauses
1772 2533 1803 2582 de
1821 2533 1905 2584 Saint-

316 2649 395 2716 gent,
1317 2611 1429 2662 Sauveur
1443 2611 1474 2660 de
1488 2610 1618 2669 il‘arseillo,
1632 2627 1657 2675 p.
1670 2611 1741 2676 2qu

1131 2751 1243 2812 Conced
1256 2761 1277 2822 t,
1293 2759 1323 2810 ut
1335 2751 1370 2809 de
1386 2751 1534 2810 novalibus
1547 2753 1608 2810 suis
1621 2769 1684 2826 que
1696 2755 1818 2827 propriis
1830 2769 1928 2827 sump-

1166 2841 1241 2898 tibus
1255 2842 1352 2899 colunt
1364 2841 1410 2898 vel
1425 2841 1460 2898 de
1476 2843 1657 2899 nutrimentis
1675 2842 1841 2900 animalium
1858 2857 1926 2901 suo·

1166 2945 1229 2987 rum
1244 2931 1351 2987 nomini
1364 2930 1491 2988 decimas
1500 2929 1611 2988 solvere
1626 2939 1786 2990 teneantur.

320 2786 488 2854 Honorius
508 2783 682 2860 episcopus
699 2783 883 2846 venerabili
898 2781 993 2843 fratri
1008 2785 1078 2842 Au-

279 2884 448 2946 xitaneusi
463 2881 715 2956 archiepiscopo
730 2879 777 2958 (1)
800 2879 951 2950 salutem,
967 2881 1028 2940 etc.

320 2981 414 3043 Illius
435 2980 525 3055 regis
540 2977 683 3054 pacifici,
707 2976 784 3038 licet
800 2975 969 3048 immeriti,
984 2977 1077 3037 vica-

280 3079 323 3142 rii
338 3075 518 3147 constituti,
537 3075 603 3151 qui,
628 3075 664 3134 ut
688 3073 922 3134 reconciliaret
944 3089 1076 3134 servum
1170 3074 1337 3135 Honorius
1345 3075 1532 3151 episcopus,
1545 3090 1660 3136 servus
1671 3091 1842 3138 servorum
1852 3077 1926 3147 Dei,

279 3176 430 3245 Domino,
460 3173 566 3234 univit
581 3171 747 3231 hominem
761 3169 825 3231 sibi
840 3173 917 3242 Dec,
935 3171 1077 3232 libenter
1131 3172 1259 3232 dilectis
1289 3172 1325 3232 in
1347 3173 1477 3233 Christo
1502 3171 1670 3233 filiabus...
1699 3172 1873 3235 abbatissae
1892 3175 1927 3234 et

279 3275 323 3338 iis
338 3274 395 3351 qui
410 3287 512 3350 prope
537 3269 644 3332 ethis
669 3269 724 3344 qui
752 3268 849 3343 longe
871 3270 959 3338 sunt,
985 3270 1076 3346 pacis
1131 3269 1330 3330 monialibus
1344 3271 1377 3330 S.
1393 3269 1575 3331 salvatoris
1586 3270 1816 3341 Massiliensis,
1831 3272 1925 3332 salu-

279 3371 419 3434 consilia
435 3367 629 3443 cogitamus,
654 3365 760 3442 ipsam
779 3381 840 3442 pro
859 3382 955 3443 posse
970 3366 1075 3426 modis
1131 3367 1196 3428 tem
1212 3367 1243 3428 et
1259 3366 1475 3442 apostolicam
1488 3366 1763 3428 benedictionem.

280 3467 432 3532 omnibus
462 3463 690 3542 procurantes.
724 3465 811 3524 Sane
848 3463 890 3524 ad
928 3463 1075 3526 nostram
1171 3465 1232 3536 Qui
1253 3465 1405 3525 tenemur
1425 3465 1535 3540 justas
1558 3464 1705 3525 omnium
1725 3465 1926 3542 postulatio-

278 3567 412 3630 noveris
445 3561 650 3624 audientiam
678 3561 890 3637 pervenisse,
921 3561 1007 3639 quod
1040 3561 1075 3622 in
1131 3578 1190 3622 nes
1211 3561 1386 3622 admittere
1401 3559 1614 3637 petitionibus
1630 3562 1749 3622 vestris
1773 3579 1844 3640 quae
1868 3578 1928 3623 ra-

280 3664 447 3727 huxitana
460 3659 630 3736 provincia
646 3659 679 3718 et
690 3657 924 3734 circumposita
939 3660 1075 3734 regione
1130 3659 1212 3719 tioni
1225 3659 1426 3718 conveniunt
1440 3659 1473 3718 et
1487 3660 1673 3719 consonant
1685 3659 1852 3720 honestati
1865 3659 1926 3720 be-

282 3775 387 3837 usque
402 3759 484 3819 adeo
498 3754 715 3832 multiplicata
728 3754 779 3816 est
790 3755 949 3831 iniquitas
964 3772 1076 3833 super·
1131 3756 1264 3831 nigrius
1278 3755 1426 3817 nostrum
1437 3755 1588 3830 cogimur
1602 3755 1751 3831 praebere
1764 3755 1923 3829 savorem,

279 3858 408 3928 borum,
425 3853 522 3931 quod,
549 3852 690 3911 scientes
709 3851 786 3927 quia
806 3853 944 3928 justitiae
967 3854 1076 3914 cultus
1131 3854 1166 3913 ut
1191 3852 1371 3914 ferventius
1395 3852 1518 3913 divinis
1542 3852 1709 3928 obsequiis
1727 3853 1919 3926 intendatis,

199 3965 207 3986 ·
285 3955 335 4016 est
355 3969 432 4029 pax,
449 3949 591 4026 injurias
612 3949 771 4023 irrogant,
793 3964 907 4024 pacem
928 3949 1073 4022 turbant,
1130 3966 1204 4009 cum
1226 3949 1266 4010 ab
1283 3948 1472 4025 Apostolica
1500 3950 1583 4010 Sede
1611 3951 1647 4010 in
1674 3951 1726 4010 his
1750 3967 1822 4028 quae
1833 3952 1925 4029 juste

282 4053 324 4124 et,
340 4051 429 4111 inter
450 4048 599 4109 sanctum
614 4045 647 4106 et
658 4043 833 4122 profanum
852 4047 987 4108 minime
1002 4048 1075 4108 dis·
1130 4046 1375 4122 postulaveritis
1389 4045 1519 4108 fueritis
1530 4046 1759 4108 exauditaeEa
1776 4052 1922 4125 propter,

282 4148 471 4218 cernentes,
507 4144 594 4206 bona
623 4144 690 4206 tam
723 4143 949 4204 ecclesiastica
977 4161 1075 4221 quam
1130 4143 1452 4205 dilectaeinChristo
1475 4143 1701 4214 filiae,restris
1720 4145 1820 4222 justis
1839 4161 1922 4222 pos-

281 4245 448 4310 muudana
475 4240 636 4317 diripiunt
661 4239 694 4301 et
718 4239 926 4316 predantur,
957 4241 1076 4318 quibus
1130 4240 1345 4303 inlationibus
1359 4241 1490 4314 gratum
1504 4241 1732 4317 impertientes
1749 4257 1921 4302 assensum

280 4345 346 4408 nisi
361 4341 461 4404 luerit
475 4339 654 4410 obviatum,
671 4353 771 4414 quum
794 4338 948 4414 superbia
961 4355 1075 4404 eorum
1131 4338 1171 4399 ad
1194 4339 1302 4400 instar
1335 4337 1441 4397 felicis
1471 4337 1711 4400 recordationis
1741 4338 1921 4400 Alexandri

280 4455 411 4517 semper.
422 4436 589 4509 ascendat,
603 4436 639 4497 in
651 4434 869 4510 irreparabile
883 4435 984 4496 totius
998 4453 1077 4514 pro-
1131 4439 1228 4511 Papae
1243 4434 1498 4512 praedecessoris
1513 4435 1628 4506 nostri,
1652 4435 1850 4496 auctoritaie
1862 4453 1922 4496 vo-

280 4538 398 4601 vinciae
411 4533 555 4596 militant
568 4532 812 4594 detrimentum.
835 4533 990 4594 Volentes
1005 4535 1074 4610 igi·
1130 4532 1180 4591 bis
1195 4530 1383 4607 apostolica
1398 4530 1553 4592 duximus
1566 4531 1815 4607 indulgendum,
1833 4532 1868 4592 ut
1882 4531 1922 4591 de

278 4638 335 4697 tur
346 4633 423 4694 huic
438 4631 522 4710 posti
536 4627 714 4689 mortiferae
737 4644 912 4690 occurrere
927 4632 1074 4694 antidoto
1130 4627 1302 4688 novalibus
1321 4628 1441 4688 vestris
1472 4643 1545 4704 quae
1569 4628 1713 4704 propriis
1740 4627 1921 4705 sumptibus

280 4731 431 4801 salutari,
457 4727 571 4790 taliter
603 4725 757 4786 duximus
790 4727 1011 4799 statuendum,
1039 4729 1075 4791 ut
1130 4725 1237 4786 colitis
1252 4725 1322 4784 sive
1337 4724 1377 4784 de
1398 4723 1611 4785 nutrimentis
1635 4725 1830 4784 animalium
1845 4742 1922 4786 ves-

278 4828 434 4890 videlicet
447 4824 493 4896 tu,
516 4825 548 4884 et
567 4821 771 4897 suffraganei
791 4821 849 4892 tui,
872 4839 1000 4884 necnon
1015 4825 1076 4885 ab·
1129 4823 1266 4892 trorum,
1282 4821 1408 4882 nemini
1424 4821 1569 4882 decimas
1585 4820 1715 4882 solvere
1729 4821 1920 4884 teneamini.

277 4925 381 4996 butes,
394 4919 633 4990 archidiaconi,
645 4917 879 4990 etaliiclerici,
894 4919 1071 4997 principes,
1130 4922 1165 4980 lu
1180 4918 1444 4996 parrochialibus
1465 4920 1574 4979 autem
1595 4917 1750 4980 ecclesiis
1766 4934 1848 4996 quas
1866 4920 1919 4980 te·

278 5023 453 5093 militeset
466 5017 607 5096 populus
618 5014 793 5076 universus
808 5016 1071 5092 tuaeprovinciae,
1129 5017 1224 5089 netis,
1249 5015 1375 5076 licitum
1395 5015 1439 5077 sit
1452 5013 1547 5076 vobis
1565 5015 1778 5091 presbyteros
1793 5015 1844 5078 vel
1860 5015 1921 5076 cle-

277 5137 392 5202 pacem
414 5115 611 5180 auctoritate
629 5115 742 5174 nostra
760 5113 880 5189 juretis
896 5115 1074 5178 :videlicet
1128 5115 1215 5174 ricos
1234 5112 1369 5187 eligere,
1397 5113 1430 5172 et
1453 5111 1574 5172 electos
1596 5112 1751 5188 episcopo
1775 5127 1923 5189 praesen-

278 5219 362 5297 quod
378 5232 451 5279 eam
461 5211 627 5283 tenebitis,
637 5209 892 5272 manutenebitis
908 5212 940 5274 et
955 5229 1075 5289 seque·
1128 5211 1209 5282 tare,
1238 5209 1368 5286 quibuS,
1394 5209 1422 5269 si
1444 5209 1556 5270 idonei
1582 5208 1716 5282 luerint,
1744 5211 1919 5286 episcopus

277 5317 370 5386 mini,
401 5313 510 5390 Justas
531 5309 564 5371 et
584 5307 799 5369 rationabiles
820 5309 1072 5370 constitutiones
1128 5308 1313 5368 animarum
1337 5320 1453 5368 curam
1465 5305 1662 5381 committat;
1681 5307 1717 5367 ut
1729 5305 1794 5382 ipsi
1823 5307 1855 5368 ei
1878 5307 1919 5370 de

278 5411 381 5474 iactas
396 5425 464 5488 pro
493 5409 565 5484 ipsa
586 5405 803 5468 observabitis
837 5405 977 5466 tirmiter
1000 5407 1072 5468 sine
1128 5399 1366 5481 spiritualibus,
1382 5402 1477 5464 vobis
1493 5404 1603 5464 autem
1617 5402 1656 5465 de
1670 5403 1918 5481 temporalibus,

313 5567 353 5644 (l)
374 5567 480 5626 Garsie
495 5563 531 5621 de
545 5563 621 5623 l'Ort.
1163 5560 1203 5633 (l)
1217 5559 1287 5643 ¹vid.
1303 5559 1379 5616 hanc
1393 5557 1510 5647 bullam,
1526 5559 1574 5617 lib.
1590 5563 1612 5629 l,
1629 5560 1670 5617 tit.
1684 5561 1762 5630 l7,c.
1778 5561 1920 5630 i,Quintae

1126 5632 1244 5704 Cornpd.
1258 5638 1278 5688 t.
1291 5631 1313 5701 1,
1330 5646 1356 5702 p.
1376 5632 1435 5688 lul.
