4234 6442
977 341 1154 402 HONORll
1177 340 1222 400 111
1244 339 1394 400 OPERA.

630 527 877 617 'CCCXXXV
990 591 994 598 -

478 684 531 745 Ad
542 658 732 755 capitutum
745 679 1030 741 xanctonensem.

663 801 758 876 tijun.
775 803 853 860 1117.

404 920 511 984 [Regest.
523 919 569 970 lib.
580 919 602 980 l,
613 917 699 982 epist,
715 917 770 967 tta.
782 918 840 968 llas.
851 917 888 968 La
897 917 1014 968 Portedu
1025 915 1119 982 Theti]

361 1038 526 1097 cessionem
542 1034 656 1094 ilenrici
669 1035 796 1107 episcopi
809 1034 1021 1092 xanctonensis
1032 1032 1159 1106 benigne

396 1127 506 1198 recipit,
525 1137 610 1196 atque
626 1125 819 1198 provisionem
839 1137 891 1196 pro
907 1124 982 1180 victu
1005 1128 1035 1180 et
1054 1121 1158 1180 vestitu

396 1213 629 1288 cjusconfirmat,
645 1211 821 1286 mandatque
835 1212 959 1286 capitulo
973 1213 1060 1270 alium
1079 1211 1155 1284 epia·

396 1319 500 1380 copum
513 1303 632 1377 eligere.

399 1429 584 1501 Honorius,
621 1430 697 1500 etc,
732 1426 861 1490 dilectis
897 1427 976 1488 filiis
1011 1425 1159 1503 capitulo

361 1528 569 1588 Xanctonan.

401 1625 575 1696 Henricus,
608 1623 783 1701 episcopus
817 1622 984 1700 quondam
1016 1621 1160 1684 Xancto·

361 1739 453 1795 nen,
474 1720 655 1800 prudenter
674 1736 858 1797 agnoscens
887 1720 946 1782 Dei
967 1718 1162 1781 misericor·

362 1819 450 1880 diam
478 1820 515 1880 in
541 1819 697 1896 flagellis,
718 1819 751 1880 et
773 1817 949 1880 attendens
976 1816 1062 1894 quod
1091 1830 1158 1877 non

362 1918 470 1980 solum
490 1915 659 1979 coniectus
681 1916 787 1987 senio,
816 1915 874 1976 sed
895 1915 995 1976 etiam
1015 1915 1115 1990 longa
1129 1913 1162 1974 et

363 2013 543 2076 insanabili
574 2014 660 2074 sicut
692 2013 840 2074 creditur
859 2011 1052 2073 infirmitate
1081 2025 1163 2072 con·

364 2110 500 2181 fractus,
528 2109 674 2171 cilicium
706 2109 822 2188 nequit
849 2108 1017 2185 pontificis
1051 2107 1161 2170 adim-

365 2208 469 2285 plere,
479 2224 558 2269 suas
567 2207 663 2269 nobis
674 2207 802 2268 litteras
815 2205 1004 2277 destinavit,
1015 2205 1161 2266 cedendo

364 2307 400 2367 in
414 2305 538 2368 nostris
553 2304 705 2367 manibus
723 2319 782 2381 per
799 2302 945 2375 easdem,
961 2318 1000 2364 ac
1020 2302 1161 2363 humili-

362 2405 416 2466 tar
443 2403 672 2480 supplicando,
695 2402 732 2464 nt
752 2401 935 2463 cessionem
958 2416 1052 2462 suam
1073 2401 1164 2461 rcci-

362 2515 444 2577 pere
464 2499 688 2576 dignaremur,
707 2499 929 2576 provisionem
945 2498 1162 2560 ducentarum

366 2597 527 2659 librarum
548 2598 718 2659 Pictaven.
736 2597 876 2658 monetae
889 2611 929 2656 ac
944 2595 1163 2673 quadraginta

363 2695 550 2757 modiorum
575 2695 646 2756 vini
673 2693 747 2766 sibi,
778 2693 819 2755 de
847 2709 1012 2755 consensu
1036 2696 1160 2764 vestro,

365 2808 426 2870 pro
446 2793 555 2854 victus
574 2795 608 2854 et
629 2793 768 2854 vestitus
790 2790 990 2853 necessariis
1010 2791 1164 2865 assigna-

365 2892 434 2952 tam
457 2889 656 2966 apostolicis
682 2888 745 2950 sibi
772 2889 892 2950 litteris
916 2888 1160 2949 confirmantes.

366 2989 435 3048 Nos
448 2986 553 3061 igitur
566 2988 638 3063 eJus
651 2987 686 3047 in
699 3001 738 3047 eo
758 2985 968 3063 prudentiam
993 3000 1164 3046 commen-

367 3084 496 3151 dantes,
507 3084 593 3160 quod
604 3083 646 3144 ab
657 3099 770 3152 onere,
779 3082 864 3160 quod
872 3085 943 3160 jam
954 3085 1087 3160 portare
1097 3099 1162 3144 non

362 3179 493 3242 suflicit
507 3181 686 3242 exonerari
700 3180 879 3253 desiderat,
895 3197 938 3241 ne
952 3195 1012 3259 pro
1028 3179 1163 3263 'deiectu

368 3295 429 3339 sno
437 3278 644 3356 dispendium
653 3279 1162 3341 incurratecclesiaXanctonen.

366 3376 550 3438 cessionem
560 3393 653 3438 suam
661 3374 803 3452 benigne
811 3377 1164 3453 recepimus3etatten-

368 3473 484 3536 dentes
500 3475 585 3552 quod
598 3474 705 3536 eidem
719 3475 869 3536 ecclesiae
880 3474 936 3535 diu
951 3473 1164 3536 landabiliter

367 3571 512 3650 praefuit,
540 3573 764 3650 provisionem
798 3573 861 3634 sibi
891 3572 1163 3635 confirmavimus

368 3671 581 3733 antedictam.
598 3671 758 3742 Quocirca
769 3670 1092 3733 discretionisestrae
1104 3685 1165 3747 per

368 3768 558 3845 apostolica
594 3769 716 3844 scripta
752 3767 963 3839 mandamus,
1000 3769 1163 3845 quatenus

368 3865 604 3926 convenientes
618 3865 780 3935 inunum,
793 3880 970 3941 personam
983 3882 1057 3942 quae
1072 3866 1163 3926 tanto

364 3964 528 4038 congruat
542 3963 637 4022 oneri
652 3962 684 4024 ct
699 3961 829 4033 honori,
848 3960 980 4038 eligatis
996 3960 1091 4024 vobis
1106 3977 1166 4024 ca-

368 4061 488 4122 nonice
504 4060 539 4120 in
552 4061 730 4137 pastorem.

405 4159 523 4220 Datum
538 4158 710 4234 Anagniae,
735 4157 853 4219 octavo
873 4156 948 4218 idus
959 4157 1059 4234 junii,
1080 4173 1165 4236 pon-

297 4269 299 4274 ’
367 4256 513 4318 tilicatus
528 4255 633 4318 nestri
648 4271 736 4319 anno
751 4255 869 4332 primo.

636 4477 891 4566 cccxxxvi

421 4633 473 4692 Ad
499 4633 691 4692 ilenricnm
717 4631 889 4702 quondam
913 4632 1109 4704 episcon

624 4727 910 4790 xanctonensem.

667 4857 758 4933 cjun.
776 4857 856 4916 1117.

415 4974 522 5039 [Regem.
533 4973 577 5024 lib.
589 4975 610 5035 l,
624 4973 699 5040 epist.
708 4972 763 5024 168.
776 4974 834 5024 llos.
845 4973 880 5024 La
890 4973 965 5024 Ponte
976 4973 1011 5024 du
1022 4973 1116 5038 risit]

368 5091 556 5152 confirmatur
574 5091 667 5148 cessio
684 5089 760 5148 illius
777 5090 959 5163 episcopatus
978 5095 1093 5163 propter
1115 5102 1161 5146 se·

404 5188 559 5249 nectutem,
575 5187 604 5236 et
622 5179 689 5237 ideo
708 5181 892 5253 assignantur
905 5180 932 5237 ei
948 5179 1001 5238 100
1019 5179 1098 5236 librae
1113 5192 1164 5250 pro

404 5271 490 5340 victu,
506 5278 535 5326 et
548 5267 713 5342 indulgetur
724 5276 753 5326 ut
767 5268 857 5342 possit
870 5268 985 5342 sepeliri
1000 5281 1066 5325 cum
1081 5267 1164 5324 vesti·

404 5358 457 5416 bus
473 5357 693 5432 pontificalibus.

408 5487 589 5560 Honorius,
605 5485 681 5558 etc,
697 5483 884 5546 venerabili
906 5482 1002 5545 fratri
1020 5483 1165 5546 ilenrico

369 5584 533 5664 quondam
549 5584 703 5660 episcopo
717 5581 904 5644 Xantonen.

411 5680 595 5748 Prudenter
615 5695 801 5757 agnoscens
819 5679 879 5741 Dei
903 5677 1165 5742 misericordiam

1960 307 2075 396 rze'

1211 498 1246 562 ln
1271 495 1413 574 flagellis
1440 495 1474 560 et
1499 491 1673 560 attendens
1695 494 1782 572 quod
1805 511 1874 557 non
1908 496 2022 558 solum
2075 485 2076 492 '

1212 594 1380 658 coniectus
1399 592 1504 666 sanic,
1519 593 1578 658 aed
1593 593 1694 654 etiam
1708 593 1807 670 longe
1824 593 1858 655 et
1872 593 2024 655 insana-
2076 615 2077 676 3

1211 693 1270 756 bili
1298 693 1385 756 sicut
1410 691 1557 756 creditur
1583 691 1777 754 infirmitate
1802 691 2022 763 confractus,

1212 791 1358 853 cilicium
1382 789 1501 867 nequis
1529 789 1696 867 pontilicis
1721 789 1919 866 adimplere,
1942 791 2022 852 tuas

1212 889 1307 950 nobis
1332 888 1460 950 litteras
1482 887 1646 960 direxisti,
1663 887 1809 950 cedendo
1828 888 1866 948 in
1889 889 2025 950 nostris

1213 985 1366 1048 manibus
1387 1001 1447 1063 per
1461 986 1606 1058 easdem,
1627 1001 1666 1047 ac
1687 985 1861 1048 humiliter
1884 986 2025 1062 suppli-

1213 1083 1332 1156 cando,
1348 1085 1384 1145 ut
1398 1083 1582 1146 cessionem
1604 1084 1694 1145 tuam
1719 1083 1868 1161 recipere
1889 1084 2022 1160 digna-

1212 1199 1335 1252 remur,
1351 1181 1577 1260 provisionem
1603 1181 1822 1244 ducentarum
1848 1181 2024 1244 librarum

1214 1281 1382 1342 Pictaven.
1403 1284 1556 1351 moneiae,
1576 1295 1619 1342 ae
1639 1279 1860 1358 quadraginta
1880 1279 2022 1341 modio-

1214 1394 1286 1440 rum
1299 1378 1370 1440 vini
1384 1377 1445 1440 tibi
1460 1394 1520 1456 pro
1535 1377 1643 1439 victus
1658 1380 1691 1439 et
1702 1377 1842 1440 vestitus
1856 1392 2021 1439 necessa-

1214 1475 1274 1538 riis
1294 1475 1334 1537 de
1353 1491 1518 1538 consensu
1539 1475 1746 1538 Xanctonen.
1765 1473 1905 1552 capituli
1921 1475 2021 1536 assi-

1214 1571 2020 1650 gnammnpostolicistibilittcrisconarmantes.

1215 1673 1283 1732 Nos
1295 1671 1399 1746 igitur
1410 1671 1501 1732 tuam
1522 1671 1556 1730 in
1571 1685 1611 1732 eo
1626 1670 1835 1748 prudentiam
1850 1685 2025 1732 commen-

1215 1768 1342 1842 dantes,
1368 1768 1455 1846 quod
1478 1767 1519 1829 ab
1544 1783 1657 1840 onere,
1683 1767 1857 1845 quodiam
1878 1769 2024 1846 portare

1215 1882 1281 1928 non
1308 1865 1447 1938 sufficie,
1474 1865 1652 1928 exonerari
1678 1865 1866 1938 desideras,
1893 1881 1938 1926 ne
1959 1881 2024 1942 pro

1215 1964 1345 2026 defectu
1366 1965 1423 2024 ino
1452 1963 1661 2041 dispendium
1693 1963 1844 2024 incurrat
1868 1963 2024 2025 ecclesia

1216 2063 1437 2135 xanctonen,
1451 2063 1639 2124 cessionem
1654 2062 1744 2123 tuam
1759 2059 1904 2136 benigne
1918 2077 2022 2122 rece-

1217 2159 1325 2236 pimus
1341 2180 1349 2220 :
1365 2161 1398 2220 et
1416 2158 1622 2221 attendentes
1637 2157 1722 2236 quod
1738 2157 1847 2220 eidem
1862 2159 2023 2220 ecclesiae

1217 2256 1273 2317 diu
1287 2256 1498 2320 laudabiliter
1508 2253 1682 2334 praefuisti,
1694 2255 1920 2334 provisionem
1935 2273 2024 2333 prae-

1217 2354 1338 2416 dictem
1352 2353 1412 2416 tibi
1427 2353 1624 2417 auctoritate
1638 2353 1827 2430 Apostolica
1840 2353 2023 2415 confirma-

1218 2469 1301 2525 muS,
1314 2453 1346 2515 et
1360 2450 1534 2530 praesentis
1545 2451 1660 2528 scripti
1673 2451 1859 2527 patrocinio
1871 2467 2026 2514 commu·
2084 2459 2085 2462 ’

1217 2550 1338 2624 nimus,
1360 2549 1579 2612 concedentes
1602 2549 1637 2611 ut
1659 2548 1790 2626 quando
1804 2549 1970 2611 Dominus
1990 2553 2023 2612 te

1217 2647 1331 2708 vocari
1352 2647 1495 2710 voluerit
1508 2646 1550 2708 ab
1571 2646 1635 2708 hac
1657 2646 1741 2719 luce,
1765 2663 1840 2708 cum
1853 2647 2023 2723 insigniis
2085 2685 2086 2706 2

1217 2742 1463 2824 pontificalibus
1486 2743 1671 2806 tumuleris.
1695 2743 1788 2804 Nulli
1814 2759 1907 2820 ergo,
1928 2745 2020 2816 etc,

1218 2844 1340 2904 nostrae
1355 2841 1616 2904 confirmationis
1635 2841 1670 2903 et
1684 2841 1925 2912 concessionis,
1953 2845 2019 2904 ele.
2086 2869 2087 2888 .

1219 2941 1253 3001 Si
1270 2940 1343 3018 quis
1359 2943 1484 3012 autem,
1498 2942 1560 3002 etc.

1257 3038 1376 3099 Datum
1393 3037 1567 3114 Anagniae,
1589 3037 1705 3098 octavo
1723 3037 1798 3100 idus
1808 3037 1909 3116 junii,
1926 3053 2020 3115 pon·
2087 3053 2088 3076 Ι

1218 3135 1361 3198 tificatus
1376 3135 1482 3197 nostri
1494 3151 1582 3198 anno
1593 3135 1712 3214 primo.

1269 3475 1322 3535 Ad
1333 3473 1585 3536 monasterinm
1598 3475 1632 3535 S.
1647 3475 1773 3534 Martie
1787 3475 1828 3536 dc
1846 3475 1977 3536 Urania.

1521 3597 1537 3654 7
1549 3593 1623 3669 junii
1638 3595 1717 3654 itit.

1219 3709 1357 3776 [blitarelli
1370 3709 1464 3761 Annal.
1476 3709 1690 3769 camaldulenses,
1703 3716 1722 3760 t.
1734 3711 1777 3770 iv,
1789 3709 1898 3776 append.
1912 3725 1938 3776 p.
1950 3709 2020 3776 aaa]

1263 3817 1427 3878 llonasterii
1441 3819 1470 3876 S.
1482 3817 1579 3878 llariaa
1591 3816 1626 3876 de
1640 3819 1735 3876 Urano
1749 3815 1980 3877 camaldulensis

1427 3905 1535 3964 ordinis
1547 3907 1663 3965 tutelam
1677 3906 1806 3980 suscipit.

1258 4015 1426 4078 Honorius
1438 4015 1749 4094 episcopusservus
1759 4030 1932 4076 servorum
1945 4015 2016 4086 Dei,

1219 4113 1348 4175 dilectis
1358 4111 1474 4174 filiis...
1486 4112 1598 4175 abbati
1611 4111 1810 4174 etiratribus
1821 4113 2017 4174 monasterii

1219 4211 1349 4272 Sanctae
1364 4201 1479 4272 Mariae
1494 4209 1534 4270 de
1553 4211 1665 4272 Urano
1682 4209 1947 4271 camaldulensis
1963 4225 2019 4272 or-

1219 4307 1317 4381 dinis,
1331 4308 1472 4370 salutom
1498 4309 1533 4370 et
1555 4307 1782 4386 Apostolicam
1810 4306 2018 4370 benedictio·

1219 4421 1307 4466 nem.

1259 4505 1297 4564 ln
1324 4503 1455 4579 regesto
1486 4503 1566 4564 noni
1600 4501 1680 4565 anni
1708 4502 1816 4564 felicis
1844 4503 2015 4564 memoria

1218 4599 1399 4664 Alexandri
1421 4601 1521 4678 Papae
1545 4602 1602 4672 lli,
1617 4599 1873 4677 praedecessoris
1897 4600 2013 4670 nostri,

1218 4687 1275 4760 sic'
1290 4699 1520 4776 perspeximus
1544 4698 1725 4761 contineri:
1747 4699 1784 4760 P.
1807 4697 2017 4776 procuratori

1218 4795 1368 4856 ecclesiae
1394 4797 1523 4856 Sanctae
1539 4795 1655 4857 Mariae
1674 4796 1716 4856 de
1728 4797 1840 4857 Urano
1858 4797 1891 4856 et
1904 4795 2018 4856 iratri-

1217 4891 1279 4953 bus
1300 4895 1383 4970 ejus.
1407 4895 1574 4970 Susceptae
1595 4892 1854 4970 dispensationis
1871 4891 2016 4955 cilicium

1219 5006 1278 5054 nos
1294 4989 1446 5052 hortatur
1456 4990 1684 5067 multipliciter
1697 4990 1729 5053 et
1739 4990 1870 5062 invitat,
1885 4992 1923 5052 ut
1935 4990 2015 5062 illis,

1218 5087 1286 5165 qui,
1315 5086 1433 5150 relicta
1457 5087 1553 5150 domo
1578 5084 1742 5166 rebusque
1765 5087 1928 5166 paternis,
1954 5086 2017 5148 soli

1219 5187 1286 5247 Deo
1310 5185 1455 5246 militare
1479 5184 1678 5257 desiderant,
1704 5185 1904 5263 Apostolicae
1921 5185 2015 5246 Sedis

1219 5283 1411 5361 praesidium
1446 5282 1695 5359 impertiamur,
1732 5283 1765 5344 ot
1799 5299 1917 5346 eorum
1938 5285 2019 5360 jura

1094 5387 1098 5394 “
1219 5381 1427 5462 propensiori
1446 5396 1527 5442 cura
1541 5380 1719 5442 debeamus
1738 5381 1772 5444 et
1791 5379 2019 5442 sollicitudine

1220 5479 1412 5553 defensaro;
1429 5479 1597 5556 quocirca,
1614 5478 1728 5540 dilecti
1743 5478 1777 5539 in
1798 5478 1938 5540 Domino
1956 5479 2019 5541 filii

1220 5578 1427 5641 devotionem
1456 5578 1614 5648 vestram,
1644 5592 1742 5656 quam
1770 5591 1851 5654 erga
1881 5575 2017 5639 beatum

1221 5679 1355 5740 Peirrrm
1376 5677 1408 5737 et
1419 5689 1483 5740 nos
1499 5675 1587 5754 ipsos
1602 5673 1725 5736 habere
1742 5673 1920 5736 noscimini
1938 5675 2022 5737 dili-
