4200 6394
136 285 204 357 121
570 288 611 356 X·
626 317 664 340 ···
686 285 732 358 IN
754 283 1051 356 convEuswrtn
1071 285 1196 354 annul
1217 286 1357 356 PAULI.
1729 296 1791 360 122

134 443 212 526 ipse
226 443 443 510 convertatur
458 443 501 508 ad
523 461 596 522 nos,
612 448 650 510 ut
667 442 787 510 liberet
808 460 870 509 nos
896 443 938 508 de
1033 443 1127 510 Unde
1147 445 1276 525 lpsede
1294 463 1331 510 99
1349 446 1397 512 111
1412 469 1421 511 :
1437 449 1502 519 0111
1513 452 1615 526 praee
1638 452 1792 532 1191919-

134 543 303 624 profuudo
327 543 532 608 confusionis
559 561 634 626 991
661 545 744 608 11191
768 544 804 607 iu
837 544 936 608 corde
990 545 1115 607 9111991
1125 547 1332 620 persecutor
1348 547 1383 610 91
1401 549 1667 614 marcomerem
1680 557 1790 617 91111-

135 642 806 723 9919111119911111191919,9919111191
828 642 863 704 in
878 657 937 704 oro
990 644 1179 704 1199111991
1202 645 1405 708 consecutus
1427 661 1506 710 sum
1524 646 1553 728 (Ι
1571 649 1655 710 Tim.
1681 667 1704 724 1,
1724 650 1789 738 13).

134 742 356 822 periniquam
366 742 661 820 locutionemque
670 741 782 804 manet
791 740 826 802 in
835 756 935 819 opere
991 740 1093 812 Quasi
1122 740 1247 804 diceret
1271 743 1363 815 :Qui
1386 745 1480 822 prius
1503 745 1549 808 fui
1577 747 1791 826 blasphemus

135 856 200 917 per
212 839 335 902 malam
350 839 633 903 consuetudinem.
654 840 715 902 His
738 839 844 902 trihus
859 853 935 900 mo·
991 838 1027 899 in
1043 839 1240 912 Jerusalem,
1262 840 1296 903 et
1316 845 1510 920 persecutor
1525 846 1732 922 Sanctorum,
1758 847 1792 910 et

135 939 189 1000 dis
204 955 303 1000 omne
319 940 491 1016 peccatum
515 939 636 1016 agitur,
653 937 775 1017 quoad
795 937 936 1000 mortem
991 936 1251 1000 contumeliosus
1265 938 1301 1001 in
1321 941 1569 1018 comprehensis
1585 945 1715 1008 Sanctis
1737 945 1792 1008 in·-

134 1039 334 1116 perpetuam
346 1037 551 1115 pervenitur.
568 1037 662 1100 Unde
682 1035 800 1100 heatus
811 1036 936 1098 Paulus
991 1033 1102 1097 ferens
1126 1037 1356 1112 contumelias,
1383 1040 1647 1104 misericordiam
1669 1058 1791 1106 conse·

135 1136 321 1216 apostolus,
335 1138 431 1213 cujus
451 1135 551 1199 hodie
577 1135 829 1199 conversionem
848 1133 935 1197 coli·
991 1133 1086 1196 cutus
1118 1151 1207 1205 sum,
1242 1135 1344 1210 idest,
1378 1138 1610 1202 remissionem
1642 1141 1790 1204 omnium

134 1249 223 1308 mus,
239 1249 315 1296 curu
336 1233 461 1312 triplici
481 1234 588 1296 morte
602 1233 771 1312 spirituali
787 1233 936 1296 mortuus
992 1231 1204 1310 peccatorum
1218 1248 1278 1310 per
1292 1235 1352 1296 Dei
1365 1236 1639 1300 misericordiam.
1667 1242 1714 1303 De
1728 1241 1792 1304 hac

136 1331 240 1405 esset,
265 1331 308 1394 ad
329 1331 443 1405 vitam,
461 1334 529 1394 Deo
543 1331 701 1406 19911119,
731 1330 937 1410 dignoscitur
991 1330 1223 1394 misericordia
1241 1331 1363 1394 dicitur
1380 1333 1416 1394 in
1436 1336 1693 1400 Ecclesiastico:
1710 1340 1794 1416 Spe-

133 1430 291 1494 rediisse.
992 1429 1794 1512 91991991119911991119191111919919111119-

175 1528 256 1591 Tria
284 1530 361 1590 sunt
387 1527 600 1591 vocationum
628 1541 762 1605 genera.
797 1528 937 1592 Vocatio
991 1526 1145 1600 lationis,
1182 1527 1270 1591 sicut
1299 1527 1404 1591 nubes
1435 1529 1555 1607 plurim
1581 1533 1617 1594 in
1644 1534 1792 1612 tempore

134 1626 260 1690 etenim
273 1625 340 1688 alia
355 1641 399 1690 ex
413 1629 493 1698 Deo,
514 1626 581 1688 alia
595 1641 656 1704 per
669 1627 850 1700 hominem,
869 1626 937 1689 alia
991 1624 1151 1689 siccitatis
1171 1622 1286 1706 (Eccli.
1303 1643 1410 1700 xxxv,
1431 1627 1497 1708 26).
1525 1631 1667 1708 Tempus
1689 1633 1793 1695 sicci·

135 1743 180 1788 ex
205 1724 418 1788 necessitate.
439 1724 579 1787 vocatio
604 1739 648 1788 ex
676 1728 744 1788 Deo
768 1725 829 1799 est,
854 1741 938 1803 quo-
990 1722 1080 1796 uus,
1108 1723 1205 1796 idest,
1228 1723 1359 1802 tempus
1372 1725 1599 1790 tribulationis
1620 1728 1683 1792 fuit
1696 1729 1794 1794 beato

135 1823 200 1888 ties
227 1822 343 1886 divina
366 1821 542 1900 inspiratio
566 1823 608 1884 ad
634 1821 836 1886 desiderium
858 1823 937 1885 vita
992 1821 1097 1884 Paulo
1119 1821 1294 1900 Apostolo,
1326 1824 1458 1901 quando
1491 1825 1657 1903 lapidatus
1683 1828 1735 1890 est
1758 1830 1792 1892 et

135 1923 271 1984 aeternae
292 1937 354 1983 nos
370 1921 506 1983 excitat.
529 1920 669 1984 vocatio
682 1937 743 1999 per
767 1920 936 1984 hominem
991 1919 1097 1997 uirgis
1111 1935 1218 1982 cresus
1233 1921 1267 1982 et
1279 1920 1316 1982 in
1328 1937 1498 1984 carcerem
1512 1924 1646 1998 missus,
1660 1925 1793 1990 etfama

135 2019 261 2082 dicitur
273 2018 360 2092 fieri,
382 2018 511 2097 quoties
534 2019 696 2096 exemplis
722 2019 776 2081 uel
802 2018 937 2082 monitis
992 2017 1025 2079 et
1040 2017 1097 2081 siti
1111 2020 1145 2080 et
1156 2018 1270 2080 multis
1283 2018 1556 2084 tribulationibus
1571 2022 1604 2084 et
1618 2023 1793 2086 tormentis

135 2119 329 2180 sanctorum
343 2117 494 2179 virorum
515 2116 664 2194 instigati
678 2117 720 2178 ad
735 2117 936 2180 desiderium
991 2115 1145 2178 afflictus.
1170 2115 1234 2178 Sed
1252 2121 1340 2178 Deus
1359 2117 1450 2180 dedit
1469 2118 1500 2179 ei
1522 2119 1641 2182 nubem
1657 2121 1792 2198 pluvia,

15 2296 18 2301 Ι
135 2232 274 2279 summae
306 2213 425 2277 salutis
460 2213 684 2278 accendimur.
720 2215 859 2278 vocatio
894 2229 938 2276 ex
991 2213 1087 2286 idest,
1113 2213 1326 2292 refrigerium
1340 2215 1483 2278 internae
1500 2217 1629 2294 gratiae,
1653 2217 1791 2298 dicens:

135 2313 338 2376 necessitate
359 2313 420 2386 est,
448 2327 523 2374 cum
548 2312 673 2376 divitiis
699 2311 798 2392 1111199
821 2296 937 2376 11111111
992 2312 1122 2375 suflicit
1142 2312 1213 2386 tibi,
1243 2313 1358 2378 Paule.
1381 2315 1490 2391 gratia
1505 2331 1591 2386 mea,
1607 2317 1644 2378 in
1663 2317 1793 2380 tantum

134 2411 188 2474 191
202 2409 430 2489 voluptatibus
449 2409 599 2488 obligati,
626 2410 858 2489 ingruentibus
876 2427 936 2474 19-
991 2409 1077 2489 quod
1095 2410 1200 2472 fames
1215 2411 1289 2474 erat
1300 2412 1333 2474 ei
1346 2412 1497 2482 refectio,
1524 2414 1557 2476 et
1575 2416 1793 2479 necessitates

134 2511 235 2588 pente
246 2507 489 2572 tentationibus
503 2524 577 2587 quaa
591 2509 645 2571 191
659 2509 776 2572 mortis
788 2509 936 2587 pericula
991 2507 1213 2585 refrigeratio,
1227 2508 1260 2570 et
1273 2509 1396 2572 caetera
1407 2511 1572 2572 tormenta
1585 2512 1682 2589 quasi
1696 2529 1792 2590 quae-

135 2607 395 2680 comminantur,
411 2607 465 2668 191
480 2607 695 2669 amissionem
708 2606 871 2670 bonorum
883 2609 936 2671 191
992 2605 1067 2667 dam
1079 2605 1191 2668 dulcia
1205 2606 1339 2682 gaudia.
1353 2607 1447 2668 Unde
1459 2607 1530 2684 ipse
1545 2624 1605 2685 pro
1619 2609 1681 2671 tali
1695 2610 1793 2672 mise·

135 2704 414 2786 proscriptionem
448 2705 639 2782 percutiunt
672 2705 726 2767 vel
758 2704 937 2768 charorum
991 2703 1136 2766 11991111
1149 2703 1244 2776 dixit,
1257 2703 1344 2782 quod
1359 2719 1468 2782 neque
1479 2720 1581 2778 mors,
1590 2723 1698 2785 neque
1706 2707 1789 2786 1111,

135 2806 242 2867 m'orte
266 2803 503 2880 compungunt,
527 2805 564 2865 ut
584 2803 626 2864 ad
649 2805 754 2866 Deum
778 2820 875 2882 quem
901 2805 936 2866 in
991 2818 1099 2880 neque
1113 2801 1303 2880 praesentia,
1321 2817 1430 2880 neque
1444 2801 1555 2864 futura
1570 2806 1726 2880 poterunt
1742 2822 1794 2874 se·

136 2901 358 2980 prosperitate
384 2901 479 2980 sequi
509 2901 783 2979 contempsimus,
818 2903 937 2966 saltem
991 2899 1645 2979 91111919111111191191,9111199119
1659 2903 1792 2968 Christo

136 3000 234 3064 inuiti
249 3015 430 3078 properare
446 2999 694 3079 compellamur.
718 3002 779 3065 Ast
794 3001 846 3066 hae
862 3002 936 3064 dum
990 3001 1082 3062 iesu.

138 3097 332 3160 vocationes
358 3096 528 3174 decipiunt
555 3099 589 3159 et
612 3096 834 3175 decipiuntur,
862 3115 937 3177 quae
1033 3095 1127 3159 Unde
1147 3095 1264 3158 beatus
1286 3097 1467 3173 Gregorius
1485 3119 1493 3159 ε
1509 3113 1535 3160 c·
1548 3099 1701 3173 Pensate,
1717 3098 1790 3164 fra-

136 3193 263 3264 1991191
287 3209 348 3270 per
372 3192 551 3267 hominem,
578 3195 636 3256 aut
659 3210 703 3256 ex
725 3195 935 3258 necessitate.
990 3194 1793 3275 11919911119919111911111191,91991111991

135 3292 250 3354 Tertia
270 3307 351 3354 1919
373 3307 447 3371 quae
468 3291 504 3354 fit
525 3307 545 3353 1
566 3295 635 3355 Deo
649 3309 828 3373 numquam
852 3293 938 3357 fallit
991 3291 1201 3370 impatientia
1216 3292 1341 3356 nostra.
1354 3310 1373 3354 s
1387 3295 1457 3354 Nos
1471 3294 1500 3354 si
1514 3294 1649 3372 injuriis
1661 3296 1720 3358 aut
1733 3295 1793 3358 ali·

137 3391 192 3452 191
206 3391 346 3453 fallitur.
992 3407 1057 3469 qua
1081 3390 1219 3452 laesione
1247 3407 1478 3468 provocamur,
1515 3391 1628 3454 furore
1654 3395 1792 3457 1111111

177 3489 273 3552 Unde
288 3490 322 3551 et
339 3488 375 3549 in
396 3504 436 3550 99
452 3489 650 3568 completum
669 3490 756 3569 quod
777 3492 937 3554 Dominus
992 3488 1145 3552 commoti
1171 3487 1230 3550 aut
1255 3488 1414 3565 quantum
1433 3503 1621 3565 possumus,
1646 3491 1794 3552 nosmet-

135 3587 337 3668 promiserat
369 3603 429 3665 per
459 3588 654 3666 prophetam
690 3589 895 3652 Ezechielem
928 3611 935 3651 ι
991 3586 1083 3666 ipsos
1104 3586 1313 3658 ulciscimur,
1337 3587 1395 3646 aut
1416 3584 1502 3664 quod
1526 3600 1593 3646 non
1616 3602 1792 3663 possumus

143 3690 229 3749 Vivo
255 3701 333 3763 epo,
369 3684 451 3749 dicit
477 3685 653 3760 Dominus,
687 3693 763 3750 colo
789 3689 938 3750 mortem
991 3685 1113 3757 facere,
1142 3682 1349 3744 mandamus.
1376 3681 1482 3756 Unde,
1501 3683 1716 3761 adimpletum
1742 3686 1793 3750 est

130 3784 337 3861 peccaturas.
353 3784 505 3846 Mortuus
524 3784 613 3846 enim
627 3787 701 3848 erat
713 3785 829 3848 heatus
844 3789 937 3848 Pau·
992 3782 1093 3844 etiam
1106 3780 1142 3842 in
1159 3781 1233 3858 ipso
1248 3779 1335 3858 quod
1350 3781 1429 3842 olim
1443 3781 1604 3843 Dominus
1616 3797 1677 3860 per
1694 3785 1793 3862 Moy-

136 3883 189 3944 lus
204 3882 328 3954 mente,
345 3883 495 3944 mortuus
509 3882 636 3959 lingua,
653 3884 686 3945 et
699 3885 852 3945 mortuus
865 3884 939 3948 erat
992 3897 1053 3942 sen
1072 3878 1272 3959 protestatus
1287 3878 1347 3952 est,
1372 3878 1486 3940 dicens
1503 3901 1511 3940 ι
1527 3882 1614 3942 Ecce
1640 3885 1793 3946 occidam

134 3997 258 4054 manu,
287 3979 389 4053 idest,
419 3996 531 4058 opero.
567 3980 718 4042 Mortuus
753 3983 843 4044 certe
866 3983 938 4044 erat
992 3979 1157 4042 statuere
1170 3979 1308 4052 factam,
1329 3977 1574 4051 praeostentat
1588 3983 1792 4055 eposouobo

134 4078 264 4150 mente,
296 4078 452 4155 quoniam
481 4078 689 4140 sicutmodo
718 4094 761 4141 ex
795 4079 937 4143 lectione
993 4076 1102 4158 (Dent.
1118 4073 1790 4154 1111139109911119111119911911119

134 4177 281 4238 actuum
292 4174 525 4252 apostolorum
540 4176 680 4238 audistis
702 4197 710 4237 ε
733 4180 857 4240 Saulus
870 4181 936 4240 ad·
993 4175 1070 4236 dum
1087 4175 1152 4236 1191
1169 4175 1299 4250 ageret,
1329 4171 1550 4234 circumfulsit
1572 4189 1648 4234 eum
1669 4174 1728 4236 lux
1748 4174 1790 4237 de

135 4277 362 4350 susspirans
382 4277 572 4347 1911191191,
595 4277 627 4337 91
649 4279 937 4338 9111191911991-
993 4273 1088 4346 coelo,
1116 4271 1149 4334 et
1170 4271 1292 4333 cadens
1317 4270 1354 4330 in
1379 4269 1503 4348 terram
1531 4267 1658 4332 audiuit
1676 4287 1792 4334 vocem

132 4374 401 4449 perornamus
427 4370 513 4451 (Act.
542 4387 590 4446 lx,
614 4370 659 4451 1).
689 4374 841 4435 Mortuus
867 4375 939 4436 erat
993 4370 1156 4434 dicentem
1170 4367 1234 4430 sihi
1249 4371 1382 4439 1891119,
1395 4369 1508 4440 Saule,
1520 4370 1665 4442 91111911
1676 4384 1795 4444 persa·

135 4471 270 4546 lingua,
302 4470 459 4548 quoniam
497 4470 638 4533 accessit
671 4471 713 4532 ad
749 4472 937 4550 Principem
993 4471 1131 4546 querar
1154 4471 1291 4529 numm
1315 4465 1368 4528 est
1389 4465 1450 4528 1111
1471 4466 1594 4528 contro
1613 4468 1794 4532 9119111991

136 4565 360 4639 sacerdotum,
384 4567 417 4627 et
431 4565 527 4643 petiit
538 4565 580 4627 ab
594 4581 634 4628 eo
649 4566 808 4644 epistolas
823 4566 857 4629 in
873 4569 939 4630 Da·
992 4567 1187 4630 calcitrare.
1211 4565 1257 4626 Et
1277 4564 1430 4626 tremens
1448 4579 1489 4625 oc
1509 4563 1652 4638 stupens
1673 4568 1793 4628 discit:

136 4678 287 4724 mascum
302 4663 344 4725 ad
362 4679 560 4742 synagogas.
574 4665 726 4727 Mortuus
740 4665 938 4740 eratmanu,
994 4669 1075 4735 Quis
1100 4680 1149 4737 99,
1174 4664 1339 4725 Domine?
1359 4663 1405 4723 nt
1426 4664 1599 4726 Dominus
1619 4666 1665 4724 od
1686 4679 1794 4727 eum:

136 4760 235 4834 idest,
261 4761 403 4834 actione,
429 4761 586 4840 quoniam
603 4762 677 4825 ideo
699 4763 795 4840 petiit
815 4765 941 4841 episto-
993 4767 1158 4843 Eposum
1168 4765 1270 4836 lesus
1285 4763 1495 4824 Nazaraeos
1506 4777 1608 4836 qoem
1623 4763 1661 4823 19
1673 4777 1795 4837 perse·

137 4859 204 4928 las,
220 4860 267 4932 ut,
293 4860 323 4920 si
338 4875 421 4937 quos
436 4859 619 4922 invenisset
634 4862 735 4939 hujus
748 4862 824 4935 1199,
842 4861 937 4936 11991,
993 4865 1112 4938 queris
1136 4857 1220 4938 (Act.
1243 4875 1291 4932 1x,
1315 4857 1360 4938 4).
1388 4861 1461 4920 Lux
1485 4875 1559 4937 quae
1581 4860 1631 4921 est
1652 4858 1795 4937 desuper

137 4957 332 5020 christianae
356 4956 532 5034 religionis
557 4959 756 5032 sectatores,
783 4960 876 5023 viros
900 4975 940 5023 ac
995 4958 1176 5023 excaecavit
1190 4957 1285 5018 illum
1300 4956 1335 5017 in
1346 4971 1496 5034 corpore,
1510 4956 1546 5019 ut
1560 4957 1620 5018 lux
1633 4973 1706 5034 quae
1720 4957 1796 5020 illu·

137 5053 298 5116 mulieres
308 5054 506 5132 perduceret
514 5055 550 5116 in
560 5057 755 5118 Jerusalem.
767 5058 841 5135 lpse
851 5057 940 5119 enim
995 5056 1100 5121 minat
1124 5071 1255 5118 omnem
1277 5054 1445 5116 hominem
1469 5053 1674 5117 illuminaret
1699 5054 1794 5118 illum

137 5152 215 5230 post
235 5154 376 5214 mortem
396 5153 495 5230 primi
516 5153 673 5231 martyris
693 5154 852 5232 stephani
877 5155 939 5218 de·
995 5159 1030 5219 in
1044 5155 1165 5218 mente.
1182 5155 1265 5225 Lux,
1284 5151 1370 5214 idest
1384 5151 1546 5224 Christus,
1567 5151 1682 5213 intulit
1696 5153 1796 5215 caeci-

137 5248 294 5312 vastabat
313 5249 510 5324 Ecclesiam,
537 5265 598 5327 per
623 5250 736 5314 domos
758 5252 887 5316 intrans
908 5255 942 5316 et
994 5254 1107 5326 tatem,
1136 5251 1169 5313 et
1193 5249 1326 5313 cacitas
1354 5249 1469 5312 intulit
1493 5250 1613 5322 lucem,
1648 5249 1725 5327 quia
1754 5251 1795 5316 de

137 5347 278 5412 trahens
297 5348 389 5411 viros
415 5365 455 5410 ac
476 5348 646 5422 mulieres,
671 5349 887 5428 tradebatque
905 5352 941 5413 in
997 5351 1098 5416 saulo
1126 5350 1234 5412 factus
1258 5349 1309 5410 991
1336 5347 1478 5421 Paulus,
1514 5347 1556 5408 de
1581 5359 1795 5425 persecutore

138 5445 338 5509 custodiam.
356 5446 484 5509 Etcum
497 5447 822 5511 tamcrudelimorte
836 5450 940 5527 spiri-
996 5452 1102 5514 factus
1123 5448 1174 5511 est
1200 5447 1410 5526 praedicator,
1440 5444 1482 5507 de
1510 5445 1588 5523 lupo
1612 5446 1719 5510 factus
1745 5450 1797 5512 est

138 5543 224 5608 tuah
239 5545 390 5606 mortuus
406 5545 505 5618 esset,
531 5545 696 5610 advitam
720 5547 782 5622 est,
802 5550 942 5612 vocante
997 5564 1118 5627 agnus,
1144 5546 1185 5609 de
1203 5545 1471 5625 blasphematore
1494 5543 1601 5609 factus
1625 5546 1675 5608 est
1695 5562 1796 5612 19199

139 5643 293 5718 Domino,
309 5643 495 5708 revocatus.
997 5645 1161 5736 laudator.
