4104 6392
172 227 334 332 'aas

277 445 415 504 messes,
432 447 531 509 quam
545 433 610 510 pie,
629 430 739 493 sobrie
758 430 856 508 etque
878 429 968 508 juste
992 422 1071 491 leli-

275 527 324 590 cis
336 527 576 590 recordationis
592 528 780 589 Willelmus
793 527 895 589 abbas
910 527 950 589 de
965 529 1073 588 Para-

277 627 355 688 clito
390 626 514 688 vixerit
547 627 582 686 in
618 626 680 688 boo
716 625 849 696 mundo,
885 625 1073 703 quantaque

277 725 468 786 sanctorum
489 739 625 784 snorum
644 723 808 784 mirabilis
830 722 986 800 splendor
1004 725 1073 782 Do-

277 821 403 892 minus,
433 821 556 898 nequi
584 818 724 882 forsitan
758 821 893 899 propter
917 835 986 892 eos,
1016 818 1073 896 qni

276 917 437 980 babentes
463 917 582 980 faciem
611 918 721 980 euntis
756 919 791 978 in
820 918 1007 981 Jerusalem
1038 916 1073 976 in

277 1015 558 1078 dissimilitudinis
577 1016 759 1092 regionem,
773 1017 872 1094 prout
882 1013 1075 1092 supradixi-

277 1129 362 1186 mus,
378 1113 512 1186 ebeunt,
526 1113 803 1186 scandalizentur,
819 1113 855 1174 in
871 1113 943 1191 ipso
955 1127 1074 1190 opere-

893 267 1069 332 HONORII
1090 267 1133 328 111
1156 269 1303 330 OPERA.

1880 269 1944 328 784

1264 469 1270 482 ⁴
1395 455 1660 544 cdlxxviii

1167 591 1219 650 aa
1240 589 1478 652 concinnum
1499 595 1660 656 amasia
1678 595 1902 668 episcopum.

1423 705 1458 762 29
1470 705 1539 762 maii
1552 705 1631 764 1218.

1261 811 1389 872 [Tbeiner.
1403 813 1516 862 tionum.
1530 811 1631 872 Peion..
1643 814 1664 870 1,
1674 811 1698 872 7,
1708 828 1733 862 a.
1743 812 1797 878 lo]

1178 907 1363 966 Confirmatio
1376 907 1540 966 donationis
1555 908 1654 967 educe
1666 908 1702 968 de
1715 909 1797 968 Kalis
1807 908 1900 966 sacta

1286 997 1422 1071 episcopo
1436 1005 1466 1056 et
1480 999 1575 1056 abbati
1593 997 1629 1056 de
1642 1000 1766 1057 Pruesia.

1168 1115 1335 1176 Honorius
1347 1115 1403 1186 Ill,
1419 1115 1494 1187 etc,
1514 1115 1610 1178 tratri
1624 1115 1814 1176 venerabili
1838 1114 1941 1193 epis-

275 1213 332 1274 tur
342 1209 515 1284 miracula,
532 1225 592 1288 per
607 1211 759 1273 eumdem
772 1211 967 1287 languorem
982 1208 1073 1270 mul·
1128 1227 1210 1289 copo
1226 1211 1384 1286 Prussiae,
1399 1212 1586 1274 salutemet
1601 1213 1823 1290 apostolicam
1837 1211 1945 1274 bene·

274 1311 384 1372 torum
408 1309 590 1385 relegando
613 1308 855 1385 languentium,
875 1308 931 1386 qui
956 1306 1073 1368 devote
1129 1309 1318 1372 dictionem.

277 1407 440 1468 auxilium
453 1409 526 1485 ejus
538 1407 729 1485 implorent,
746 1405 908 1484 nobisque
923 1403 1073 1467 devotis·
1167 1407 1271 1471 iustis
1298 1409 1479 1484 petentium
1508 1407 1684 1471 desideriis
1712 1409 1855 1485 dignum
1888 1408 1943 1468 est

277 1505 360 1566 sime
392 1504 636 1581 supplicasses,
666 1507 703 1567 ut
736 1505 769 1566 et
801 1503 1074 1566 canonizaremus
1129 1521 1189 1568 nos
1214 1505 1345 1568 facilem
1375 1504 1523 1584 praebere
1549 1521 1766 1578 consensum,
1794 1507 1831 1568 et
1856 1510 1941 1566 vota

276 1602 446 1675 eumdem,
470 1605 503 1664 et
525 1603 719 1664 Sanctorum
740 1601 955 1664 annumerari
976 1601 1072 1662 cate·
1129 1619 1202 1680 quae
1226 1619 1246 1666 a
1273 1604 1413 1666 rationis
1439 1603 1571 1668 tramite
1608 1619 1675 1666 non
1717 1603 1940 1676 discordant,

277 1701 354 1777 logo
387 1700 583 1772 laceremus,
614 1701 706 1761 tanto
730 1699 905 1762 maturiori
933 1697 1075 1760 oonsilio
1129 1701 1249 1763 ellectu
1278 1703 1499 1780 prosequente
1526 1702 1702 1778 complere.
1724 1703 1940 1779 Eapropter,

277 1799 367 1860 circa
380 1813 420 1860 ea
431 1799 622 1860 censuimus
633 1796 888 1875 procedendum,
900 1797 1023 1874 quanto
1038 1795 1074 1856 in
1128 1799 1330 1861 venerabilis
1346 1799 1380 1861 in
1393 1800 1523 1861 Christo
1536 1799 1649 1872 irater,
1666 1799 1733 1860 tuis
1742 1799 1850 1876 justis
1865 1815 1944 1876 pos·

278 1897 332 1958 bis
343 1898 601 1975 citius,quamin
611 1897 687 1960 aliis
697 1897 785 1960 mole
798 1897 908 1959 carnis
916 1897 1074 1972 gravatus
1128 1897 1346 1960 inlationibus
1360 1899 1455 1974 grato
1467 1899 1679 1960 occurrentes
1696 1913 1854 1969 assensu,
1873 1897 1943 1956 vil-

277 1995 868 2058 humanaeconsiderationisintuitus
878 1993 1073 2071 potestialli.
1130 1997 1196 2058 lam
1209 1995 1250 2058 de
1265 1997 1402 2058 Cecoviz
1415 1996 1447 2058 et
1462 1995 1632 2058 libertates
1644 2009 1684 2057 ac
1703 1995 1941 2056 immunitates

279 2094 487 2170 Quapropter
500 2093 684 2170 prudentiae
699 2095 829 2165 vestrae,
844 2092 885 2152 de
903 2108 967 2168 qna
990 2089 1077 2152 ildu-
1131 2094 1343 2156 saecularium
1358 2094 1568 2156 exactionum
1582 2109 1602 2153 a
1616 2092 1737 2154 dilecto
1753 2092 1827 2155 illio
1854 2094 1943 2153 Wa-

278 2190 364 2252 ciam
400 2191 548 2266 gerimus
581 2190 776 2267 pleniorem,
799 2205 859 2267 per
885 2188 1075 2268 Apostolioa
1131 2194 1271 2256 dizlawo
1291 2193 1375 2254 duce
1393 2192 1433 2253 de
1457 2191 1552 2252 Kelis
1571 2191 1626 2268 pia
1646 2190 1707 2252 tibi
1728 2189 1941 2252 liberalitate

279 2288 403 2365 scripta
416 2287 622 2359 mandamus,
639 2289 803 2365 quatenus
817 2286 994 2364 inquiratis
1007 2287 1075 2348 tam
1131 2307 1319 2362 concessas,
1334 2290 1420 2352 sicut
1436 2305 1494 2350 eas
1504 2291 1595 2368 juste
1609 2289 1749 2361 obtines,
1763 2291 1800 2350 et
1821 2289 1941 2365 quiete

279 2385 320 2446 de
342 2385 411 2448 vita
435 2385 540 2463 ipsius
565 2385 694 2448 abbatis
716 2401 816 2464 quam
839 2385 880 2446 de
904 2384 1076 2446 miraculis
1131 2390 1164 2452 et
1177 2391 1213 2450 in
1226 2389 1374 2466 ejusdem
1389 2387 1482 2449 ducis
1496 2385 1688 2449 authentico
1703 2385 1839 2464 plenius
1856 2402 1943 2447 con·

279 2483 480 2560 supradictis
499 2483 714 2559 diligentibus
729 2481 914 2553 veritatem,
939 2478 973 2544 et
987 2482 1074 2560 quod
1130 2487 1265 2559 tinetur,
1282 2488 1376 2563 cuius
1391 2487 1540 2548 tenorem
1555 2485 1595 2546 de
1611 2484 1713 2547 verbo
1735 2484 1776 2545 ad
1793 2483 1941 2546 verbum

165 2649 169 2654 ,
280 2581 459 2658 superbis
490 2580 687 2644 inveneritis
716 2580 777 2641 snb
806 2579 927 2657 sigillis
955 2580 1075 2642 vestris
1131 2584 1288 2664 praesenti
1302 2583 1432 2662 paginae
1447 2581 1602 2644 duximus
1617 2581 1861 2652 annotandum,
1878 2580 1943 2642 tibi

278 2677 1075 2755 nobisremitiaiisinclusum,utpraeountedivina
1131 2685 1165 2746 et
1178 2698 1238 2760 per
1249 2683 1282 2744 te
1293 2681 1444 2744 ecclesiae
1454 2682 1519 2743 tuae
1532 2679 1729 2742 anctoritate
1739 2679 1943 2756 Apostolica

278 2777 387 2852 gratia
408 2778 441 2838 et
455 2778 614 2854 sequente
636 2777 822 2842 statuamus
849 2775 969 2838 exinde
990 2775 1077 2854 quod
1132 2781 1366 2844 confirmamus
1381 2780 1413 2841 et
1426 2778 1599 2856 praesentis
1616 2775 1730 2855 scripti
1745 2777 1943 2853 patrocinio

280 2873 381 2938 inerit
396 2875 617 2936 statuendum.
1132 2879 1384 2940 communimus.
1412 2879 1521 2938 Tenor
1545 2878 1655 2939 autem
1670 2873 1860 2937 authentici
1890 2878 1944 2936 est

318 2971 436 3032 Datum
450 2975 563 3034 Romae
574 2969 660 3048 apud
673 2971 829 3037 Sanctum
840 2971 973 3032 Petrum
983 2973 1012 3033 V
1022 2971 1078 3032 ka·

279 3067 394 3134 lendas
404 3069 504 3146 junii,
520 3084 608 3130 anno
624 3068 781 3135 secundo.

1132 2978 1210 3040 talis
1222 2999 1230 3039 ε
1242 2995 1260 3038 s
1273 2974 1561 3053 EgoWadizlavus
1573 2975 1639 3034 dux
1654 2973 1694 3034 de
1709 2973 1806 3034 Kalis
1822 2973 1942 3033 ornni-

1132 3075 1193 3137 bus
1209 3074 1332 3140 Christi
1346 3073 1500 3140 tidelibns
1516 3073 1589 3134 tam
1598 3069 1820 3150 praesentibus
1834 3087 1941 3148 quam

1133 3173 1253 3234 suturis
1269 3173 1383 3234 notum
1396 3169 1483 3233 facio
1500 3169 1587 3249 quod
1606 3167 1790 3231 venerabili
1807 3167 1939 3244 patri...

1133 3272 1298 3350 episcopo,
1312 3271 1381 3332 et...
1397 3268 1507 3331 abbati
1522 3269 1563 3330 de
1578 3267 1697 3329 Pruzia
1712 3266 1746 3327 et
1759 3282 1942 3328 successo-

1133 3370 1224 3432 ribus
1245 3371 1318 3447 ejus
1340 3369 1374 3428 in
1400 3366 1522 3429 ducatu
1541 3381 1614 3426 meo
1628 3364 1755 3432 villam,
1771 3379 1849 3441 quae
1870 3365 1937 3424 Ce-

1133 3469 1224 3531 coviz
1239 3467 1355 3530 vocata
1375 3465 1435 3537 est,
1452 3463 1583 3525 liberali
1598 3462 1776 3524 collatione
1795 3461 1936 3522 donavi.

1134 3567 1300 3628 Praeterea
1330 3561 1539 3624 universitati
1567 3562 1687 3622 vestrae
1718 3559 1936 3620 notissimum

1133 3680 1206 3726 esse
1222 3659 1434 3740 cupio,.qnod
1449 3659 1557 3722 eidem
1570 3657 1723 3736 episcopo
1739 3658 1772 3719 et
1796 3672 1938 3718 succes-

1134 3761 1264 3824 soribus
1279 3763 1351 3838 ejus
1377 3759 1464 3820 banc
1478 3757 1665 3819 libertatem
1684 3755 1818 3827 donavi,
1837 3757 1878 3817 ut
1900 3755 1937 3814 in

1133 3859 1324 3938 supradicta
1338 3857 1419 3918 ville
1433 3855 1632 3920 Teutonicos
1650 3854 1721 3916 sive
1746 3853 1833 3914 alios
1855 3851 1939 3914 bos·

1135 3958 1218 4037 pites
1233 3955 1384 4021 collocet.
1400 3954 1456 4032 qni
1466 3951 1586 4015 ibidem
1601 3951 1808 4016 liberrimum
1823 3949 1938 4014 iorum

1134 4056 1289 4127 babeant,
1304 4054 1361 4133 qui
1376 4053 1492 4114 euntes
1507 4056 1540 4114 et
1552 4049 1738 4121 redeuntes,
1750 4047 1939 4112 vendentes

1134 4155 1166 4216 et
1180 4154 1326 4216 ementes
1342 4152 1375 4212 in
1391 4150 1513 4213 ducatu
1534 4165 1608 4210 meo
1627 4148 1782 4211 thelonea
1804 4161 1939 4224 nequa-

562 3319 802 3407 cdlxxvii

360 3473 412 3534 Ad
428 3477 582 3534 consides
596 3472 630 3534 et
644 3477 807 3550 poputum
820 3471 998 3548 Sitierrses.

572 3613 608 3674 28
623 3611 690 3674 maii
707 3613 788 3672 1218.

345 3735 464 3801 [Georgit
475 3736 536 3786 bist.
550 3735 676 3786 cathedra
687 3735 797 3787 civitatis
806 3734 910 3788 Sitiaein
923 3733 1016 3800 butio]

333 3863 450 3938 Propter
463 3859 696 3938 ingratitudinem
713 3869 862 3919 revocatur
876 3861 968 3934 gratia
984 3861 1026 3922 eis

606 3963 754 4008 concessa.

324 4085 493 4146 Honorius
516 4100 602 4163 papa
624 4085 669 4146 ΙΙΙ
691 4083 887 4148 consulibus
911 4085 944 4146 et
958 4083 1078 4164 populo

285 4181 432 4244 Sitiensi.
448 4183 531 4254 Quia
548 4183 635 4244 siout
648 4182 756 4257 gratia
776 4181 875 4244 datur
897 4197 940 4243 ex
958 4182 1077 4258 gretia,

283 4280 330 4342 ita
364 4283 498 4357 propter
532 4280 784 4357 ingratitudinis
815 4279 933 4344 vitium
961 4280 1079 4342 merito

282 4381 468 4440 revocatur.
483 4380 551 4439 Nos
567 4378 687 4454 gratia.
703 4395 801 4456 quam
818 4377 940 4440 ioanni
953 4377 994 4439 de
1004 4379 1081 4438 Cec-

284 4491 368 4538 cano
401 4475 633 4554 impendimus,
662 4477 718 4552 jus
746 4477 895 4541 nostrum
924 4474 959 4540 in
991 4476 1079 4537 terra

283 4575 393 4636 vestra
409 4572 593 4634 liberaliter
614 4572 835 4644 concedende,
851 4574 1009 4648 tanquam
1026 4573 1080 4634 in-

281 4671 412 4746 gratum
424 4670 556 4746 privare
566 4669 725 4741 volentes,
740 4669 948 4732 universitati
960 4671 1079 4731 vestrae

282 4767 498 4845 praesentium
522 4767 735 4840 securitate,
760 4765 822 4830 sub
852 4767 962 4830 debito
983 4769 1080 4843 jura-

283 4865 385 4930 menti
420 4865 570 4928 distriote
605 4864 841 4945 praecipiendo,
870 4864 1077 4938 mandamus,

1134 4268 1232 4329 quam
1256 4249 1456 4327 persolvant,
1483 4262 1543 4308 nec
1566 4246 1608 4307 ad
1637 4243 1738 4306 castri
1759 4246 1840 4323 jura
1866 4244 1937 4304 ullo

1134 4347 1230 4411 modo
1259 4347 1449 4424 respiciant,
1480 4359 1541 4406 nec
1565 4342 1766 4406 monetarios
1786 4341 1884 4404 ducis
1899 4341 1937 4402 in

1134 4446 1205 4508 loro
1222 4460 1283 4507 suo
1298 4443 1489 4521 respiciant.
1503 4442 1552 4504 Ad
1563 4441 1726 4520 iudicium
1741 4439 1843 4502 etiarn
1859 4455 1940 4500 cas-

1134 4543 1177 4606 tri
1188 4559 1255 4605 non
1270 4542 1415 4614 veniant,
1431 4556 1491 4603 nec
1506 4540 1720 4608 castellanus,
1735 4537 1789 4599 vel
1800 4535 1938 4614 judices

1134 4641 1236 4703 castri
1248 4640 1336 4702 inter
1348 4655 1405 4701 eos
1416 4637 1544 4718 judicio
1559 4637 1705 4708 sedeant,
1723 4649 1784 4696 nec
1796 4633 1938 4712 aliquod

1129 4741 1186 4816 jus
1207 4737 1270 4800 sibi
1286 4752 1479 4800 conoessum
1491 4736 1526 4798 in
1541 4735 1590 4802 eis
1603 4731 1790 4800 exerceant.
1806 4731 1858 4792 Ad
1875 4747 1941 4792 ex-

1134 4835 1333 4914 peditionem
1362 4835 1462 4896 etiam
1490 4831 1591 4896 ducis*
1607 4848 1674 4896 non
1699 4830 1843 4902 vadent,
1874 4845 1941 4894 nec

282 4966 445 5043 quatenus
468 4964 575 5028 eidem
597 4963 637 5024 de
659 4965 792 5036 caetero,
808 4962 999 5028 nullatenus
1020 4964 1078 5024 in·
1133 4934 1274 5010 vestigia
1299 4931 1472 5009 mmm·
1504 4931 1540 4992 Si
1564 4943 1645 4992 vem
1669 4928 1756 4991 inm
1777 4927 1942 4990 h⁰mi¹¹e⁸

280 5063 437 5134 tendatis,
454 5063 531 5140 quia
547 5077 608 5124 nos
620 5062 662 5125 ad
677 5077 796 5123 manus
818 5063 953 5124 nostras
965 5061 1079 5140 dispo·
1133 5032 1226 5094 ‘limis
1255 5033 1287 5096 θῑ

281 5161 392 5224 nimus
407 5160 562 5222 retinere.

320 5255 1075 5335 DatumltomaeapndSanotumPetrum,Vkal.

1312 5028 1494 5108 supradicti
1523 5027 1670 5105 episcopi
1698 5025 1853 5088 homines
1865 5027 1941 5090 tarn

1134 5130 1279 5193 enormis
1316 5143 1417 5190 causa
1450 5125 1641 5199 emerserit,
1664 5139 1738 5202 quae
1772 5123 1945 5186 subticeri

1132 5227 1231 5290 iacile
1246 5244 1311 5289 non
1322 5225 1443 5299 valeat,
1460 5239 1535 5288 cum
1553 5223 1663 5301 sigillo
1678 5221 1828 5299 ejusdem
1844 5223 1948 5300 epis-

1132 5326 1206 5403 copi
1230 5325 1303 5404 ipso
1328 5325 1484 5402 episcopo
1507 5322 1683 5400 prasente,
1700 5333 1740 5381 ec
1765 5319 1947 5382 mediante

1132 5423 1209 5484 ante
1230 5419 1346 5482 ducem
1372 5418 1603 5498 provocentur,
1624 5417 1672 5478 ita
1699 5417 1813 5477 tamen
1843 5419 1884 5478 nt
1913 5419 1948 5478 si

1131 5519 1277 5598 episcopi
1292 5517 1443 5580 homines
1456 5515 1638 5594 culpabiles
1652 5513 1779 5576 inventi
1793 5512 1945 5586 ruerint,

1131 5617 1233 5680 totius
1260 5615 1366 5693 culpae
1392 5614 1513 5678 solutio
1535 5613 1576 5676 ad
1604 5611 1796 5690 episcopum
1819 5627 1949 5675 rerer-

280 5355 379 5434 ]unii,
394 5371 484 5418 anno
500 5357 542 5419 ll.
