4200 6394
346 339 391 404 85!
797 327 983 397 nortaldi
1004 333 1051 394 111
1065 331 1214 395 OPERA·
1236 357 1277 376 -
1299 327 1534 392 sandonus.
1976 329 2023 388 88

349 499 414 563 dna
437 498 503 563 iste
518 499 578 560 uli
602 496 710 576 namt
730 503 806 558 ease
829 491 1094 558 caelatoribus
1117 493 1150 557 et
1203 488 1496 561 secundariam
1516 486 1613 550 noble
1632 486 1821 550 nonsolum
1840 503 1900 566 per
1922 502 2021 565 gra-

351 585 636 662 triliulationiisua.
653 585 748 657 Unde
766 593 928 656 Dominus
945 591 980 654 id
992 593 1149 668 Evange-
1202 591 1296 662 tiam,
1307 602 1425 652 raum
1438 587 1540 650 etiam
1554 586 1794 666 narraturam.

351 695 398 758 lio
414 717 421 758 ι
437 695 564 772 deerret
572 701 658 772 dats
666 691 788 756 dodim
801 692 940 768 aetatem
954 686 988 752 at·
1001 699 1149 766 danaum
1244 687 1426 750 muniens
1444 685 1542 750 iesus
1557 685 1654 763 Juxta
1669 700 1773 758 mare,
1789 684 1876 748 idest
1892 685 1935 746 in
1956 684 2023 746 lit-

349 793 520 858 caveam
539 801 705 871 coenant,
731 791 764 853 ot
787 789 892 852 mou
910 789 1019 851 terrm
1035 787 1150 850 motta
1203 787 1278 848 tore
1297 784 1401 847 maris
1420 783 1507 862 quod
1528 782 1698 860 significat
1718 783 1862 861 quietem
1886 784 1922 846 ct
1950 799 2024 861 pa-

347 903 414 968 nor
441 895 514 956 toea
540 883 575 954 ci
602 889 810 967 aaronita
834 887 872 950 at
896 887 1008 963 tamea
1034 883 1148 966 (laat-
1204 899 1287 957 oam,
1304 881 1392 962 quod
1406 881 1494 944 Dans
1508 880 1760 960 tranquillitatis
1778 881 1813 945 et
1830 882 1926 958 pacia
1946 882 2020 954 est,

345 989 448 1052 tiana
461 999 556 1062 xxiv,
568 984 618 1069 7).
1201 995 1271 1044 uon
1291 979 1476 1044 habitatin
1494 978 1627 1043 turbine
1644 979 1818 1042 secularia
1839 979 2023 1042 amaritu-

390 1087 458 1150 Pro
477 1097 538 1149 suc
559 1085 711 1158 aomina,
735 1073 818 1162 qula
839 1090 935 1144 mara
962 1077 1086 1143 dicitur
1108 1078 1149 1142 ali
1202 1079 1304 1154 dinis,
1319 1079 1379 1142 aad
1398 1078 1528 1142 habiat
1540 1079 1576 1140 in
1593 1077 1690 1156 portu
1706 1077 1828 1155 quieta
1846 1077 2019 1140 visionis.

350 1185 586 1258 amaritudine,
603 1186 636 1246 at
649 1182 773 1261 mnam
788 1171 834 1243 sit
848 1173 1035 1242 amaritudo
1050 1178 1149 1256 liujus
1203 1177 1269 1240 sed
1285 1178 1364 1240 acta
1381 1184 1487 1256 quare
1503 1175 1649 1238 dixerim
1668 1179 1849 1238 macaria
1868 1179 2024 1238 canan-

350 1276 1150 1361 mundiquotaatenonuspaceauaaxpenmente
1202 1278 1348 1350 tumen,
1379 1275 1535 1338 videlicet
1564 1273 1643 1354 quia
1673 1275 1752 1336 sunt
1783 1273 1849 1336 iria
1878 1289 2022 1351 genera

350 1379 595 1455 madescimus.
621 1376 715 1440 Unde
742 1375 903 1438 Dominus
925 1373 1023 1436 vocat
1045 1382 1150 1434 noea
1203 1373 1452 1446 amaritudinis,
1478 1373 1579 1446 idest,
1604 1372 1693 1450 quod
1725 1371 1826 1436 habet
1852 1387 2019 1450 omnam,

349 1473 522 1537 laboribus
536 1474 579 1536 ad
594 1473 755 1552 requiem,
770 1464 1148 1547 dicenainiivangelloe
1204 1473 1290 1553 quod
1324 1471 1425 1534 habat
1451 1471 1636 1549 praemium,
1666 1470 1755 1548 quod
1782 1469 1883 1534 habet
1913 1487 2019 1533 neu·

357 1573 476 1635 Venite
493 1576 541 1634 ad
558 1561 617 1635 aaa
628 1569 1006 1645 memorationem
1020 1569 1055 1631 at
1068 1579 1151 1631 otac-
1202 1574 1302 1634 trum.
1325 1567 1519 1632 amaritudo
1549 1568 1779 1648 perversitatis
1802 1567 1904 1632 halet
1925 1583 2017 1648 poe-

350 1671 528 1744 rctiesttr,
540 1671 573 1732 ct
583 1659 813 1746 avocandum
823 1675 884 1730 coa
896 1665 1003 1746 (Matt.
1016 1681 1065 1739 xi,
1080 1663 1147 1746 28).
1171 1709 1172 1712 ,
1202 1681 1294 1742 mm,
1310 1667 1441 1746 quando
1458 1666 1557 1729 domo
1573 1665 1700 1745 patitur
1714 1665 1872 1728 damnum
1889 1681 2019 1729 rerum

351 1768 511 1831 nomines
522 1757 726 1830 lahmantad
739 1760 942 1844 acquirenda
952 1764 1039 1827 bona
1049 1764 1149 1842 liuius
1203 1778 1351 1840 suanum,
1374 1766 1428 1828 vel
1450 1765 1609 1844 injuriam
1625 1763 1775 1842 corporis
1796 1764 1849 1826 sui
1870 1766 1905 1827 et
1922 1779 2019 1828 oon-

350 1865 441 1939 vitae,
455 1867 488 1928 et
502 1865 686 1928 onarantnr
697 1864 842 1943 peccatis
852 1863 950 1942 quasi
959 1862 1055 1940 gravi
1066 1877 1151 1940 pcn-
1202 1865 1463 1943 mauritanorum
1488 1875 1639 1936 warum,
1664 1861 1699 1926 et
1721 1877 1788 1924 non
1812 1864 1921 1940 potest
1947 1879 2017 1924 su-

352 1962 442 2026 dare.
457 1966 523 2026 Pro
533 1971 696 2042 aquarum
705 1961 941 2033 amaritudine,
952 1961 1052 2040 qued,
1063 1960 1151 2024 sicut
1201 1973 1295 2024 saera
1312 1957 1495 2024 vindictam
1521 1961 1562 2022 da
1589 1959 1693 2022 illatis
1718 1959 1864 2038 iniuriis,
1891 1961 1926 2023 et
1946 1976 2017 2038 pro

351 2060 420 2122 alia
433 2061 571 2123 flumina
583 2060 711 2124 intrant
722 2061 757 2122 in
770 2075 873 2133 mare,
886 2060 920 2124 et
931 2059 998 2122 alia
1014 2059 1147 2132 exeunt,
1204 2064 1272 2124 lieo
1287 2071 1354 2123 non
1368 2060 1440 2123 vult
1453 2057 1653 2122 condonare.
1669 2057 1762 2120 Unde
1772 2055 1843 2120 toto
1854 2058 2017 2136 tempora

352 2159 400 2222 ita
414 2159 491 2220 aliae
505 2157 740 2246 generationes
753 2157 927 2220 intrantia
942 2156 1064 2218 mundo
1076 2171 1151 2218 nas·
1203 2157 1281 2222 vita
1296 2169 1366 2221 aua
1380 2158 1432 2222 est
1444 2156 1481 2220 in
1498 2156 1734 2230 amaritudine,
1758 2153 1936 2219 etidcirco
1952 2171 2018 2218 re·-

352 2258 473 2330 cendo,
489 2256 566 2318 aliae
588 2256 712 2318 exeunt
730 2255 913 2318 moriendo.
936 2254 1030 2318 Unde
1049 2254 1149 2316 Salo·
1204 2257 1314 2335 portat
1336 2267 1468 2334 poenam
1487 2253 1721 2317 &mundonis
1743 2253 1838 2316 Unde
1856 2255 2015 2331 Aposto-

352 2370 430 2418 mon
444 2375 452 2415 :
468 2353 647 2416 ueneratio
671 2353 829 2432 praeterit,
849 2351 1022 2430 gamantia
1042 2352 1149 2414 adve-
1204 2355 1279 2416 lnsc
1303 2355 1509 2416 amaritudo
1531 2354 1567 2416 ct
1589 2357 1683 2416 aean
1705 2351 1847 2414 tollam
1863 2367 1888 2413 a
1909 2355 2016 2415 nodia

352 2452 413 2514 nit.
425 2451 579 2514 Praeterit
589 2450 772 2524 moriendo,
784 2454 817 2514 et
826 2451 961 2514 advenit
970 2449 1147 2523 nascendo,
1202 2451 1301 2534 (dnh.
1322 2467 1367 2526 iv,
1383 2449 1450 2533 di).
1472 2451 1574 2527 Quasi
1588 2450 1739 2513 diceret:
1763 2465 1830 2512 non
1845 2450 2014 2513 dalemm

352 2549 430 2628 quia
452 2564 538 2611 unus
558 2549 711 2612 nascitur
729 2551 763 2612 et
783 2547 869 2612 aiter
889 2547 1042 2618 moritur,
1063 2563 1149 2610 unus
1203 2563 1323 2614 curare
1338 2551 1379 2612 de
1391 2550 1522 2612 damnis
1536 2550 1660 2612 nostris
1674 2547 1728 2612 vei
1742 2548 1897 2610 allorum.

350 2645 472 2710 crescit
490 2645 524 2710 et
546 2648 632 2710 ulter
654 2645 828 2719 decrescit,
850 2659 936 2709 unus
959 2645 1093 2710 latatur
1115 2647 1151 2708 et
1245 2648 1440 2714 amaritudo
1452 2647 1717 2725 compunctionis
1740 2646 1914 2724 praemlum
1936 2647 2010 2708 ha-

351 2745 438 2808 alter
449 2743 616 2808 tristatur.
921 2818 928 2827 ,
1203 2745 1269 2820 liat,
1286 2741 2011 2825 quandoaliqulscompungiturveltrista·

394 2846 459 2905 Pro
473 2843 618 2904 nominis
635 2843 939 2921 interpretantium,
955 2842 1034 2921 quia
1057 2841 1151 2904 (tali-
1202 2845 1258 2908 tur
1267 2857 1327 2922 pro
1337 2844 1468 2906 delictit
1476 2843 1547 2905 suis
1554 2842 1607 2906 vel
1617 2843 1845 2920 proximorum
1854 2857 2009 2904 suorum.

350 2937 417 3003 laen
445 2939 684 3019 interpretatur
710 2939 785 3003 rota
811 2939 866 3002 vel
892 2939 1067 3014 volubilis,
1096 2937 1150 3002 vel
1205 2942 1299 3006 Unde
1310 2942 1415 3004 David
1428 2957 1436 3003 a
1450 2936 1715 3004 ccrwntrtttuu
1724 2940 1760 3002 et
1770 2941 2008 3012 demutatum,

351 3035 603 3114 transmigratio
632 3036 730 3100 iacta.
758 3035 901 3098 Mundus
930 3035 1052 3098 dicitur
1075 3036 1151 3098 rota
1204 3044 1307 3114 Dara,
1330 3053 1400 3102 non
1419 3041 1588 3114 decantes
1607 3037 1690 3118 (Pa,
1711 3039 1761 3112 50,
1784 3035 1848 3119 19).
1870 3038 2011 3100 limari-

352 3133 433 3214 quia
447 3133 608 3197 rotundus
623 3135 685 3197 est.
703 3129 796 3197 Unde
809 3133 913 3197 David
932 3155 943 3195 :¹
967 3137 1041 3196 Viae¹
1057 3135 1150 3197 toni·
1204 3137 1283 3201 dado
1310 3137 1476 3200 naturalia
1501 3137 1656 3200 neutrum
1682 3136 1792 3209 habet,
1822 3135 1910 3216 quod
1936 3151 2009 3199 non

353 3233 427 3295 irat
454 3237 491 3294 in
513 3231 593 3296 acta
614 3232 684 3312 (Pa.
716 3235 774 3306 id,
804 3229 1151 3312 {iintelligendum
1204 3235 1304 3300 habet
1335 3235 1507 3316 praemium
1532 3249 1639 3314 neque
1671 3245 1815 3313 poenam,
1847 3235 1934 3313 quod
1964 3249 2010 3298 ex

351 3333 404 3394 cst
424 3331 567 3393 cuditur
587 3334 625 3393 tn
644 3327 744 3413 rota,
761 3329 848 3394 idest
864 3327 900 3418 ln
922 3331 1150 3394 mundavere
1204 3338 1324 3396 natura
1356 3331 1449 3396 venit
1482 3333 1701 3396 communiter
1730 3332 1933 3406 horninibus,
1974 3334 2009 3395 et

353 3427 497 3490 mundns
512 3427 674 3490 rotundus
689 3423 851 3507 estquod
866 3439 982 3490 omnes
998 3429 1150 3491 nomines
1204 3431 1310 3494 brutis
1333 3425 1546 3505 animalibus,
1572 3431 1658 3510 quod
1677 3431 1820 3510 quisquc
1846 3431 1937 3493 dolet
1965 3431 2008 3494 dc

352 3525 453 3606 positi
468 3525 547 3589 sudi
564 3525 600 3588 lii
619 3527 692 3589 rota
716 3523 775 3588 alli
795 3526 960 3604 superins,
981 3525 1040 3588 alii
1057 3525 1149 3589 inla—
1203 3529 1385 3592 amisslone
1407 3528 1553 3592 illiorum
1577 3543 1724 3591 anorum.
1750 3527 1844 3591 Unde
1863 3526 2008 3592 lilisaeus

351 3623 435 3686 rina.
458 3623 526 3686 nlil
549 3621 746 3696 ascendunt,
766 3623 827 3686 alii
842 3621 1065 3702 descendunt3
1090 3625 1149 3686 alii
1201 3628 1387 3706 propheta:
1410 3625 1555 3690 Dtrtctttc
1573 3641 1663 3700 eom,
1685 3629 1767 3702 quic
1788 3629 1910 3688 onmia
1927 3630 2008 3700 &aa

353 3721 547 3794 nascuntur,
566 3719 626 3784 alii
641 3721 840 3785 moriuntur.
858 3719 952 3785 Unde
970 3723 1148 3786 Salomon:
1204 3729 1241 3788 tn
1254 3727 1492 3787 commendite
1511 3725 1573 3799 cat,
1597 3725 1633 3788 ct
1653 3727 1822 3804 Dominus
1839 3726 1965 3787 celavit
1984 3739 2008 3787 a

358 3819 433 3881 Vidi
446 3817 569 3881 cuncta
583 3832 660 3894 cuca
670 3819 759 3893 dicat
770 3823 831 3882 aad
845 3827 924 3894 eote,
939 3821 973 3884 et
986 3833 1062 3884 cccc
1075 3825 1151 3884 unt»
1203 3835 1259 3886 acc
1272 3817 1332 3903 (lv
1346 3825 1427 3898 Rea.
1443 3835 1491 3896 rv,
1506 3820 1573 3901 iil).
1590 3817 1630 3885 lit
1642 3819 1718 3884 ideo
1731 3821 1891 3884 Dominus
1904 3825 2006 3886 iesus

351 3929 458 3978 carso
478 3917 618 3978 vanitas
632 3915 667 3978 et
686 3915 829 3991 amicita
847 3919 1010 3992 spiritns,
1027 3919 1061 3981 et
1079 3923 1150 3981 eidi
1204 3933 1270 3983 non
1282 3920 1316 3982 ln
1326 3920 1390 3982 noc
1401 3920 1498 3993 marl,
1512 3919 1570 3982 sed
1579 3921 1677 3998 juxta
1687 3919 1876 3982 ambulasse
1888 3917 2007 3998 periri-

350 4017 528 4076 nemiucm
543 4024 752 4090 perducere
765 4015 828 4076 aad
841 4021 910 4077 sote
925 4011 1027 4094 (llocl.
1043 4029 1067 4090 1,
1084 4015 1148 4097 ii).
1203 4017 1310 4092 batur,
1322 4019 1401 4095 quia
1424 4018 1488 4080 etsi
1504 4017 1603 4080 inemo
1621 4015 1873 4080 interitomines
1898 4035 2008 4096 appa-

351 4111 392 4174 Et
404 4111 466 4174 iob
481 4131 489 4173 ε
505 4115 618 4174 Homo
632 4113 736 4174 actua
750 4113 792 4174 dc
807 4115 963 4187 muliere,
980 4112 1077 4176 mevi
1097 4115 1151 4176 vt·
1203 4111 2006 4194 rultinterdnjuamundimotuslmmotaucstigla

351 4222 437 4273 cens
452 4211 607 4286 tmpore
621 4205 708 4290 (lob.
722 4217 793 4283 riv,
811 4208 855 4289 1).
871 4205 1015 4273 Mundus
1030 4205 1151 4275 dicitur
1204 4212 1362 4274 samarit
1381 4212 1475 4275 Uada
1489 4211 1627 4292 pucina
1639 4213 1674 4274 ia
1689 4213 1837 4277 Ecclesia
1847 4215 2003 4277 canitur:

351 4307 520 4383 volubilis,
537 4309 615 4387 quia
633 4307 754 4391 sidera,
771 4303 854 4383 dica,
870 4308 903 4371 et
917 4309 996 4370 anni
1011 4311 1044 4372 ei
1062 4311 1149 4373 tam-
1204 4325 1224 4370 «
1244 4311 1327 4370 llum
1341 4305 1586 4386 perambularet
1599 4307 1792 4371 Dominus»
1810 4309 1907 4384 idest,
1924 4311 2005 4372 dum

352 4423 435 4484 pora
445 4407 478 4469 ct
488 4407 599 4468 omnia
609 4403 789 4471 volvuntur
798 4403 833 4468 in
843 4420 894 4470 eo.
909 4401 1052 4470 liundus
1066 4407 1151 4471 dici·
1204 4406 1348 4484 perlecta
1362 4405 1559 4480 ambularet,
1573 4407 1652 4485 qnia
1665 4409 1738 4485 ejus
1752 4407 1858 4470 sollus
1869 4410 1931 4482 est,
1945 4409 2004 4486 qul

351 4505 409 4566 tur
430 4501 681 4580 transmigratio
702 4501 808 4579 iacta,
834 4503 912 4582 quia
938 4507 1049 4568 omnia
1075 4523 1149 4584 quaa
1204 4505 1295 4566 solus
1307 4503 1473 4583 perlectus
1488 4505 1549 4577 est,
1564 4505 1650 4583 quod
1666 4520 1763 4568 namo
1777 4506 1854 4568 aine
1866 4508 2003 4584 peccato

351 4602 432 4663 sunt
452 4601 487 4662 in
508 4600 647 4675 mundo,
671 4600 912 4678 transmigrant
929 4601 970 4664 de
988 4618 1055 4666 nno
1076 4603 1149 4667 loco
1204 4603 1270 4664 nisi
1293 4604 1384 4665 solue
1404 4605 1503 4665 Deus.
1526 4601 1566 4666 nt
1584 4603 1724 4666 Petrus:
1742 4607 1807 4671 Qut
1821 4605 2005 4680 moratum

352 4697 395 4760 ad
416 4697 531 4768 alium,
554 4697 641 4776 qnod
663 4698 775 4760 omnia
799 4694 972 4762 nascentia
996 4701 1040 4762 de
1058 4704 1150 4765 tarra
1203 4715 1273 4764 non
1295 4702 1376 4778 tacti
1399 4702 1651 4765 necinventus
1682 4703 1734 4765 eet
1761 4705 1857 4765 doda
1880 4705 1919 4764 ta
1941 4717 2003 4767 ore

351 4795 476 4858 cadunt
505 4795 539 4859 et
569 4790 781 4874 praetereunt.
816 4794 909 4858 Unde
938 4797 1084 4860 Joannes
1114 4800 1149 4862 id
1203 4803 1279 4872 nats
1293 4797 1338 4878 (ll
1355 4801 1444 4862 Patr.
1459 4797 1576 4880 inii).

352 4895 524 4972 Epistola:
544 4895 659 4958 Nolite
678 4895 820 4972 dittoerc
838 4899 1017 4969 masadam,
1040 4911 1149 4974 neque
1242 4896 1423 4963 ambulans
1437 4900 1534 4960 lesus
1545 4897 1643 4975 juxta
1655 4909 1747 4960 mare
1762 4897 2003 4960 Galilacaevidit

350 5007 395 5056 aa
408 5009 485 5068 qzcoe
498 4995 581 5055 aurat
595 4997 632 5054 tn
646 4995 775 5054 mundo
789 4991 818 5073 (l
830 4994 926 5055 ioan.
940 5008 977 5068 n,
994 4994 1059 5076 15).
1203 4998 1286 5060 duos
1306 4997 1437 5058 trades.
1454 4995 1497 5058 ffl
1516 4995 1581 5058 duo
1595 4995 1727 5068 iratres,
1743 4995 1908 5068 videlicet,
1932 4999 2000 5058 Pa-

392 5090 574 5153 ninlrnlans
586 5089 684 5168 juxta
702 5100 794 5154 mare
814 5085 971 5154 Galilaeae.
988 5093 1148 5158 Dominus
1202 5097 1276 5158 uns
1290 5096 1323 5157 et
1336 5093 1487 5157 Andreas
1499 5093 1577 5156 eunt
1589 5094 1654 5156 duo
1669 5093 1869 5156 candelabra
1884 5095 2002 5156 lucan-

350 5189 535 5252 ambulavit
544 5189 641 5267 Juxta
656 5199 750 5251 mare
767 5185 927 5262 Galilaea,
944 5193 1148 5269 quandoin-
1202 5191 1250 5257 tia
1263 5193 1340 5256 ante
1355 5191 1543 5266 Dominam,
1558 5191 1654 5271 quasi
1668 5191 1733 5253 duo
1756 5207 1877 5268 magna
1895 5189 1999 5254 lumi·

352 5287 491 5351 clinavlt
514 5287 616 5350 coelce
636 5289 671 5350 et
689 5287 872 5362 descendit,
894 5288 992 5362 idest,
1016 5290 1148 5368 quando
1202 5291 1300 5354 naria
1324 5290 1448 5353 terram
1471 5289 1687 5364 illustrantia,
1710 5290 1797 5370 quod
1824 5292 1859 5354 et
1880 5289 2000 5352 Petrus

351 5386 458 5448 exivit
472 5399 491 5448 a
507 5386 606 5448 Patre
623 5387 657 5449 et
669 5385 765 5449 venit
779 5385 814 5446 ln
829 5385 999 5462 anundum,
1012 5388 1099 5453 idest
1113 5391 1147 5453 iu
1203 5391 1397 5463 Romanam,
1418 5391 1451 5452 et
1479 5389 1628 5450 Andreae
1648 5391 1798 5452 Graecam
1816 5388 1999 5452 Ecclesiam

351 5485 483 5547 uterum
498 5484 650 5561 uirginis,
666 5484 700 5547 et
713 5475 925 5546 habitavitin
939 5485 1052 5562 nobis3
1069 5490 1147 5567 quia
1203 5486 1394 5551 illustrarit.
1431 5486 1551 5548 Petrus
1590 5486 1697 5562 primo
1729 5485 1923 5565 praedicault
1964 5487 1997 5549 in

350 5583 528 5661 antequam
543 5581 688 5644 verbnm
705 5595 784 5644 caro
801 5582 906 5656 daret,
918 5586 1032 5662 procul
1052 5586 1149 5650 nabi·
1201 5586 1332 5662 dudaea3
1358 5583 1503 5647 mcundo
1529 5584 1564 5646 in
1593 5585 1811 5664 Cappadocia,
1840 5585 1940 5648 tortio
1963 5585 1996 5646 in

349 5681 473 5746 taliata
489 5680 596 5745 nohis.
614 5680 677 5745 Ubi
690 5679 919 5745 verol'erbum
933 5694 1013 5748 carc
1026 5683 1147 5751 lactum
1202 5684 1284 5749 urhe
1299 5687 1414 5756 Roma,
1438 5682 1471 5746 et
1491 5683 1613 5747 multos
1636 5683 1798 5747 convertit
1817 5682 1858 5746 ad
1881 5683 1997 5746 Domi·
