4200 6404
122 213 194 272 229
568 211 637 276 XX.
655 241 695 260 -
710 215 753 276 IN
777 203 907 276 FESTO
931 215 1085 296 sartari
1102 217 1342 278 baURuerl.

124 375 281 434 Cumsm
290 371 409 435 cutem
422 375 642 448 οονοιοοίοοοί,
655 379 923 451 omncrouiba-
1341 413 1411 500 XX

125 470 252 532 baboni
265 471 424 542 instratos
442 474 554 534 conis
568 477 800 549 moruorum,
816 477 923 536 duce·

125 568 212 628 bant
226 570 625 632 incimmemmaum
638 575 784 648 cinomia
799 588 925 636 marius
1059 601 1104 662 IN
1126 601 1254 662 12ssng
1278 603 1427 664 SANcpp
1449 603 1689 666 LAURENTH,

123 669 309 741 irnpoucnr
322 666 465 728 curabat
476 682 534 729 eos
550 668 641 743 (Luc.
657 684 703 741 rr,
725 667 790 748 40).
813 673 923 732 Sana-

124 763 187 826 bat
202 763 303 825 etiam
317 764 458 837 animas,
477 765 564 828 sicut
582 766 704 842 legitur
720 767 756 828 in
771 769 925 845 Evange-
1017 771 1190 843 Proiecit,
1215 773 1372 842 Durniue,
1396 787 1457 837 cor
1474 789 1603 848 meum,
1629 775 1663 837 et
1685 779 1775 838 cisi-

123 861 305 923 liuderus
317 863 564 926 autemvmens
574 866 678 936 fidem
686 867 923 928 idormmdimit
977 865 1062 928 testi
1075 867 1183 928 nocie.
1199 869 1283 942 loric
1295 881 1352 928 me
1365 871 1588 942 eoumiuosti,
1599 871 1633 932 et
1644 872 1776 935 uenosi

121 961 321 1035 emutptico
332 975 345 1018 :
356 964 436 1032 biti,
457 961 683 1024 dimittuntur
702 963 762 1024 tibi
781 965 922 1038 peccota
976 963 1120 1028 tricenta
1131 966 1170 1026 tri
1183 978 1238 1026 rice
1252 965 1420 1038 iniquitas
1436 965 1505 1044 (Ps.
1522 969 1571 1038 16,
1587 965 1633 1046 3).

124 1057 190 1118 tua
211 1055 343 1136 (idatib.
366 1073 414 1130 rx,
439 1055 489 1136 ὅ).
520 1060 657 1122 sanarit
676 1061 788 1124 autem
811 1061 922 1124 omnia
1017 1062 1055 1120 In
1079 1060 1258 1124 testivitate
1284 1061 1384 1139 hujus
1413 1063 1553 1139 gloriosi
1578 1066 1612 1128 ei
1638 1067 1775 1143 pretiosi

124 1153 276 1214 membra
308 1155 460 1232 corporis
483 1156 607 1225 nostri,
629 1157 716 1219 sicut
737 1158 860 1234 legitur
886 1160 922 1221 in
976 1158 1132 1235 martyris
1156 1158 1245 1220 beati
1268 1161 1441 1222 Laurentii
1461 1161 1598 1238 dignum
1619 1164 1670 1225 est
1693 1164 1774 1240 illud

125 1251 321 1328 scripturis,
337 1252 378 1314 de
394 1252 511 1330 quibus
525 1269 591 1314 non
604 1255 655 1317 est
671 1255 846 1318 dicendum
863 1273 923 1333 per
976 1255 1205 1332 propheticum
1227 1255 1323 1318 nobis
1347 1273 1522 1322 occurrere
1542 1260 1629 1336 quod
1643 1261 1680 1321 in
1701 1265 1773 1339 ejus

122 1349 272 1425 singula,
297 1365 340 1412 ne
366 1365 476 1414 sermo
499 1350 651 1428 prolixus
672 1355 809 1429 generet
826 1353 924 1417 tasti—
976 1352 1173 1416 laudibusei
1186 1352 1377 1427 testivitate,
1395 1355 1455 1416 sub
1470 1357 1620 1433 ejusdem
1632 1373 1774 1434 persons
1833 1369 1846 1387 ”

122 1446 231 1508 dium.
977 1450 1772 1530 conmeviincolesiscanuredmensfflroomri,

166 1545 398 1606 Misericordia
410 1547 659 1610 commendatur
679 1549 813 1626 inipso,
830 1549 919 1627 quia,
976 1552 1132 1622 Domine,
1152 1563 1213 1614 cor
1226 1563 1379 1612 meum...
1395 1549 1514 1612 Tribus
1529 1551 1637 1612 modis
1657 1553 1775 1628 probat

121 1658 201 1704 curn
223 1643 295 1704 baec
314 1645 540 1720 praemisisset,
567 1645 681 1709 intulit
703 1647 838 1710 dicens:
855 1652 923 1710 iia·
976 1646 1178 1715 Deuscorda
1195 1647 1374 1724 justorum,
1395 1646 1551 1709 videlicet
1566 1665 1574 1703 ε
1590 1647 1772 1724 beneficiis,

121 1741 315 1802 mittuntur
338 1745 370 1803 ei
386 1744 531 1817 peccota
548 1745 668 1817 mutia,
687 1749 850 1820 quonium
868 1749 923 1808 di·
975 1743 1119 1819 flagellis
1129 1745 1163 1806 et
1172 1743 1326 1805 laudibus
1341 1745 1497 1822 propriis.
1511 1747 1687 1808 Beneficiis
1702 1765 1776 1826 pro

120 1838 212 1900 teu-it
223 1839 382 1900 muttum.
395 1843 457 1901 Oui
466 1841 584 1902 utitem
592 1847 710 1904 minus
721 1843 919 1916 dimittitur,
976 1840 1042 1913 bat,
1071 1841 1203 1919 quande
1231 1842 1418 1919 permulta
1443 1842 1531 1905 dona
1557 1844 1590 1907 et
1612 1843 1774 1907 beneficia

120 1939 242 1997 miuus
251 1937 522 2012 semustulati
531 1939 572 2000 ad
585 1953 677 2001 eam:
692 1942 922 2002 remetiuntur
976 1938 1095 2016 quibus
1125 1940 1233 2016 justos
1262 1939 1463 2017 magnificat,
1495 1941 1701 2004 demonstrat
1725 1943 1775 2008 eis

122 2033 186 2094 tibi
196 2035 348 2108 peccota.
360 2035 406 2096 iit
416 2038 661 2112 coeperuntque
672 2041 776 2100 simia
784 2053 923 2102 accure-
976 2037 1135 2112 quantum
1150 2051 1207 2098 eos
1222 2037 1322 2110 amat,
1340 2037 1427 2098 sicut
1438 2036 1518 2100 iecit
1530 2038 1696 2115 quondam
1712 2057 1776 2116 po-

121 2131 246 2192 bcbont
267 2134 382 2194 dicere
410 2134 508 2196 iutra
531 2149 593 2198 sc:
620 2139 679 2210 pur·
703 2137 755 2197 est
781 2139 836 2198 bic
863 2140 922 2210 pur·
976 2133 1298 2211 pu101srael,quom
1319 2134 1361 2196 de
1381 2135 1711 2212 AEgyptoliberarii3
1739 2137 1773 2198 in

121 2229 233 2302 ctiam
245 2231 387 2303 peccato
400 2232 567 2293 dimittier
581 2233 774 2309 intelligunt
796 2235 921 2296 remis·
975 2229 1106 2294 deserto
1125 2231 1229 2298 inulta
1252 2231 1415 2294 benoncia
1436 2233 1596 2310 contulit;
1624 2235 1660 2295 in
1683 2236 1774 2296 terra

119 2325 252 2387 sionem
278 2329 406 2404 peccati
425 2343 507 2406 opus
528 2345 602 2391 esse
630 2330 733 2394 solius
758 2333 839 2407 Dei;
863 2332 920 2394 sed
975 2330 1243 2406 repromissionis
1272 2329 1410 2392 delicias
1437 2331 1659 2408 ministravit3
1687 2333 1774 2397 unde

117 2425 202 2500 quia
217 2439 284 2486 non
297 2424 476 2487 credebant
488 2429 602 2489 iesum
615 2443 688 2490 esse
700 2431 815 2501 Deum,
828 2447 922 2491 mur-
974 2427 1134 2488 Dominus
1156 2427 1304 2504 loquitur
1317 2443 1377 2504 per
1392 2428 1603 2492 Psalmistam
1619 2451 1628 2491 z
1648 2433 1692 2492 iri
1707 2431 1775 2492 tri-

120 2521 286 2584 murando
309 2522 464 2585 dicebant
480 2527 567 2591 eom
587 2527 639 2588 est
659 2529 713 2588 tric
734 2530 794 2601 poi
814 2528 920 2590 etium
975 2525 1144 2589 tutatione
1163 2526 1332 2586 invocasti
1353 2539 1421 2597 ore,
1444 2527 1479 2590 et
1500 2528 1644 2589 liberavi
1668 2528 1712 2600 tc,
1740 2529 1774 2592 ei

117 2621 263 2694 peccota
288 2621 453 2683 cimitini
481 2623 587 2695 Certe,
614 2624 671 2702 qui
697 2624 831 2686 mulieri
857 2624 920 2687 iuii
975 2625 1140 2682 emoudioi
1155 2623 1233 2684 tciri
1247 2623 1679 2696 absconditctempertottr,
1694 2641 1774 2700 prm

118 2717 206 2778 odor
230 2718 308 2779 riiae
330 2717 365 2779 in
390 2719 504 2792 vitam,
532 2720 638 2782 tactus
666 2723 717 2784 est
737 2723 811 2783 istis
839 2723 921 2786 odor
975 2721 1053 2780 bavi
1076 2719 1109 2780 tc
1132 2723 1176 2780 ad
1201 2735 1310 2792 nouos
1328 2720 1610 2784 contradictionis
1627 2719 1696 2799 (Ps.
1720 2725 1770 2798 80,

120 2816 239 2876 mortis
254 2815 288 2878 in
303 2819 454 2890 mortem,
477 2821 511 2880 et
531 2817 618 2880 unde
641 2819 699 2881 illa
723 2821 918 2882 misericor·
974 2814 1023 2895 8).
1048 2818 1088 2884 111
1106 2815 1322 2882 tribulatione
1346 2817 1515 2880 invocavit
1538 2819 1713 2882 Dominum
1735 2821 1771 2882 iu

117 2913 210 2974 diter
228 2914 420 2988 sanabatur,
443 2917 500 2978 isti
516 2917 751 2980 miserabiliter
772 2920 918 2996 aegrota-
973 2915 1128 2992 AEgypto,
1146 2916 1179 2975 et
1199 2914 1359 2978 liberatus
1374 2918 1425 2978 est
1447 2916 1551 2978 Israel
1568 2916 1604 2977 in
1623 2917 1769 2980 deserto.

119 3011 211 3073 bant.
230 3013 381 3074 Potestas
401 3015 650 3077 commendatur
663 3017 699 3077 in
721 3016 818 3094 ips03
842 3018 919 3095 quia
974 3012 1137 3078 Probatus
1179 3015 1230 3076 esi
1264 3013 1304 3074 ad
1345 3029 1449 3090 aquas
1479 3015 1770 3089 contradictionis,

119 3124 197 3170 curn
215 3111 393 3188 coepisseni
407 3113 464 3190 qui
483 3113 581 3174 simul
602 3114 851 3188 accumbebant,
867 3115 920 3176 di·
974 3111 1106 3188 quando
1124 3110 1314 3174 sitientibus
1337 3113 1370 3172 et
1392 3111 1555 3176 adversus
1574 3129 1651 3174 euin
1673 3129 1770 3180 mnr÷

119 3223 197 3268 cere
218 3208 307 3271 inira
327 3225 362 3270 se
381 3231 389 3270 ε
406 3213 469 3277 Qui
487 3211 540 3272 est
557 3215 612 3274 bic
630 3217 689 3287 qui
708 3215 816 3276 etium
834 3229 918 3289 pec·
973 3208 1182 3276 murantibus
1201 3209 1291 3272 dedit
1314 3225 1434 3288 aquam
1457 3210 1498 3272 de
1519 3212 1625 3287 petra.
1649 3212 1772 3276 Probat

117 3303 200 3368 coia
212 3308 375 3370 dimittit?
389 3308 475 3370 dixit
487 3309 527 3370 ad
539 3310 844 3374 mulieremzliidcr
858 3313 919 3374 tuo
973 3307 1115 3385 flagellis
1133 3307 1279 3384 pinque
1298 3306 1477 3370 decausis.
1499 3309 1663 3385 Flagellat
1682 3313 1770 3374 Deus

118 3403 154 3464 te
167 3409 301 3466 emaum
319 3406 410 3481 iecit,
432 3410 519 3469 ouda
541 3411 580 3470 iu
598 3423 685 3482 poce
700 3407 794 3488 (Luc.
819 3425 915 3483 xviri,
973 3419 1106 3471 servum
1123 3419 1220 3466 sunm
1239 3421 1337 3483 quam
1356 3405 1475 3480 diligit,
1497 3407 1534 3468 ui
1548 3422 1623 3468 eum
1642 3406 1684 3468 ab
1699 3408 1769 3469 ini-

118 3499 183 3573 42).
209 3502 308 3563 Prius
333 3504 464 3566 dixerat
490 3505 578 3582 quod
600 3505 738 3568 dimissa
763 3509 860 3570 erant
886 3508 917 3569 ei
972 3504 1097 3581 quitata
1112 3503 1267 3579 corrigat,
1293 3505 1328 3564 ut
1348 3502 1530 3564 decollata
1556 3503 1679 3566 virtute
1703 3521 1769 3568 non

118 3600 256 3676 peccata
282 3601 396 3675 multa,
429 3603 586 3680 quoniam
612 3603 731 3667 dilexit
763 3605 914 3667 mulium.
972 3600 1152 3678 superbiat,
1170 3602 1206 3661 ui
1219 3600 1325 3661 virtus
1347 3598 1492 3660 bominis
1509 3599 1703 3662 verberibus
1716 3602 1771 3662 in-

118 3697 218 3760 Nune
232 3699 344 3761 antem
364 3700 444 3762 dicit
464 3721 472 3762 ν
497 3703 584 3775 tides
598 3702 660 3763 tua
672 3702 706 3764 te
718 3707 851 3764 sulcam
865 3705 918 3778 se·
971 3701 1120 3760 notescat
1130 3699 1163 3759 et
1173 3698 1312 3759 crescat.
1327 3696 1485 3772 Flagellis
1495 3697 1623 3774 probat,
1636 3700 1767 3776 quando

117 3797 176 3868 cii,
194 3796 272 3874 quia
291 3798 448 3860 nimirum
462 3797 527 3860 boc
540 3799 665 3862 iecerat
675 3800 735 3862 illa
749 3800 831 3862 tides
843 3817 916 3878 quae
971 3795 1131 3858 conviciis
1146 3795 1179 3857 et
1188 3793 1474 3871 persecutionibus
1489 3795 1679 3874 iniquorum
1693 3814 1769 3888 pur-

116 3909 180 3970 per
191 3894 402 3956 dilectionem
419 3897 586 3974 operatur,
607 3912 667 3974 per
679 3913 777 3974 quam
788 3898 916 3975 justiti-
970 3895 1027 3970 gat
1036 3896 1145 3972 justos
1158 3909 1178 3955 a
1192 3892 1348 3970 peccatis
1365 3892 1452 3954 sicut
1462 3895 1636 3970 argentum
1649 3912 1768 3974 purga·

116 3991 215 4053 catur
229 3994 393 4069 peccator,
414 3993 555 4056 credens
569 3995 605 4054 in
619 3993 836 4058 mediatorem
856 3998 915 4058 Dei
938 3981 939 3987 ¹
968 3993 1026 4055 tur
1050 3991 1086 4052 in
1113 3989 1259 4054 fornace.
1292 3990 1386 4053 Unde
1418 3990 1535 4053 beatus
1564 3994 1764 4070 Gregorius:

116 4090 152 4150 et
166 4089 463 4154 bominumtesum
478 4093 656 4154 Christum.
679 4096 779 4167 Vade,
794 4094 913 4172 inquit,
969 4090 1232 4162 «Quorumdam
1254 4088 1428 4154 bominum
1452 4090 1579 4155 mentes
1608 4091 1681 4167 plus
1703 4093 1767 4156 fla-

116 4191 155 4247 iu
173 4203 270 4262 poce,
292 4191 369 4266 quia
384 4189 525 4253 liberata
547 4207 583 4252 es
604 4191 646 4254 ab
663 4191 817 4254 interiori
833 4209 915 4254 con·
968 4187 1057 4262 gella
1070 4201 1170 4264 quam
1190 4185 1343 4248 convicia
1359 4183 1521 4257 cruciant,
1547 4188 1765 4261 quorumdam
1877 4221 1888 4261 7

117 4284 222 4355 niem,
238 4301 304 4363 quo
327 4303 421 4349 mens
440 4289 655 4366 torquebatur
674 4291 807 4352 conscia
831 4307 913 4368 pec·
969 4301 1048 4347 vero
1058 4283 1133 4362 plus
1143 4283 1296 4347 convicia
1309 4298 1407 4359 quam
1415 4281 1549 4356 flagella
1558 4283 1766 4360 castigant»

116 4385 278 4458 catorum,
295 4387 373 4462 quia
388 4401 455 4448 non
470 4388 520 4448 est
534 4387 648 4464 impiis
661 4387 817 4463 gaudere,
834 4387 915 4450 dicit
968 4382 1116 4458 Flagello
1130 4381 1242 4442 aulem
1255 4379 1341 4456 quod
1353 4378 1477 4456 infligit
1489 4381 1576 4442 Deus
1590 4396 1657 4442 non
1673 4382 1766 4447 deest

116 4481 288 4555 Dominus,
309 4499 371 4545 nec
392 4485 442 4546 est
456 4500 522 4562 pax
536 4485 666 4546 ossibus
686 4499 706 4546 a
726 4484 811 4549 facie
830 4501 912 4562 pec·
969 4479 1210 4542 misericordia.
1230 4476 1323 4538 Unde
1344 4477 1380 4538 in
1401 4476 1657 4541 Ecclesiastico:
1680 4484 1766 4557 Spe-

116 4580 278 4651 catorum,
291 4581 350 4642 sed
360 4597 420 4658 per
433 4597 506 4660 quae
517 4583 632 4660 peccat
644 4583 754 4656 borno,
768 4598 829 4660 per
842 4583 914 4645 baec
967 4583 1062 4642 cioca
1080 4578 1321 4640 misericordia
1340 4578 1404 4636 Det
1418 4577 1455 4636 iu
1476 4576 1630 4650 tempore
1652 4579 1765 4644 tribu-

115 4677 151 4737 et
170 4677 362 4755 torquatum
379 4680 412 4742 et
431 4681 505 4742 ideo
526 4697 568 4743 ne
590 4681 755 4743 relabaris
772 4681 913 4744 ulterius
968 4678 1115 4747 tutionis,
1131 4673 1221 4738 sicud
1233 4676 1340 4736 nubes
1350 4674 1439 4748 ptuit
1453 4677 1490 4736 ia
1500 4675 1655 4748 ternpore
1666 4680 1768 4741 sicci-

115 4774 152 4834 in
174 4779 357 4851 peccatum.
380 4780 429 4838 Tu
443 4793 530 4854 ergo
553 4777 722 4856 peccatrix
740 4780 863 4852 anima,
884 4780 913 4841 si
967 4777 1051 4838 totis
1077 4772 1179 4854 (Eccl.
1214 4787 1293 4844 xxv,
1323 4770 1389 4850 36).
1419 4774 1561 4849 Tempus
1590 4774 1762 4852 siccitatis,

115 4873 319 4936 sanctificari
334 4873 515 4950 desideras,
530 4877 682 4954 exemplo
698 4877 797 4955 hujus
815 4894 914 4940 sanc·
969 4874 1064 4946 idest,
1082 4873 1211 4949 tempus
1229 4869 1455 4932 tribulationis
1474 4869 1537 4932 fuit
1556 4871 1653 4934 beato
1678 4876 1767 4936 Lau-

114 4971 254 5034 tissimeo
284 4975 479 5049 peccatricis
513 4975 554 5036 ad
581 4976 749 5038 christum
779 4977 910 5048 accede,
967 4972 1088 5044 rentio,
1106 4969 1238 5047 quando
1257 4969 1291 5030 in
1306 4969 1485 5044 conspectu
1508 4968 1599 5030 Decii
1622 4969 1686 5032 luit
1704 4987 1767 5034 ex·

114 5070 275 5148 suusque
289 5073 378 5134 retro
399 5087 495 5136 secus
516 5073 616 5150 pedes
628 5074 734 5150 ipsius
754 5073 912 5151 lacrymis
967 5070 1113 5148 pullatus
1132 5069 1166 5130 et
1188 5065 1386 5149 flagellatus,
1411 5081 1512 5142 super
1525 5065 1685 5129 craticula
1706 5085 1766 5145 po-

113 5168 259 5251 ripaeos
279 5169 311 5232 ei
324 5171 419 5247 terge
435 5170 577 5248 capillis,
599 5171 757 5233 osculans
775 5172 866 5250 ipsos
880 5174 914 5236 et
968 5169 1052 5230 situs
1074 5169 1108 5228 et
1121 5166 1199 5242 igne
1220 5161 1421 5226 combustus.
1439 5163 1502 5224 Sed
1526 5165 1614 5227 Deus
1630 5164 1719 5228 dedit
1734 5168 1766 5228 ei

113 5281 254 5342 ungens,
282 5268 319 5330 ut
342 5269 504 5333 merearis
530 5268 670 5333 audire:
693 5269 781 5344 sides
796 5271 857 5332 tuo
880 5271 913 5332 tc
968 5265 1089 5328 nubem
1116 5262 1249 5342 pluria,
1268 5260 1369 5332 idest,
1391 5259 1603 5336 reingerium
1623 5263 1764 5326 internae

110 5369 250 5427 salvum
262 5367 354 5440 fecit,
371 5370 459 5430 vcia
473 5371 511 5429 iu
522 5382 619 5443 poce.
967 5363 1096 5441 gratim,
1111 5363 1148 5424 in
1165 5361 1293 5425 tantum
1318 5358 1404 5437 quod
1420 5357 1509 5434 ignis
1522 5361 1596 5423 erat
1610 5360 1641 5422 ei
1660 5362 1763 5424 refri-

964 5463 1108 5539 geratio,
1126 5461 1294 5523 stentare
1314 5457 1479 5522 tormenta
1493 5458 1589 5534 quasi
1613 5461 1764 5536 quadam

932 5637 937 5650 ι
963 5560 1079 5623 dulcia
1098 5557 1234 5636 gaudia.
1259 5555 1359 5630 ¹Unde
1387 5555 1625 5622 convenienter
1647 5557 1764 5624 beatus
