4104 6392
77 264 134 324 ser
396 233 400 240 ’
696 257 927 321 nrrsronn.
951 257 1029 316 nra.
1054 257 1094 322 11.

78 421 257 484 Ecclesiam
277 433 358 482 vero
379 416 509 480 Sanctae
528 415 644 479 Mariae
663 416 699 478 in
714 416 870 490 Bracber,
927 417 1058 480 lnoarn.
1085 415 1177 478 Dom.
1195 427 1284 476 anno
1302 413 1502 487 MCCXVIII,
1528 413 1642 492 pontii.
1659 413 1723 477 do-

78 531 180 595 usque
197 515 238 576 ad
253 514 351 576 finem
368 511 536 590 parocbiae
554 513 706 574 Lemsniz
720 511 755 572 in
770 512 872 574 latum
927 513 1010 574 mini
1024 510 1164 574 Honorii
1178 526 1273 588 papae
1287 511 1377 572 tertii
1390 526 1478 586 anno
1494 512 1651 572 secundo.

78 629 151 675 cum
172 612 324 675 omnibus
349 609 515 682 ecclesiis,
542 609 677 681 mediis,
702 612 736 671 et
758 624 873 670 earum

77 709 285 788 pertinentiis
300 706 333 768 et
347 707 498 784 capellis,
519 723 593 784 quae
608 705 735 767 suntin
757 721 873 768 earum
1253 695 1399 781 GGCVI

77 806 228 868 terminis
243 803 616 867 constituissemus
633 804 743 866 autem
763 803 873 866 futuro

76 903 230 980 episcopo
243 901 462 978 assignandos
480 901 681 964 invenerunt
699 900 872 962 ecclesiam

75 997 255 1070 venatorii,
274 1000 406 1060 etxxx
422 1013 557 1058 mansos
572 997 613 1059 de
628 1013 774 1069 nemore,
787 997 872 1074 quod

1095 847 1148 906 Ad
1161 848 1357 920 apocopum
1380 847 1558 908 Pictcoen.

1228 966 1331 1040 solun.
1345 968 1424 1026 aare.

76 1097 127 1158 est
141 1095 228 1171 apud
242 1095 390 1168 fluvium,
408 1095 465 1174 qui
484 1096 622 1156 vocatur
638 1095 750 1167 Gerol,
766 1094 875 1155 eccle-
975 1079 1096 1144 [aegest.
1106 1079 1151 1130 ¹5¹³·
1162 1079 1192 1140 ¹¹·
1207 1094 1245 1144 ⁸1³·
1256 1079 1324 1128 ¹³⁶⁶·
1336 1080 1393 1132 ¹¹³³·
1405 1081 1440 1130 ¹⁶²
1450 1081 1526 1132 P⁰¹i⁰
1541 1081 1575 1130 ‘¹¹¹
1586 1081 1679 1146 vieti]

76 1191 162 1253 siam
182 1192 348 1265 Leibentz,
363 1192 539 1254 ecclesiam
552 1195 677 1268 Togan,
699 1191 873 1253 ecclesiam
929 1187 966 1244 Ut
980 1185 1128 1260 provideat
1141 1184 1217 1259 quod
1238 1185 1312 1243 bona
1333 1186 1464 1244 ecclesiae
1490 1187 1726 1246 Grandinrcnten.
1830 1190 1834 1199 ‘

76 1289 185 1362 Rabe,
219 1305 293 1350 curn
320 1288 473 1352 omnibus
501 1289 712 1365 pertinentiis
738 1303 874 1350 earnm·
1158 1273 1278 1331 distrahi
1298 1288 1356 1330 ¹1⁰⁰
1375 1275 1493 1347 limini·

76 1387 163 1457 dem,
193 1385 286 1448 salvo
311 1387 423 1448 minen
442 1388 521 1462 jure
544 1400 773 1463 personarum,
801 1401 874 1460 quae
968 1390 1146 1464 Honorius,
1164 1391 1238 1464 etc,
1255 1390 1440 1454 venerabili
1463 1389 1597 1454 tratri...
1616 1393 1728 1454 Picta-

75 1482 124 1544 ibi
157 1483 317 1545 hactenus
350 1483 489 1545 Domino
523 1483 716 1554 servierint,
747 1482 873 1542 curiam
928 1502 1004 1548 ven.
1021 1487 1187 1565 episcopo.

76 1594 207 1657 quoque
230 1579 425 1642 decimalem
451 1580 486 1640 in
514 1580 657 1652 saneah,
685 1581 718 1642 et
742 1579 874 1638 domum
968 1585 1183 1658 Detrimenta,
1205 1601 1278 1662 quae
1292 1585 1563 1647 Grandimonten.
1583 1586 1725 1647 ecclesia
1828 1606 1832 1617 ·

77 1677 113 1737 in
130 1679 277 1749 Frlsaco,
303 1693 436 1756 quama
460 1677 564 1739 nobili
585 1677 724 1738 muliere
748 1679 872 1748 Emma,
929 1682 1079 1759 tempore
1098 1684 1169 1758 jam
1190 1682 1290 1759 longo
1313 1697 1471 1760 perpessa
1490 1683 1541 1744 est
1565 1685 1599 1744 et
1619 1683 1729 1744 adbuc

78 1775 113 1835 et
128 1774 260 1834 domum
280 1775 317 1836 in
339 1775 473 1836 civitate
488 1773 586 1847 Sala,
611 1790 709 1852 quam
722 1773 763 1834 ab
785 1776 877 1836 Hen-
931 1778 1056 1854 patitur
1068 1779 1277 1840 incessanter
1290 1795 1334 1840 ex
1345 1779 1523 1852 discordia,
1534 1795 1632 1856 quam
1647 1794 1729 1840 con-

76 1871 150 1931 rico
171 1871 243 1932 cive
259 1871 344 1933 Salz.
370 1871 492 1944 emisti,
514 1885 556 1932 ex
582 1871 701 1948 quibus
723 1870 875 1932 omnibns
930 1874 1052 1936 cordiae
1068 1875 1222 1938 inimicus
1233 1876 1321 1938 inter
1330 1876 1481 1949 clericos,
1498 1878 1532 1937 et
1549 1891 1727 1937 conversos

6 2003 7 2008 κ
76 1967 261 2027 secundum
276 1967 528 2030 aestimationem
548 1967 709 2028 bonorum
727 1967 874 2028 virorum
929 1971 1035 2048 ipsius
1059 1972 1210 2033 ecclesiae
1238 1973 1423 2044 seminavit,
1453 1972 1512 2033 tibi
1541 1975 1619 2033 sunt
1645 1972 1728 2032 adeo

6 2103 7 2110 ,
74 2063 301 2124 trecentarum
335 2079 524 2124 marcarum
551 2064 699 2124 redditus
725 2063 874 2140 plenarie
930 2067 1118 2140 manifesta,
1148 2069 1184 2129 ut
1208 2068 1365 2130 relationi
1384 2084 1499 2130 eorum
1518 2083 1579 2130 nos
1598 2082 1728 2145 nequa·-

74 2159 254 2235 provenire
265 2159 454 2231 creduntur,
468 2159 639 2235 dequibus
652 2158 780 2220 iuturus
792 2159 876 2235 epis·
930 2177 1028 2238 quam
1044 2161 1193 2238 oporteat
1207 2161 1390 2224 immorari.
1404 2163 1485 2223 Cum
1495 2163 1605 2224 autem
1617 2162 1728 2224 dilecti

6 2275 7 2304 ³
73 2272 180 2333 copus
204 2257 387 2317 honorifice
413 2257 535 2333 poterit
559 2257 750 2318 sustentari.
781 2256 875 2317 Unde
930 2257 1028 2318 tilii...
1052 2257 1155 2320 abbas
1183 2259 1414 2320 Pontiniacen.
1440 2259 1633 2322 Cisteroien.
1665 2275 1726 2320 or-

6 2373 7 2408 ÷
73 2352 174 2414 nobis
187 2367 246 2430 per
267 2351 418 2413 eumdem
439 2353 663 2429 praepositum,
692 2355 725 2414 ct
746 2352 875 2414 litteras
931 2353 1031 2425 dinis,
1060 2357 1131 2416 et...
1148 2356 1240 2431 prior
1262 2355 1377 2416 Sancti
1390 2355 1534 2417 Victoris
1549 2355 1727 2425 Parisien„

6 2483 8 2506 ff
72 2454 151 2513 tuas
173 2449 294 2511 iterum
318 2465 394 2510 cum
419 2449 581 2510 instantia
608 2449 814 2525 supplicasti,
842 2451 876 2509 ut
931 2449 1049 2526 quibus
1084 2451 1273 2526 satagentes
1305 2451 1524 2513 dissensionis
1555 2452 1729 2514 materiam

73 2563 151 2608 cum
167 2547 303 2622 paratus
317 2545 374 2620 sis,
396 2547 429 2608 et
445 2546 541 2607 dioec.
557 2549 590 2608 et
604 2545 763 2617 redditos,
791 2545 877 2606 sicut
930 2547 1116 2622 extirpare,
1158 2547 1264 2622 ipsius
1307 2547 1457 2610 ecclesiae
1504 2548 1729 2611 visitationem

74 2644 232 2721 superius
261 2645 311 2705 est
337 2657 550 2720 expressum,
581 2641 692 2704 tuturo
721 2643 875 2719 episcopo
931 2642 1169 2716 commisimus
1199 2643 1338 2706 dilectos
1364 2644 1450 2706 tilios
1476 2646 1510 2705 C.
1527 2645 1672 2721 priorem
1697 2649 1730 2707 et

6 2803 7 2806 ,
72 2742 266 2816 assignare,
296 2737 357 2802 tibi
378 2740 568 2802 facultatem
595 2738 730 2800 creandi
754 2755 876 2800 novum
931 2739 1069 2802 clericos
1103 2756 1228 2813 omnes,
1256 2741 1342 2803 sicut
1366 2741 1570 2818 accepimus,
1595 2744 1730 2820 propter

72 2838 268 2915 episcopum
302 2837 338 2898 in
373 2837 531 2914 praedicta
570 2839 704 2898 Seocov.
734 2835 875 2897 ecclesia
931 2837 1115 2914 pericnlum
1130 2836 1216 2916 quod
1229 2837 1403 2899 imminere
1418 2838 1588 2910 timebant,
1602 2839 1728 2900 eduxe-

71 2935 295 3007 traderemns,
317 2935 364 2996 ita
379 2933 465 3012 quod
485 2935 603 2996 electio
628 2935 661 2996 et
679 2933 875 2995 investitura
930 2933 997 2996 rint
1016 2933 1058 2994 ab
1078 2933 1195 2995 eadem
1209 2934 1244 2994 in
1264 2934 1335 2994 suis
1353 2935 1506 2996 ecclesiis
1528 2937 1726 3009 moraturos,

6 3069 7 3108 ,
70 3032 224 3108 ejusdem
237 3031 395 3109 episcopi,
407 3032 448 3092 ad
464 3033 507 3100 te,
521 3047 561 3093 ac
574 3035 785 3092 successores
799 3031 874 3090 tuos
929 3043 1100 3108 quousque
1127 3044 1244 3090 eornm
1271 3040 1430 3105 processu
1453 3031 1602 3108 plenarie
1626 3032 1728 3093 intel·
1802 3107 1805 3112 Ι

6 3167 10 3206 :-
69 3128 201 3205 absque
222 3129 313 3210 omni
340 3127 601 3190 contradictione
627 3127 803 3205 pertineat,
834 3125 874 3187 de
929 3126 1015 3188 lecto
1038 3125 1292 3203 provideam,
1319 3130 1418 3204 prout
1449 3129 1596 3205 pensatis
1621 3145 1728 3206 nego-

68 3240 216 3303 quorum
249 3223 344 3285 bonis
377 3224 464 3286 idem
497 3224 707 3301 episcopatus
743 3223 874 3284 dotatus
928 3222 967 3284 tii
982 3223 1241 3284 circumstantiis
1266 3223 1453 3285 videremus
1475 3225 1725 3300 providendum.

6 3383 8 3404 ζ
67 3322 224 3384 noscitur
244 3321 276 3382 et
298 3320 432 3382 ditatus.
451 3319 629 3380 (turcensis
651 3319 762 3380 autem
786 3318 876 3395 epis·
929 3321 998 3380 Nos
1013 3309 1165 3381 verentes
1180 3334 1223 3380 ne
1238 3321 1409 3381 conversis
1424 3321 1480 3397 qui
1496 3325 1730 3384 remanserunt
1786 3391 1798 3398 ,

67 3435 187 3498 copus,
210 3418 269 3495 qui
283 3416 429 3477 vicarius
450 3415 556 3478 Salzb.
580 3415 739 3476 antistitis
755 3415 790 3476 in
815 3429 875 3475 sua
929 3415 966 3478 in
979 3416 1052 3494 ipsa
1073 3414 1300 3478 ecclesiastica
1313 3419 1386 3494 ejus
1400 3417 1592 3479 thesaurum
1605 3420 1729 3482 temere

67 3518 169 3579 dioec.
203 3531 280 3576 esse
311 3512 527 3588 dignoscitur,
548 3512 584 3573 in
603 3511 662 3572 illo
683 3527 813 3590 qnoque
833 3511 877 3572 sit
929 3511 1203 3584 distrahentibus,
1218 3513 1305 3576 sicut
1327 3528 1387 3590 pro
1405 3515 1499 3590 parte
1520 3517 1591 3592 jam
1610 3515 1730 3578 fecisse

65 3613 270 3693 episcopatu
290 3611 447 3683 vicarius,
464 3611 622 3687 quantum
647 3609 875 3686 archiepisco·
930 3609 1095 3681 dicvurtur,
1124 3609 1157 3670 id
1184 3609 1279 3671 nobis
1302 3624 1342 3672 eo
1364 3610 1506 3687 amplius
1534 3611 1727 3689 imputetur,

6 3765 8 3790 ,
66 3713 156 3790 palis
172 3709 284 3784 exigit
293 3707 496 3786 jurisdictio,
524 3723 566 3768 ne
580 3707 615 3768 in
630 3706 693 3768 boc
706 3705 805 3768 etiam
816 3709 874 3784 jrrs
930 3721 994 3784 qno
1014 3706 1086 3784 ipsa
1104 3707 1246 3769 ecclesia
1269 3707 1448 3785 specialius
1477 3708 1520 3770 ad
1545 3712 1728 3772 Romanam

6 3795 8 3882 ᾗ
64 3811 177 3888 ipsius
193 3821 299 3884 grave
314 3803 524 3882 dispendium
540 3804 696 3881 patiatur.
721 3805 790 3866 Nos
805 3803 874 3880 igi·
930 3803 1111 3866 Ecclesiam
1142 3806 1290 3870 noscitur
1315 3805 1498 3882 pertinere,
1529 3806 1729 3870 fraternitati

6 3887 9 3982 ζ
64 3911 122 3970 tur
137 3905 258 3968 habito
272 3903 413 3964 fratrum
425 3903 614 3964 nostrorum
629 3901 779 3974 consilio,
797 3903 874 3980 quia
928 3901 1236 3980 tuse‚decujuszelo
1247 3903 1280 3964 et
1289 3903 1497 3980 providentia
1508 3903 1729 3966 indubitatam

6 3997 8 4006 ’
63 4008 163 4068 tuum
191 4003 231 4064 in
260 4002 324 4062 bac
351 4001 445 4078 perte
472 3999 677 4078 propositum
700 3999 742 4060 ad
771 3999 875 4061 divini
930 3999 1084 4061 fiduciam
1104 3999 1300 4074 obtinemus,
1324 4016 1384 4078 per
1398 4000 1589 4078 apostolica
1604 4003 1730 4079 scripta

63 4101 220 4166 nominis
250 4097 403 4175 gloriam,
431 4097 465 4160 et
487 4097 679 4160 christianae
702 4097 875 4174 religionis
930 4097 1152 4175 praecipiendo
1179 4098 1385 4170 mandamus,
1410 4098 1583 4175 quamam,
1609 4115 1731 4160 secun-

6 4263 8 4270 ,
63 4200 292 4278 augmentum
311 4195 536 4258 intelleximus
561 4195 740 4272 pertinere,
762 4195 874 4256 lavore
930 4195 1006 4255 dum
1029 4195 1138 4256 datam
1160 4193 1220 4257 tibi
1240 4211 1260 4256 a
1279 4195 1347 4256 Deo
1361 4195 1582 4271 prudentiam,
1595 4196 1728 4258 studeas

6 4283 7 4304 ³
62 4299 150 4362 illud
186 4294 382 4373 Apostolico
416 4295 674 4371 prosequentes,
710 4293 875 4369 postulata
930 4291 1115 4370 providere,
1131 4291 1217 4369 quod
1237 4291 1426 4369 hujusmodi
1445 4293 1607 4368 pendente
1625 4309 1730 4368 nego-

6 4387 7 4466 Ϊ
61 4395 299 4465 concedimus,
316 4390 415 4453 sicuti
435 4390 590 4468 superius
605 4391 682 4452 sunt
703 4405 873 4466 expressa,
929 4389 987 4462 tio,
999 4389 1108 4466 ipsius
1118 4389 1269 4450 ecclesiae
1279 4388 1377 4463 bona,
1389 4390 1422 4451 et
1434 4389 1625 4466 specialiter
1636 4389 1725 4462 libri,

6 4487 8 4500 ’
61 4496 139 4557 sine
165 4489 263 4571 juris
295 4487 489 4566 praejudicio
522 4487 636 4548 alieni.
668 4486 761 4549 anli
795 4502 874 4563 ergo
930 4488 963 4549 et
983 4486 1210 4548 ecclesiastica
1230 4488 1435 4560 ornamenta,
1450 4487 1639 4549 necclerici
1656 4487 1727 4548 dis-

6 4589 7 4664 }
61 4592 206 4656 omnino
222 4587 396 4648 bominum
412 4585 512 4647 liceat
524 4584 611 4646 banc
625 4585 781 4661 paginam
796 4601 877 4646 nos·
929 4584 1064 4646 trabere
1075 4585 1218 4655 valeant,
1236 4601 1297 4646 nec
1309 4585 1473 4657 conversi,
1490 4584 1531 4646 ad
1544 4600 1727 4662 recupera-

6 4673 8 4698 *
61 4695 126 4754 trec
155 4683 389 4750 concessionis
417 4681 615 4758 intringere,
647 4681 700 4742 vel
734 4681 766 4743 ei
790 4696 873 4743 ausu
928 4681 1053 4745 tionem
1075 4698 1190 4744 eorum
1206 4685 1361 4759 quaejam
1385 4683 1544 4744 distracta
1559 4682 1726 4753 dicuntur,

6 4789 8 4796 ’
61 4783 253 4854 temerario
275 4779 452 4842 contraire.
471 4779 506 4840 Si
521 4780 595 4856 quis
614 4780 724 4842 autem
739 4778 803 4841 boc
823 4783 876 4842 at·
928 4780 1122 4856 impendens
1134 4779 1275 4854 diligens
1291 4780 1447 4851 studium,
1462 4781 1639 4856 etoperam
1654 4779 1730 4841 estl-

60 4889 200 4950 tentare
214 4877 479 4958 praesumpserit,
491 4877 754 4952 indignationem
767 4876 876 4939 omni·
929 4891 1052 4947 cacam,
1080 4875 1353 4948 contradictores,
1384 4877 1413 4935 si
1441 4875 1498 4952 qui
1524 4873 1649 4937 suerint
1674 4875 1727 4938 vel

7 4971 8 4974 ¹
60 4981 215 5064 potentis
241 4975 319 5048 Dei,
350 4975 383 5036 et
405 4975 577 5036 beatorum
603 4974 693 5035 Petri
718 4974 750 5036 et
779 4974 874 5036 Pauli
929 4973 1082 5045 rebelles,
1107 4974 1175 5034 tam
1191 4971 1416 5033 ecclesiastica
1436 4987 1533 5048 quarn
1553 4972 1727 5049 temporali

6 5057 7 5096 ³
59 5080 182 5160 Apost.
198 5077 289 5153 eJus,
313 5087 349 5134 se
363 5072 495 5133 noverit
514 5070 735 5132 incursurum.
757 5075 873 5144 Amen,
930 5070 1156 5142 districtione,
1189 5069 1319 5130 sublato
1352 5063 1586 5146 appellationis
1617 5069 1726 5146 impe-

6 5173 7 5178 ’
60 5186 186 5243 Amen.
205 5171 425 5250 (sequuntur
437 5169 686 5242 susceptiones
699 5171 876 5232 duodecim
929 5167 1086 5239 dimento,
1107 5180 1330 5244 compescens.
1353 5167 1559 5242 Praeceptum
1577 5167 1726 5228 nostrum

6 5269 7 5276 ’
60 5263 333 5344 cardinalium.)
928 5264 1041 5327 taliter
1063 5262 1270 5340 impleturus,
1298 5263 1385 5341 quod
1405 5263 1470 5324 tuae
1492 5263 1641 5325 caritatis
1659 5262 1728 5325 ler-

103 5373 232 5435 Datum
243 5365 360 5427 Romae
373 5362 459 5439 apud
472 5363 506 5423 S.
516 5361 732 5439 Petrum,per
741 5377 875 5423 manum
929 5378 989 5424 vor
1017 5362 1143 5423 clareat
1166 5359 1201 5420 in
1223 5360 1358 5432 effectu,
1381 5362 1414 5422 et
1442 5376 1502 5421 nos
1524 5376 1584 5438 per
1606 5353 1641 5422 te
1663 5361 1725 5439 ipsi

62 5465 223 5536 Rainerii
251 5461 377 5524 sanctae
407 5461 566 5522 Romanae
594 5459 752 5522 Ecclesiae
780 5459 874 5521 vice·
929 5459 1079 5521 ecclesiae
1094 5458 1221 5520 utiliter
1230 5458 1414 5536 providisse
1430 5458 1590 5520 laetemur.
1607 5461 1725 5521 ilatum

6 5589 7 5598 ¹
62 5560 287 5633 cancellarii,
315 5559 345 5620 X
370 5557 438 5619 lral.
461 5557 552 5635 julii,
580 5556 759 5621 indictione
786 5557 873 5631 vill,
909 5555 1407 5634 ,Lateranioctavoidusjulib
1424 5557 1683 5620 annosecundo.
