<?xml version="1.0" encoding="UTF-8"?>
<!DOCTYPE html PUBLIC "-//W3C//DTD XHTML 1.0 Transitional//EN"
    "http://www.w3.org/TR/xhtml1/DTD/xhtml1-transitional.dtd">
<html xmlns="http://www.w3.org/1999/xhtml" xml:lang="en" lang="en">
 <head>
  <title>
</title>
<meta http-equiv="Content-Type" content="text/html;charset=utf-8" />
  <meta name='ocr-system' content='tesseract 3.04.00' />
  <meta name='ocr-capabilities' content='ocr_page ocr_carea ocr_par ocr_line ocrx_word'/>
</head>
<body>
  <div class='ocr_page' id='page_1' title='image "./mediiaevibiblio02unkngoog_0150.png"; bbox 0 0 4200 6404; ppageno 0'>
   <div class='ocr_carea' id='block_1_1' title="bbox 156 249 1809 340">
    <p class='ocr_par' dir='ltr' id='par_1_1' title="bbox 156 249 1809 340">
     <span class='ocr_line' id='line_1_1' title="bbox 156 249 1809 340; baseline 0.022 -36"><span class='ocrx_word' id='word_1_1' title='bbox 156 249 217 316; x_wconf 82' lang='lat'><strong>261</strong></span> <span class='ocrx_word' id='word_1_2' title='bbox 593 254 712 323; x_wconf 80' lang='lat' dir='ltr'><strong>xxlll.</strong></span> <span class='ocrx_word' id='word_1_3' title='bbox 727 283 768 302; x_wconf 89' lang='lat'><strong>-·</strong></span> <span class='ocrx_word' id='word_1_4' title='bbox 782 255 827 316; x_wconf 91' lang='lat' dir='ltr'><strong>IN</strong></span> <span class='ocrx_word' id='word_1_5' title='bbox 849 257 1129 324; x_wconf 76' lang='lat' dir='ltr'><strong>nsnlcn&#39;rlonn</strong></span> <span class='ocrx_word' id='word_1_6' title='bbox 1150 259 1375 327; x_wconf 75' lang='lat' dir='ltr'>ECCLRSIAE.</span> <span class='ocrx_word' id='word_1_7' title='bbox 1749 277 1809 340; x_wconf 79' lang='grc'><strong>262</strong></span> 
     </span>
    </p>
   </div>
   <div class='ocr_carea' id='block_1_2' title="bbox 157 411 1810 804">
    <p class='ocr_par' dir='ltr' id='par_1_2' title="bbox 157 411 1810 804">
     <span class='ocr_line' id='line_1_2' title="bbox 201 411 1810 506; baseline 0.006 -32"><span class='ocrx_word' id='word_1_8' title='bbox 201 411 300 476; x_wconf 85' lang='lat' dir='ltr'><strong>Scala</strong></span> <span class='ocrx_word' id='word_1_9' title='bbox 328 412 546 490; x_wconf 72' lang='lat' dir='ltr'><strong>spiritualiter</strong></span> <span class='ocrx_word' id='word_1_10' title='bbox 573 414 725 480; x_wconf 82' lang='lat' dir='ltr'><strong>Christus</strong></span> <span class='ocrx_word' id='word_1_11' title='bbox 750 416 811 488; x_wconf 89' lang='lat' dir='ltr'><strong>est,</strong></span> <span class='ocrx_word' id='word_1_12' title='bbox 838 416 895 494; x_wconf 72' lang='lat' dir='ltr'><strong>goi</strong></span> <span class='ocrx_word' id='word_1_13' title='bbox 915 432 959 481; x_wconf 80' lang='lat' dir='ltr'><strong>ex</strong></span> <span class='ocrx_word' id='word_1_14' title='bbox 1013 417 1164 496; x_wconf 82' lang='lat' dir='ltr'><strong>ripiendo</strong></span> <span class='ocrx_word' id='word_1_15' title='bbox 1178 419 1269 494; x_wconf 82' lang='lat' dir='ltr'><strong>vicit,</strong></span> <span class='ocrx_word' id='word_1_16' title='bbox 1284 424 1319 486; x_wconf 89' lang='lat' dir='ltr'><strong>et</strong></span> <span class='ocrx_word' id='word_1_17' title='bbox 1332 425 1480 490; x_wconf 78' lang='lat' dir='ltr'><strong>suaviter</strong></span> <span class='ocrx_word' id='word_1_18' title='bbox 1490 441 1549 506; x_wconf 88' lang='lat' dir='ltr'><strong>per</strong></span> <span class='ocrx_word' id='word_1_19' title='bbox 1558 445 1693 496; x_wconf 75' lang='lat' dir='ltr'><strong>suavem</strong></span> <span class='ocrx_word' id='word_1_20' title='bbox 1704 436 1810 500; x_wconf 59' lang='lat' dir='ltr'><strong>gean.</strong></span> 
     </span>
     <span class='ocr_line' id='line_1_3' title="bbox 157 509 1810 610; baseline 0.01 -32"><span class='ocrx_word' id='word_1_21' title='bbox 157 509 443 584; x_wconf 74' lang='lat' dir='ltr'><strong>ausonensium,</strong></span> <span class='ocrx_word' id='word_1_22' title='bbox 461 512 556 590; x_wconf 81' lang='lat' dir='ltr'><strong>quasi</strong></span> <span class='ocrx_word' id='word_1_23' title='bbox 573 529 616 576; x_wconf 83' lang='lat' dir='ltr'><strong>ex</strong></span> <span class='ocrx_word' id='word_1_24' title='bbox 640 513 768 578; x_wconf 82' lang='lat' dir='ltr'><strong>duabus</strong></span> <span class='ocrx_word' id='word_1_25' title='bbox 784 514 885 592; x_wconf 88' lang='lat' dir='ltr'><strong>lignis</strong></span> <span class='ocrx_word' id='word_1_26' title='bbox 900 531 956 578; x_wconf 87' lang='lat' dir='ltr'><strong>su·</strong></span> <span class='ocrx_word' id='word_1_27' title='bbox 1011 516 1090 594; x_wconf 79' lang='lat' dir='ltr'><strong>getii</strong></span> <span class='ocrx_word' id='word_1_28' title='bbox 1106 517 1290 586; x_wconf 76' lang='lat' dir='ltr'><strong>doctrinam</strong></span> <span class='ocrx_word' id='word_1_29' title='bbox 1305 519 1480 591; x_wconf 82' lang='lat' dir='ltr'><strong>liberatum</strong></span> <span class='ocrx_word' id='word_1_30' title='bbox 1504 525 1672 592; x_wconf 76' lang='lat' dir='ltr'><strong>mmmem</strong></span> <span class='ocrx_word' id='word_1_31' title='bbox 1695 530 1810 610; x_wconf 87' lang='lat' dir='ltr'><strong>dispo-</strong></span> 
     </span>
     <span class='ocr_line' id='line_1_4' title="bbox 157 608 1805 704; baseline 0.016 -37"><span class='ocrx_word' id='word_1_32' title='bbox 157 608 354 686; x_wconf 74' lang='lat' dir='ltr'><strong>ponteonem</strong></span> <span class='ocrx_word' id='word_1_33' title='bbox 372 609 500 686; x_wconf 88' lang='lat' dir='ltr'><strong>positus</strong></span> <span class='ocrx_word' id='word_1_34' title='bbox 520 610 570 672; x_wconf 91' lang='lat' dir='ltr'><strong>est</strong></span> <span class='ocrx_word' id='word_1_35' title='bbox 597 613 630 672; x_wconf 88' lang='lat' dir='ltr'><strong>et</strong></span> <span class='ocrx_word' id='word_1_36' title='bbox 655 613 796 684; x_wconf 84' lang='lat' dir='ltr'><strong>erectus,</strong></span> <span class='ocrx_word' id='word_1_37' title='bbox 826 613 956 689; x_wconf 86' lang='lat' dir='ltr'><strong>quando</strong></span> <span class='ocrx_word' id='word_1_38' title='bbox 1012 614 1144 678; x_wconf 74' lang='lat' dir='ltr'><strong>suram</strong></span> <span class='ocrx_word' id='word_1_39' title='bbox 1153 615 1283 686; x_wconf 79' lang='lat' dir='ltr'><strong>interno</strong></span> <span class='ocrx_word' id='word_1_40' title='bbox 1293 617 1511 699; x_wconf 72' lang='lat' dir='ltr'><strong>semiermes</strong></span> <span class='ocrx_word' id='word_1_41' title='bbox 1520 625 1635 697; x_wconf 85' lang='lat' dir='ltr'><strong>voluit,</strong></span> <span class='ocrx_word' id='word_1_42' title='bbox 1648 629 1805 704; x_wconf 83' lang='lat' dir='ltr'><strong>extraxit,</strong></span> 
     </span>
     <span class='ocr_line' id='line_1_5' title="bbox 157 705 1809 804; baseline 0.014 -38"><span class='ocrx_word' id='word_1_43' title='bbox 157 705 335 769; x_wconf 86' lang='lat' dir='ltr'><strong>inclinavit</strong></span> <span class='ocrx_word' id='word_1_44' title='bbox 353 706 455 768; x_wconf 89' lang='lat' dir='ltr'><strong>ooelos</strong></span> <span class='ocrx_word' id='word_1_45' title='bbox 477 709 510 774; x_wconf 89' lang='lat' dir='ltr'><strong>et</strong></span> <span class='ocrx_word' id='word_1_46' title='bbox 528 707 707 782; x_wconf 87' lang='lat' dir='ltr'><strong>descendit,</strong></span> <span class='ocrx_word' id='word_1_47' title='bbox 725 709 856 786; x_wconf 87' lang='lat' dir='ltr'><strong>quando</strong></span> <span class='ocrx_word' id='word_1_48' title='bbox 873 713 959 772; x_wconf 83' lang='lat' dir='ltr'><strong>Ver·</strong></span> <span class='ocrx_word' id='word_1_49' title='bbox 1012 712 1044 774; x_wconf 88' lang='lat' dir='ltr'><strong>et</strong></span> <span class='ocrx_word' id='word_1_50' title='bbox 1058 712 1208 778; x_wconf 78' lang='lat' dir='ltr'><strong>suaviter</strong></span> <span class='ocrx_word' id='word_1_51' title='bbox 1220 731 1278 778; x_wconf 80' lang='lat' dir='ltr'><strong>eos</strong></span> <span class='ocrx_word' id='word_1_52' title='bbox 1293 714 1328 782; x_wconf 85' lang='lat' dir='ltr'><strong>in</strong></span> <span class='ocrx_word' id='word_1_53' title='bbox 1339 717 1464 784; x_wconf 83' lang='lat' dir='ltr'><strong>aeterna</strong></span> <span class='ocrx_word' id='word_1_54' title='bbox 1476 719 1680 786; x_wconf 84' lang='lat' dir='ltr'><strong>beatitudine</strong></span> <span class='ocrx_word' id='word_1_55' title='bbox 1695 724 1809 804; x_wconf 84' lang='lat' dir='ltr'><strong>dispo-</strong></span> 
     </span>
    </p>
   </div>
   <div class='ocr_carea' id='block_1_3' title="bbox 149 803 1811 5678">
    <p class='ocr_par' dir='ltr' id='par_1_3' title="bbox 149 803 1811 5678">
     <span class='ocr_line' id='line_1_6' title="bbox 156 803 1811 898; baseline 0.013 -33"><span class='ocrx_word' id='word_1_56' title='bbox 156 803 237 866; x_wconf 85' lang='lat' dir='ltr'><strong>hum</strong></span> <span class='ocrx_word' id='word_1_57' title='bbox 248 819 328 869; x_wconf 82' lang='lat' dir='ltr'><strong>caro</strong></span> <span class='ocrx_word' id='word_1_58' title='bbox 348 803 472 873; x_wconf 82' lang='lat' dir='ltr'><strong>loetum</strong></span> <span class='ocrx_word' id='word_1_59' title='bbox 489 807 551 878; x_wconf 89' lang='lat' dir='ltr'><strong>est,</strong></span> <span class='ocrx_word' id='word_1_60' title='bbox 566 807 600 870; x_wconf 88' lang='lat' dir='ltr'><strong>et</strong></span> <span class='ocrx_word' id='word_1_61' title='bbox 612 807 774 871; x_wconf 87' lang='lat' dir='ltr'><strong>habitavit</strong></span> <span class='ocrx_word' id='word_1_62' title='bbox 791 808 826 875; x_wconf 89' lang='lat' dir='ltr'><strong>in</strong></span> <span class='ocrx_word' id='word_1_63' title='bbox 848 807 953 878; x_wconf 77' lang='lat' dir='ltr'><strong>nonis.</strong></span> <span class='ocrx_word' id='word_1_64' title='bbox 1013 808 1090 874; x_wconf 86' lang='lat' dir='ltr'><strong>suit</strong></span> <span class='ocrx_word' id='word_1_65' title='bbox 1109 810 1202 874; x_wconf 89' lang='lat' dir='ltr'><strong>Unde</strong></span> <span class='ocrx_word' id='word_1_66' title='bbox 1213 812 1372 880; x_wconf 76' lang='lat' dir='ltr'><strong>Salomon</strong></span> <span class='ocrx_word' id='word_1_67' title='bbox 1386 815 1422 880; x_wconf 87' lang='lat' dir='ltr'><strong>in</strong></span> <span class='ocrx_word' id='word_1_68' title='bbox 1438 818 1628 884; x_wconf 75' lang='lat' dir='ltr'><strong>Proverbiis</strong></span> <span class='ocrx_word' id='word_1_69' title='bbox 1644 842 1652 882; x_wconf 89' lang='lat'><strong>:</strong></span> <span class='ocrx_word' id='word_1_70' title='bbox 1668 825 1811 898; x_wconf 66' lang='lat' dir='ltr'><strong>dopmn-</strong></span> 
     </span>
     <span class='ocr_line' id='line_1_7' title="bbox 156 903 1810 992; baseline 0.011 -28"><span class='ocrx_word' id='word_1_71' title='bbox 156 903 243 964; x_wconf 85' lang='lat' dir='ltr'><strong>Nam</strong></span> <span class='ocrx_word' id='word_1_72' title='bbox 261 903 451 980; x_wconf 69' lang='lat' dir='ltr'><strong>&#39;ammonam</strong></span> <span class='ocrx_word' id='word_1_73' title='bbox 472 903 617 970; x_wconf 80' lang='lat' dir='ltr'><strong>vernum</strong></span> <span class='ocrx_word' id='word_1_74' title='bbox 640 921 718 970; x_wconf 87' lang='lat' dir='ltr'><strong>earo</strong></span> <span class='ocrx_word' id='word_1_75' title='bbox 739 905 850 978; x_wconf 82' lang='lat' dir='ltr'><strong>deret,</strong></span> <span class='ocrx_word' id='word_1_76' title='bbox 873 921 956 983; x_wconf 82' lang='lat' dir='ltr'><strong>pro·</strong></span> <span class='ocrx_word' id='word_1_77' title='bbox 1012 905 1271 985; x_wconf 69' lang='lat' dir='ltr'><strong>orontianum</strong></span> <span class='ocrx_word' id='word_1_78' title='bbox 1286 913 1368 978; x_wconf 74' lang='lat' dir='ltr'><strong>adca</strong></span> <span class='ocrx_word' id='word_1_79' title='bbox 1380 915 1505 988; x_wconf 70' lang='lat' dir='ltr'><strong>tesard</strong></span> <span class='ocrx_word' id='word_1_80' title='bbox 1517 922 1810 992; x_wconf 66' lang='lat' dir='ltr'><strong>apprehenderint</strong></span> 
     </span>
     <span class='ocr_line' id='line_1_8' title="bbox 157 999 1808 1096; baseline 0.013 -36"><span class='ocrx_word' id='word_1_81' title='bbox 157 1000 212 1066; x_wconf 84' lang='lat' dir='ltr'><strong>cul</strong></span> <span class='ocrx_word' id='word_1_82' title='bbox 234 999 407 1064; x_wconf 82' lang='lat' dir='ltr'><strong>habitabat</strong></span> <span class='ocrx_word' id='word_1_83' title='bbox 429 1017 449 1064; x_wconf 88' lang='lat' dir='ltr'><strong>a</strong></span> <span class='ocrx_word' id='word_1_84' title='bbox 481 1001 587 1066; x_wconf 76' lang='lat' dir='ltr'><strong>nobis</strong></span> <span class='ocrx_word' id='word_1_85' title='bbox 615 1003 677 1066; x_wconf 85' lang='lat' dir='ltr'><strong>Ubi</strong></span> <span class='ocrx_word' id='word_1_86' title='bbox 703 1019 783 1068; x_wconf 88' lang='lat' dir='ltr'><strong>veno</strong></span> <span class='ocrx_word' id='word_1_87' title='bbox 811 1001 956 1076; x_wconf 81' lang='lat' dir='ltr'><strong>Verbum</strong></span> <span class='ocrx_word' id='word_1_88' title='bbox 1011 1007 1222 1080; x_wconf 68' lang='lat' dir='ltr'><strong>sarmatani</strong></span> <span class='ocrx_word' id='word_1_89' title='bbox 1237 1008 1504 1076; x_wconf 72' lang='lat' dir='ltr'><strong>tenoemoteam</strong></span> <span class='ocrx_word' id='word_1_90' title='bbox 1526 1016 1614 1077; x_wconf 74' lang='lat' dir='ltr'><strong>naon</strong></span> <span class='ocrx_word' id='word_1_91' title='bbox 1628 1014 1740 1096; x_wconf 89' lang='lat' dir='ltr'><strong>(Prov.</strong></span> <span class='ocrx_word' id='word_1_92' title='bbox 1756 1034 1808 1092; x_wconf 89' lang='lat'><strong>111,</strong></span> 
     </span>
     <span class='ocr_line' id='line_1_9' title="bbox 156 1097 1807 1193; baseline 0.005 -33"><span class='ocrx_word' id='word_1_93' title='bbox 156 1113 237 1162; x_wconf 86' lang='lat' dir='ltr'><strong>earo</strong></span> <span class='ocrx_word' id='word_1_94' title='bbox 252 1097 451 1171; x_wconf 76' lang='lat' dir='ltr'><strong>factumest,</strong></span> <span class='ocrx_word' id='word_1_95' title='bbox 468 1099 631 1168; x_wconf 74' lang='lat' dir='ltr'><strong>labiavit</strong></span> <span class='ocrx_word' id='word_1_96' title='bbox 646 1102 682 1164; x_wconf 88' lang='lat' dir='ltr'><strong>in</strong></span> <span class='ocrx_word' id='word_1_97' title='bbox 703 1101 799 1165; x_wconf 87' lang='lat' dir='ltr'><strong>nobis</strong></span> <span class='ocrx_word' id='word_1_98' title='bbox 819 1117 885 1170; x_wconf 85' lang='lat' dir='ltr'><strong>non</strong></span> <span class='ocrx_word' id='word_1_99' title='bbox 900 1117 958 1164; x_wconf 87' lang='lat' dir='ltr'><strong>so-</strong></span> <span class='ocrx_word' id='word_1_100' title='bbox 1012 1099 1076 1180; x_wconf 83' lang='lat'><strong>18).</strong></span> <span class='ocrx_word' id='word_1_101' title='bbox 1094 1103 1179 1166; x_wconf 79' lang='lat' dir='ltr'><strong>liam</strong></span> <span class='ocrx_word' id='word_1_102' title='bbox 1194 1104 1359 1181; x_wconf 72' lang='lat' dir='ltr'><strong>sapientia</strong></span> <span class='ocrx_word' id='word_1_103' title='bbox 1378 1107 1505 1185; x_wconf 72' lang='lat' dir='ltr'><strong>imnum</strong></span> <span class='ocrx_word' id='word_1_104' title='bbox 1521 1111 1598 1176; x_wconf 76' lang='lat' dir='ltr'><strong>vitm</strong></span> <span class='ocrx_word' id='word_1_105' title='bbox 1613 1113 1664 1177; x_wconf 80' lang='lat' dir='ltr'><strong>est</strong></span> <span class='ocrx_word' id='word_1_106' title='bbox 1682 1129 1807 1193; x_wconf 77' lang='lat' dir='ltr'><strong>apppe-</strong></span> 
     </span>
     <span class='ocr_line' id='line_1_10' title="bbox 156 1196 1743 1277; baseline 0.004 -17"><span class='ocrx_word' id='word_1_107' title='bbox 156 1196 227 1260; x_wconf 90' lang='lat' dir='ltr'><strong>lum</strong></span> <span class='ocrx_word' id='word_1_108' title='bbox 243 1213 304 1274; x_wconf 82' lang='lat' dir='ltr'><strong>per</strong></span> <span class='ocrx_word' id='word_1_109' title='bbox 324 1198 480 1274; x_wconf 77' lang='lat' dir='ltr'><strong>gratiam,</strong></span> <span class='ocrx_word' id='word_1_110' title='bbox 504 1199 682 1268; x_wconf 85' lang='lat' dir='ltr'><strong>sedetiam</strong></span> <span class='ocrx_word' id='word_1_111' title='bbox 706 1216 766 1277; x_wconf 86' lang='lat' dir='ltr'><strong>per</strong></span> <span class='ocrx_word' id='word_1_112' title='bbox 788 1201 954 1267; x_wconf 83' lang='lat' dir='ltr'><strong>naturam.</strong></span> <span class='ocrx_word' id='word_1_113' title='bbox 1014 1198 1235 1264; x_wconf 73' lang='lat' dir='ltr'><strong>sernentibus</strong></span> <span class='ocrx_word' id='word_1_114' title='bbox 1250 1219 1335 1270; x_wconf 86' lang='lat' dir='ltr'><strong>eam.</strong></span> <span class='ocrx_word' id='word_1_115' title='bbox 1740 1237 1743 1240; x_wconf 95' lang='lat'>·</span> 
     </span>
     <span class='ocr_line' id='line_1_11' title="bbox 156 1295 1810 1374; baseline 0.011 -19"><span class='ocrx_word' id='word_1_116' title='bbox 156 1297 204 1356; x_wconf 84' lang='lat' dir='ltr'><strong>De</strong></span> <span class='ocrx_word' id='word_1_117' title='bbox 219 1295 285 1358; x_wconf 91' lang='lat' dir='ltr'><strong>isto</strong></span> <span class='ocrx_word' id='word_1_118' title='bbox 300 1295 381 1360; x_wconf 81' lang='lat' dir='ltr'><strong>dicit</strong></span> <span class='ocrx_word' id='word_1_119' title='bbox 399 1297 528 1364; x_wconf 81' lang='lat' dir='ltr'><strong>Beruoh</strong></span> <span class='ocrx_word' id='word_1_120' title='bbox 546 1319 553 1358; x_wconf 75' lang='grc' dir='ltr'><strong>ι</strong></span> <span class='ocrx_word' id='word_1_121' title='bbox 569 1301 637 1362; x_wconf 81' lang='lat' dir='ltr'><strong>Hie</strong></span> <span class='ocrx_word' id='word_1_122' title='bbox 664 1299 717 1362; x_wconf 84' lang='lat' dir='ltr'><strong>eat</strong></span> <span class='ocrx_word' id='word_1_123' title='bbox 746 1301 839 1366; x_wconf 77' lang='lat' dir='ltr'><strong>enim</strong></span> <span class='ocrx_word' id='word_1_124' title='bbox 862 1303 957 1365; x_wconf 83' lang='lat' dir='ltr'><strong>Deus</strong></span> <span class='ocrx_word' id='word_1_125' title='bbox 1050 1295 1192 1374; x_wconf 81' lang='lat' dir='ltr'><strong>Lignum</strong></span> <span class='ocrx_word' id='word_1_126' title='bbox 1212 1299 1292 1363; x_wconf 85' lang='lat' dir='ltr'><strong>vitae</strong></span> <span class='ocrx_word' id='word_1_127' title='bbox 1307 1301 1458 1368; x_wconf 78' lang='lat' dir='ltr'><strong>Christus</strong></span> <span class='ocrx_word' id='word_1_128' title='bbox 1473 1305 1533 1370; x_wconf 78' lang='lat' dir='ltr'><strong>eet.</strong></span> <span class='ocrx_word' id='word_1_129' title='bbox 1551 1306 1674 1372; x_wconf 74' lang='lat' dir='ltr'><strong>dahas</strong></span> <span class='ocrx_word' id='word_1_130' title='bbox 1689 1309 1810 1374; x_wconf 80' lang='lat' dir='ltr'><strong>arbore</strong></span> 
     </span>
     <span class='ocr_line' id='line_1_12' title="bbox 154 1394 1810 1483; baseline 0.008 -27"><span class='ocrx_word' id='word_1_131' title='bbox 154 1394 287 1482; x_wconf 73' lang='lat' dir='ltr'><strong>meter,</strong></span> <span class='ocrx_word' id='word_1_132' title='bbox 315 1397 373 1468; x_wconf 81' lang='lat' dir='ltr'><strong>pur·</strong></span> <span class='ocrx_word' id='word_1_133' title='bbox 400 1397 438 1460; x_wconf 77' lang='lat' dir='ltr'><strong>io</strong></span> <span class='ocrx_word' id='word_1_134' title='bbox 466 1394 574 1462; x_wconf 71' lang='lat' dir='ltr'><strong>teos</strong></span> <span class='ocrx_word' id='word_1_135' title='bbox 594 1400 691 1462; x_wconf 80' lang='lat' dir='ltr'><strong>viras</strong></span> <span class='ocrx_word' id='word_1_136' title='bbox 717 1397 780 1470; x_wconf 82' lang='lat' dir='ltr'><strong>eet,</strong></span> <span class='ocrx_word' id='word_1_137' title='bbox 818 1397 852 1463; x_wconf 87' lang='lat' dir='ltr'><strong>et</strong></span> <span class='ocrx_word' id='word_1_138' title='bbox 877 1411 956 1460; x_wconf 80' lang='lat' dir='ltr'><strong>eom</strong></span> <span class='ocrx_word' id='word_1_139' title='bbox 1011 1394 1136 1470; x_wconf 79' lang='lat' dir='ltr'><strong>septem</strong></span> <span class='ocrx_word' id='word_1_140' title='bbox 1152 1397 1238 1459; x_wconf 86' lang='lat' dir='ltr'><strong>remi</strong></span> <span class='ocrx_word' id='word_1_141' title='bbox 1258 1398 1432 1474; x_wconf 85' lang='lat' dir='ltr'><strong>prodeunt,</strong></span> <span class='ocrx_word' id='word_1_142' title='bbox 1449 1401 1614 1480; x_wconf 66' lang='lat' dir='ltr'><strong>habemus</strong></span> <span class='ocrx_word' id='word_1_143' title='bbox 1629 1409 1810 1483; x_wconf 77' lang='lat' dir='ltr'><strong>unusquis·</strong></span> 
     </span>
     <span class='ocr_line' id='line_1_13' title="bbox 153 1491 1809 1574; baseline 0.01 -22"><span class='ocrx_word' id='word_1_144' title='bbox 153 1493 587 1558; x_wconf 71' lang='lat' dir='ltr'><strong>omnirsiduseooaersodus</strong></span> <span class='ocrx_word' id='word_1_145' title='bbox 597 1495 649 1555; x_wconf 82' lang='lat' dir='ltr'><strong>est</strong></span> <span class='ocrx_word' id='word_1_146' title='bbox 669 1491 815 1572; x_wconf 80' lang='lat' dir='ltr'><strong>(Benuolr</strong></span> <span class='ocrx_word' id='word_1_147' title='bbox 828 1492 954 1574; x_wconf 83' lang='lat'><strong>111‚38).</strong></span> <span class='ocrx_word' id='word_1_148' title='bbox 1011 1507 1075 1569; x_wconf 81' lang='lat' dir='ltr'><strong>que</strong></span> <span class='ocrx_word' id='word_1_149' title='bbox 1089 1507 1204 1560; x_wconf 81' lang='lat' dir='ltr'><strong>ramus</strong></span> <span class='ocrx_word' id='word_1_150' title='bbox 1214 1493 1358 1562; x_wconf 78' lang='lat' dir='ltr'><strong>frontum</strong></span> <span class='ocrx_word' id='word_1_151' title='bbox 1366 1513 1473 1562; x_wconf 87' lang='lat' dir='ltr'><strong>suum.</strong></span> <span class='ocrx_word' id='word_1_152' title='bbox 1491 1499 1623 1564; x_wconf 85' lang='lat' dir='ltr'><strong>Primus</strong></span> <span class='ocrx_word' id='word_1_153' title='bbox 1632 1517 1745 1566; x_wconf 86' lang='lat' dir='ltr'><strong>ramus</strong></span> <span class='ocrx_word' id='word_1_154' title='bbox 1758 1507 1809 1570; x_wconf 86' lang='lat' dir='ltr'><strong>eat</strong></span> 
     </span>
     <span class='ocr_line' id='line_1_14' title="bbox 155 1588 1809 1666; baseline 0.008 -14"><span class='ocrx_word' id='word_1_155' title='bbox 155 1591 195 1656; x_wconf 73' lang='lat' dir='ltr'><strong>dt</strong></span> <span class='ocrx_word' id='word_1_156' title='bbox 211 1589 246 1651; x_wconf 90' lang='lat' dir='ltr'><strong>in</strong></span> <span class='ocrx_word' id='word_1_157' title='bbox 259 1588 380 1650; x_wconf 77' lang='lat' dir='ltr'><strong>Genesi</strong></span> <span class='ocrx_word' id='word_1_158' title='bbox 397 1610 404 1650; x_wconf 72' lang='grc' dir='ltr'>ι</span> <span class='ocrx_word' id='word_1_159' title='bbox 422 1590 465 1652; x_wconf 84' lang='lat' dir='ltr'><strong>os</strong></span> <span class='ocrx_word' id='word_1_160' title='bbox 479 1605 527 1654; x_wconf 78' lang='lat' dir='ltr'><strong>ee</strong></span> <span class='ocrx_word' id='word_1_161' title='bbox 549 1593 681 1656; x_wconf 74' lang='lat' dir='ltr'><strong>marne</strong></span> <span class='ocrx_word' id='word_1_162' title='bbox 694 1595 793 1664; x_wconf 77' lang='lat' dir='ltr'><strong>meir,</strong></span> <span class='ocrx_word' id='word_1_163' title='bbox 816 1592 851 1655; x_wconf 86' lang='lat' dir='ltr'><strong>et</strong></span> <span class='ocrx_word' id='word_1_164' title='bbox 871 1607 956 1657; x_wconf 80' lang='lat' dir='ltr'><strong>doro</strong></span> <span class='ocrx_word' id='word_1_165' title='bbox 1010 1590 1197 1658; x_wconf 80' lang='lat' dir='ltr'><strong>inoernstio</strong></span> <span class='ocrx_word' id='word_1_166' title='bbox 1212 1593 1346 1666; x_wconf 83' lang='lat' dir='ltr'><strong>Christi,</strong></span> <span class='ocrx_word' id='word_1_167' title='bbox 1363 1596 1397 1660; x_wconf 88' lang='lat' dir='ltr'><strong>et</strong></span> <span class='ocrx_word' id='word_1_168' title='bbox 1409 1596 1460 1660; x_wconf 87' lang='lat' dir='ltr'><strong>est</strong></span> <span class='ocrx_word' id='word_1_169' title='bbox 1471 1596 1636 1662; x_wconf 12' lang='lat' dir='ltr'><strong>*mirabilis</strong></span> <span class='ocrx_word' id='word_1_170' title='bbox 1650 1615 1763 1664; x_wconf 85' lang='lat' dir='ltr'><strong>namus</strong></span> <span class='ocrx_word' id='word_1_171' title='bbox 1776 1603 1809 1666; x_wconf 91' lang='lat' dir='ltr'><strong>et</strong></span> 
     </span>
     <span class='ocr_line' id='line_1_15' title="bbox 153 1685 1807 1771; baseline 0.007 -20"><span class='ocrx_word' id='word_1_172' title='bbox 153 1689 197 1751; x_wconf 85' lang='lat' dir='ltr'><strong>de</strong></span> <span class='ocrx_word' id='word_1_173' title='bbox 207 1702 315 1750; x_wconf 66' lang='lat' dir='ltr'><strong>aerata</strong></span> <span class='ocrx_word' id='word_1_174' title='bbox 326 1701 405 1750; x_wconf 86' lang='lat' dir='ltr'><strong>mea</strong></span> <span class='ocrx_word' id='word_1_175' title='bbox 420 1685 516 1766; x_wconf 77' lang='lat' dir='ltr'><strong>(den.</strong></span> <span class='ocrx_word' id='word_1_176' title='bbox 531 1703 568 1762; x_wconf 88' lang='lat'><strong>11,</strong></span> <span class='ocrx_word' id='word_1_177' title='bbox 580 1687 646 1768; x_wconf 77' lang='lat'>23).</span> <span class='ocrx_word' id='word_1_178' title='bbox 663 1691 714 1756; x_wconf 80' lang='lat' dir='ltr'><strong>iix</strong></span> <span class='ocrx_word' id='word_1_179' title='bbox 725 1689 853 1758; x_wconf 79' lang='lat' dir='ltr'><strong>uuosus</strong></span> <span class='ocrx_word' id='word_1_180' title='bbox 865 1689 956 1755; x_wconf 85' lang='lat' dir='ltr'><strong>enim</strong></span> <span class='ocrx_word' id='word_1_181' title='bbox 1011 1689 1232 1754; x_wconf 79' lang='lat' dir='ltr'><strong>necessarius.</strong></span> <span class='ocrx_word' id='word_1_182' title='bbox 1240 1691 1396 1762; x_wconf 86' lang='lat' dir='ltr'><strong>Quiaoisi</strong></span> <span class='ocrx_word' id='word_1_183' title='bbox 1407 1693 1807 1771; x_wconf 82' lang='lat' dir='ltr'><strong>Christusinoarnaretur,</strong></span> 
     </span>
     <span class='ocr_line' id='line_1_16' title="bbox 153 1785 1807 1870; baseline 0.008 -26"><span class='ocrx_word' id='word_1_184' title='bbox 153 1785 258 1861; x_wconf 88' lang='lat' dir='ltr'><strong>lignis</strong></span> <span class='ocrx_word' id='word_1_185' title='bbox 281 1785 355 1852; x_wconf 75' lang='lat' dir='ltr'><strong>nasa</strong></span> <span class='ocrx_word' id='word_1_186' title='bbox 389 1785 481 1852; x_wconf 81' lang='lat' dir='ltr'><strong>suala</strong></span> <span class='ocrx_word' id='word_1_187' title='bbox 508 1787 691 1864; x_wconf 76' lang='lat' dir='ltr'><strong>composita</strong></span> <span class='ocrx_word' id='word_1_188' title='bbox 718 1789 779 1861; x_wconf 87' lang='lat' dir='ltr'><strong>est,</strong></span> <span class='ocrx_word' id='word_1_189' title='bbox 806 1788 886 1866; x_wconf 82' lang='lat' dir='ltr'><strong>quia</strong></span> <span class='ocrx_word' id='word_1_190' title='bbox 913 1803 956 1850; x_wconf 83' lang='lat' dir='ltr'><strong>ex</strong></span> <span class='ocrx_word' id='word_1_191' title='bbox 1011 1786 1199 1862; x_wconf 79' lang='lat' dir='ltr'><strong>angelicam</strong></span> <span class='ocrx_word' id='word_1_192' title='bbox 1224 1801 1290 1852; x_wconf 90' lang='lat' dir='ltr'><strong>non</strong></span> <span class='ocrx_word' id='word_1_193' title='bbox 1310 1789 1597 1866; x_wconf 73' lang='lat' dir='ltr'><strong>redintegraretur</strong></span> <span class='ocrx_word' id='word_1_194' title='bbox 1614 1795 1807 1870; x_wconf 64' lang='lat' dir='ltr'><strong>collegium</strong></span> 
     </span>
     <span class='ocr_line' id='line_1_17' title="bbox 151 1881 1810 1961; baseline 0.005 -13"><span class='ocrx_word' id='word_1_195' title='bbox 151 1881 283 1948; x_wconf 79' lang='lat' dir='ltr'><strong>luanus</strong></span> <span class='ocrx_word' id='word_1_196' title='bbox 308 1882 449 1956; x_wconf 67' lang='lat' dir='ltr'><strong>natans,</strong></span> <span class='ocrx_word' id='word_1_197' title='bbox 476 1883 615 1958; x_wconf 81' lang='lat' dir='ltr'><strong>seilicet,</strong></span> <span class='ocrx_word' id='word_1_198' title='bbox 647 1900 690 1950; x_wconf 77' lang='lat' dir='ltr'><strong>ea</strong></span> <span class='ocrx_word' id='word_1_199' title='bbox 715 1885 895 1952; x_wconf 81' lang='lat' dir='ltr'><strong>divinitate</strong></span> <span class='ocrx_word' id='word_1_200' title='bbox 921 1886 956 1951; x_wconf 89' lang='lat' dir='ltr'><strong>et</strong></span> <span class='ocrx_word' id='word_1_201' title='bbox 1011 1883 1810 1961; x_wconf 83' lang='lat' dir='ltr'><strong>etoonrestitutosoeialinumeno,t0ttusmundt</strong></span> 
     </span>
     <span class='ocr_line' id='line_1_18' title="bbox 155 1977 1808 2064; baseline 0.003 -18"><span class='ocrx_word' id='word_1_202' title='bbox 155 1977 377 2048; x_wconf 82' lang='lat' dir='ltr'><strong>humanitate.</strong></span> <span class='ocrx_word' id='word_1_203' title='bbox 394 1983 487 2048; x_wconf 86' lang='lat' dir='ltr'><strong>Unus</strong></span> <span class='ocrx_word' id='word_1_204' title='bbox 499 1983 643 2064; x_wconf 77' lang='lat' dir='ltr'><strong>etvetus</strong></span> <span class='ocrx_word' id='word_1_205' title='bbox 658 1983 710 2050; x_wconf 85' lang='lat' dir='ltr'><strong>eet</strong></span> <span class='ocrx_word' id='word_1_206' title='bbox 723 1986 820 2050; x_wconf 86' lang='lat' dir='ltr'><strong>Jesus</strong></span> <span class='ocrx_word' id='word_1_207' title='bbox 833 1983 954 2048; x_wconf 76' lang='lat' dir='ltr'><strong>cmis-</strong></span> <span class='ocrx_word' id='word_1_208' title='bbox 1011 1979 1166 2048; x_wconf 83' lang='lat' dir='ltr'><strong>meoniae</strong></span> <span class='ocrx_word' id='word_1_209' title='bbox 1178 1980 1214 2048; x_wconf 87' lang='lat' dir='ltr'><strong>iu</strong></span> <span class='ocrx_word' id='word_1_210' title='bbox 1226 1997 1349 2047; x_wconf 87' lang='lat' dir='ltr'><strong>vanum</strong></span> <span class='ocrx_word' id='word_1_211' title='bbox 1364 1985 1518 2050; x_wconf 72' lang='lat' dir='ltr'><strong>onesimo</strong></span> <span class='ocrx_word' id='word_1_212' title='bbox 1533 1985 1713 2052; x_wconf 86' lang='lat' dir='ltr'><strong>videretur.</strong></span> <span class='ocrx_word' id='word_1_213' title='bbox 1731 1989 1808 2062; x_wconf 84' lang='lat' dir='ltr'><strong>Sed,</strong></span> 
     </span>
     <span class='ocr_line' id='line_1_19' title="bbox 154 2077 1811 2162; baseline 0.001 -16"><span class='ocrx_word' id='word_1_214' title='bbox 154 2079 220 2147; x_wconf 87' lang='lat' dir='ltr'><strong>tus,</strong></span> <span class='ocrx_word' id='word_1_215' title='bbox 232 2077 329 2152; x_wconf 78' lang='lat' dir='ltr'><strong>idest,</strong></span> <span class='ocrx_word' id='word_1_216' title='bbox 345 2081 433 2146; x_wconf 85' lang='lat' dir='ltr'><strong>neus</strong></span> <span class='ocrx_word' id='word_1_217' title='bbox 454 2079 488 2144; x_wconf 84' lang='lat' dir='ltr'><strong>at</strong></span> <span class='ocrx_word' id='word_1_218' title='bbox 511 2079 621 2147; x_wconf 83' lang='lat' dir='ltr'><strong>homo,</strong></span> <span class='ocrx_word' id='word_1_219' title='bbox 637 2081 724 2146; x_wconf 85' lang='lat' dir='ltr'><strong>Nam</strong></span> <span class='ocrx_word' id='word_1_220' title='bbox 739 2082 828 2146; x_wconf 87' lang='lat' dir='ltr'><strong>siout</strong></span> <span class='ocrx_word' id='word_1_221' title='bbox 842 2082 955 2144; x_wconf 83' lang='lat' dir='ltr'><strong>anima</strong></span> <span class='ocrx_word' id='word_1_222' title='bbox 1010 2078 1089 2155; x_wconf 83' lang='lat' dir='ltr'><strong>quio</strong></span> <span class='ocrx_word' id='word_1_223' title='bbox 1101 2078 1252 2146; x_wconf 73' lang='lat' dir='ltr'><strong>desolas</strong></span> <span class='ocrx_word' id='word_1_224' title='bbox 1268 2081 1363 2158; x_wconf 82' lang='lat' dir='ltr'><strong>quasi</strong></span> <span class='ocrx_word' id='word_1_225' title='bbox 1374 2083 1464 2158; x_wconf 77' lang='lat' dir='ltr'><strong>iuste</strong></span> <span class='ocrx_word' id='word_1_226' title='bbox 1479 2082 1648 2150; x_wconf 76' lang='lat' dir='ltr'><strong>hominem</strong></span> <span class='ocrx_word' id='word_1_227' title='bbox 1663 2086 1811 2162; x_wconf 55' lang='lat' dir='ltr'><strong>possides</strong></span> 
     </span>
     <span class='ocr_line' id='line_1_20' title="bbox 154 2175 1810 2261; baseline 0.002 -19"><span class='ocrx_word' id='word_1_228' title='bbox 154 2177 334 2242; x_wconf 83' lang='lat' dir='ltr'><strong>rationalis</strong></span> <span class='ocrx_word' id='word_1_229' title='bbox 371 2177 404 2244; x_wconf 87' lang='lat' dir='ltr'><strong>st</strong></span> <span class='ocrx_word' id='word_1_230' title='bbox 439 2192 518 2244; x_wconf 81' lang='lat' dir='ltr'><strong>osne</strong></span> <span class='ocrx_word' id='word_1_231' title='bbox 549 2195 636 2242; x_wconf 87' lang='lat' dir='ltr'><strong>unus</strong></span> <span class='ocrx_word' id='word_1_232' title='bbox 668 2179 873 2253; x_wconf 83' lang='lat' dir='ltr'><strong>esthemo,</strong></span> <span class='ocrx_word' id='word_1_233' title='bbox 907 2180 955 2243; x_wconf 84' lang='lat' dir='ltr'><strong>ite</strong></span> <span class='ocrx_word' id='word_1_234' title='bbox 1010 2175 1077 2247; x_wconf 86' lang='lat' dir='ltr'><strong>bet,</strong></span> <span class='ocrx_word' id='word_1_235' title='bbox 1093 2191 1173 2244; x_wconf 85' lang='lat' dir='ltr'><strong>neus</strong></span> <span class='ocrx_word' id='word_1_236' title='bbox 1187 2178 1239 2242; x_wconf 89' lang='lat' dir='ltr'><strong>est</strong></span> <span class='ocrx_word' id='word_1_237' title='bbox 1253 2180 1340 2242; x_wconf 84' lang='lat' dir='ltr'><strong>Deus</strong></span> <span class='ocrx_word' id='word_1_238' title='bbox 1355 2179 1484 2256; x_wconf 81' lang='lat' dir='ltr'><strong>judicio</strong></span> <span class='ocrx_word' id='word_1_239' title='bbox 1499 2196 1571 2250; x_wconf 88' lang='lat' dir='ltr'><strong>suo,</strong></span> <span class='ocrx_word' id='word_1_240' title='bbox 1591 2183 1626 2248; x_wconf 87' lang='lat' dir='ltr'><strong>et</strong></span> <span class='ocrx_word' id='word_1_241' title='bbox 1640 2184 1810 2261; x_wconf 79' lang='lat' dir='ltr'><strong>sapienter</strong></span> 
     </span>
     <span class='ocr_line' id='line_1_21' title="bbox 155 2272 1810 2354; baseline 0.001 -12"><span class='ocrx_word' id='word_1_242' title='bbox 155 2277 245 2342; x_wconf 80' lang='lat' dir='ltr'><strong>Deus</strong></span> <span class='ocrx_word' id='word_1_243' title='bbox 261 2275 295 2341; x_wconf 88' lang='lat' dir='ltr'><strong>et</strong></span> <span class='ocrx_word' id='word_1_244' title='bbox 322 2275 422 2342; x_wconf 77' lang='lat' dir='ltr'><strong>homo</strong></span> <span class='ocrx_word' id='word_1_245' title='bbox 448 2291 534 2340; x_wconf 78' lang='lat' dir='ltr'><strong>unum</strong></span> <span class='ocrx_word' id='word_1_246' title='bbox 558 2277 609 2340; x_wconf 85' lang='lat' dir='ltr'><strong>esi</strong></span> <span class='ocrx_word' id='word_1_247' title='bbox 630 2277 792 2342; x_wconf 73' lang='lat' dir='ltr'><strong>divisim.</strong></span> <span class='ocrx_word' id='word_1_248' title='bbox 809 2277 904 2344; x_wconf 87' lang='lat' dir='ltr'><strong>Unde</strong></span> <span class='ocrx_word' id='word_1_249' title='bbox 920 2277 955 2340; x_wconf 87' lang='lat' dir='ltr'><strong>in</strong></span> <span class='ocrx_word' id='word_1_250' title='bbox 1010 2272 1204 2342; x_wconf 77' lang='lat' dir='ltr'><strong>incarnatus</strong></span> <span class='ocrx_word' id='word_1_251' title='bbox 1223 2275 1396 2354; x_wconf 83' lang='lat' dir='ltr'><strong>antiquum</strong></span> <span class='ocrx_word' id='word_1_252' title='bbox 1418 2275 1547 2344; x_wconf 78' lang='lat' dir='ltr'><strong>hostem</strong></span> <span class='ocrx_word' id='word_1_253' title='bbox 1561 2277 1734 2347; x_wconf 83' lang='lat' dir='ltr'><strong>humiliter</strong></span> <span class='ocrx_word' id='word_1_254' title='bbox 1751 2297 1810 2344; x_wconf 91' lang='lat' dir='ltr'><strong>su-</strong></span> 
     </span>
     <span class='ocr_line' id='line_1_22' title="bbox 155 2371 1808 2451; baseline 0.003 -17"><span class='ocrx_word' id='word_1_255' title='bbox 155 2373 339 2450; x_wconf 70' lang='lat' dir='ltr'><strong>evangelio</strong></span> <span class='ocrx_word' id='word_1_256' title='bbox 364 2395 372 2434; x_wconf 76' lang='grc' dir='ltr'><strong><em>ε</em></strong></span> <span class='ocrx_word' id='word_1_257' title='bbox 397 2377 473 2451; x_wconf 75' lang='lat' dir='ltr'><strong>Ego</strong></span> <span class='ocrx_word' id='word_1_258' title='bbox 501 2375 535 2440; x_wconf 85' lang='lat' dir='ltr'><strong>et</strong></span> <span class='ocrx_word' id='word_1_259' title='bbox 559 2375 671 2438; x_wconf 83' lang='lat' dir='ltr'><strong>Pater</strong></span> <span class='ocrx_word' id='word_1_260' title='bbox 699 2391 810 2442; x_wconf 74' lang='lat' dir='ltr'><strong>down</strong></span> <span class='ocrx_word' id='word_1_261' title='bbox 834 2390 956 2440; x_wconf 80' lang='lat' dir='ltr'><strong>samus</strong></span> <span class='ocrx_word' id='word_1_262' title='bbox 1010 2371 1149 2446; x_wconf 80' lang='lat' dir='ltr'><strong>paravit.</strong></span> <span class='ocrx_word' id='word_1_263' title='bbox 1168 2373 1319 2447; x_wconf 75' lang='lat' dir='ltr'><strong>astorgo</strong></span> <span class='ocrx_word' id='word_1_264' title='bbox 1341 2373 1467 2450; x_wconf 83' lang='lat' dir='ltr'><strong>primus</strong></span> <span class='ocrx_word' id='word_1_265' title='bbox 1482 2389 1596 2438; x_wconf 87' lang='lat' dir='ltr'><strong>ramus</strong></span> <span class='ocrx_word' id='word_1_266' title='bbox 1618 2375 1808 2441; x_wconf 81' lang='lat' dir='ltr'><strong>incarnatio</strong></span> 
     </span>
     <span class='ocr_line' id='line_1_23' title="bbox 155 2467 1767 2550; baseline 0.003 -17"><span class='ocrx_word' id='word_1_267' title='bbox 155 2469 271 2550; x_wconf 76' lang='lat' dir='ltr'><strong>(Joam</strong></span> <span class='ocrx_word' id='word_1_268' title='bbox 284 2488 318 2544; x_wconf 82' lang='lat' dir='ltr'><strong>x,</strong></span> <span class='ocrx_word' id='word_1_269' title='bbox 331 2469 396 2550; x_wconf 88' lang='lat'>30).</span> <span class='ocrx_word' id='word_1_270' title='bbox 427 2474 501 2549; x_wconf 90' lang='lat' dir='ltr'><strong>lpse</strong></span> <span class='ocrx_word' id='word_1_271' title='bbox 513 2487 654 2550; x_wconf 87' lang='lat' dir='ltr'><strong>namque</strong></span> <span class='ocrx_word' id='word_1_272' title='bbox 669 2473 720 2534; x_wconf 91' lang='lat' dir='ltr'><strong>est</strong></span> <span class='ocrx_word' id='word_1_273' title='bbox 732 2472 883 2540; x_wconf 81' lang='lat' dir='ltr'><strong>Christus</strong></span> <span class='ocrx_word' id='word_1_274' title='bbox 899 2474 956 2534; x_wconf 86' lang='lat' dir='ltr'><strong>Sa·</strong></span> <span class='ocrx_word' id='word_1_275' title='bbox 1009 2467 1133 2536; x_wconf 77' lang='lat' dir='ltr'><strong>Christi</strong></span> <span class='ocrx_word' id='word_1_276' title='bbox 1147 2467 1275 2539; x_wconf 73' lang='lat' dir='ltr'><strong>trusus</strong></span> <span class='ocrx_word' id='word_1_277' title='bbox 1287 2470 1568 2548; x_wconf 83' lang='lat' dir='ltr'><strong>ejuseetspiritus</strong></span> <span class='ocrx_word' id='word_1_278' title='bbox 1583 2474 1767 2549; x_wconf 86' lang='lat' dir='ltr'><strong>sapientiae.</strong></span> 
     </span>
     <span class='ocr_line' id='line_1_24' title="bbox 155 2566 1809 2648; baseline 0.004 -18"><span class='ocrx_word' id='word_1_279' title='bbox 155 2568 284 2648; x_wconf 85' lang='lat' dir='ltr'><strong>pientia</strong></span> <span class='ocrx_word' id='word_1_280' title='bbox 299 2569 358 2632; x_wconf 84' lang='lat' dir='ltr'><strong>nei</strong></span> <span class='ocrx_word' id='word_1_281' title='bbox 373 2569 452 2636; x_wconf 84' lang='lat' dir='ltr'><strong>ante</strong></span> <span class='ocrx_word' id='word_1_282' title='bbox 474 2569 597 2634; x_wconf 78' lang='lat' dir='ltr'><strong>smoola</strong></span> <span class='ocrx_word' id='word_1_283' title='bbox 615 2570 739 2646; x_wconf 82' lang='lat' dir='ltr'><strong>genita,</strong></span> <span class='ocrx_word' id='word_1_284' title='bbox 760 2569 855 2643; x_wconf 81' lang='lat' dir='ltr'><strong>idest,</strong></span> <span class='ocrx_word' id='word_1_285' title='bbox 877 2570 954 2634; x_wconf 86' lang='lat' dir='ltr'><strong>neta</strong></span> <span class='ocrx_word' id='word_1_286' title='bbox 1049 2566 1222 2636; x_wconf 73' lang='lat' dir='ltr'><strong>Secundus</strong></span> <span class='ocrx_word' id='word_1_287' title='bbox 1250 2581 1364 2631; x_wconf 85' lang='lat' dir='ltr'><strong>ramus</strong></span> <span class='ocrx_word' id='word_1_288' title='bbox 1394 2567 1579 2644; x_wconf 80' lang='lat' dir='ltr'><strong>baptismus</strong></span> <span class='ocrx_word' id='word_1_289' title='bbox 1608 2571 1746 2643; x_wconf 82' lang='lat' dir='ltr'><strong>Christi,</strong></span> <span class='ocrx_word' id='word_1_290' title='bbox 1774 2572 1809 2636; x_wconf 86' lang='lat' dir='ltr'><strong>et</strong></span> 
     </span>
     <span class='ocr_line' id='line_1_25' title="bbox 157 2662 1808 2744; baseline 0.001 -13"><span class='ocrx_word' id='word_1_291' title='bbox 157 2667 200 2731; x_wconf 88' lang='lat' dir='ltr'><strong>de</strong></span> <span class='ocrx_word' id='word_1_292' title='bbox 209 2667 308 2734; x_wconf 83' lang='lat' dir='ltr'><strong>Petro</strong></span> <span class='ocrx_word' id='word_1_293' title='bbox 318 2667 500 2731; x_wconf 84' lang='lat' dir='ltr'><strong>seeundum</strong></span> <span class='ocrx_word' id='word_1_294' title='bbox 510 2667 718 2734; x_wconf 81' lang='lat' dir='ltr'><strong>divinitatem</strong></span> <span class='ocrx_word' id='word_1_295' title='bbox 727 2669 806 2736; x_wconf 86' lang='lat' dir='ltr'><strong>ante</strong></span> <span class='ocrx_word' id='word_1_296' title='bbox 817 2668 953 2740; x_wconf 85' lang='lat' dir='ltr'><strong>saecula,</strong></span> <span class='ocrx_word' id='word_1_297' title='bbox 1010 2662 1808 2744; x_wconf 68' lang='lat' dir='ltr'><strong>istemaannnestenaemmiusnntelnglmm</strong></span> 
     </span>
     <span class='ocr_line' id='line_1_26' title="bbox 155 2759 1809 2843; baseline 0.004 -18"><span class='ocrx_word' id='word_1_298' title='bbox 155 2765 255 2836; x_wconf 88' lang='lat' dir='ltr'><strong>idest,</strong></span> <span class='ocrx_word' id='word_1_299' title='bbox 272 2765 350 2826; x_wconf 86' lang='lat' dir='ltr'><strong>ante</strong></span> <span class='ocrx_word' id='word_1_300' title='bbox 364 2765 636 2832; x_wconf 78' lang='lat' dir='ltr'><strong>constitutionem</strong></span> <span class='ocrx_word' id='word_1_301' title='bbox 656 2765 955 2843; x_wconf 67' lang='lat' dir='ltr'><strong>unanimantem</strong></span> <span class='ocrx_word' id='word_1_302' title='bbox 1010 2759 1099 2828; x_wconf 77' lang='lat' dir='ltr'><strong>enim</strong></span> <span class='ocrx_word' id='word_1_303' title='bbox 1113 2760 1149 2824; x_wconf 88' lang='lat' dir='ltr'><strong>in</strong></span> <span class='ocrx_word' id='word_1_304' title='bbox 1163 2759 1327 2838; x_wconf 80' lang='lat' dir='ltr'><strong>baptismo</strong></span> <span class='ocrx_word' id='word_1_305' title='bbox 1343 2762 1455 2827; x_wconf 86' lang='lat' dir='ltr'><strong>omnia</strong></span> <span class='ocrx_word' id='word_1_306' title='bbox 1471 2763 1606 2840; x_wconf 76' lang='lat' dir='ltr'><strong>peecata</strong></span> <span class='ocrx_word' id='word_1_307' title='bbox 1624 2764 1756 2835; x_wconf 84' lang='lat' dir='ltr'><strong>dimitti,</strong></span> <span class='ocrx_word' id='word_1_308' title='bbox 1775 2767 1809 2832; x_wconf 88' lang='lat' dir='ltr'><strong>et</strong></span> 
     </span>
     <span class='ocr_line' id='line_1_27' title="bbox 153 2858 1808 2938; baseline 0 -11"><span class='ocrx_word' id='word_1_309' title='bbox 153 2861 216 2927; x_wconf 88' lang='lat' dir='ltr'><strong>illa</strong></span> <span class='ocrx_word' id='word_1_310' title='bbox 245 2863 416 2938; x_wconf 84' lang='lat' dir='ltr'><strong>generatio</strong></span> <span class='ocrx_word' id='word_1_311' title='bbox 441 2865 567 2930; x_wconf 79' lang='lat' dir='ltr'><strong>aeterna</strong></span> <span class='ocrx_word' id='word_1_312' title='bbox 588 2879 657 2927; x_wconf 85' lang='lat' dir='ltr'><strong>non</strong></span> <span class='ocrx_word' id='word_1_313' title='bbox 683 2862 785 2934; x_wconf 78' lang='lat' dir='ltr'><strong>hahet</strong></span> <span class='ocrx_word' id='word_1_314' title='bbox 810 2863 953 2936; x_wconf 87' lang='lat' dir='ltr'><strong>initium,</strong></span> <span class='ocrx_word' id='word_1_315' title='bbox 1010 2858 1173 2933; x_wconf 65' lang='lat' dir='ltr'><strong>originale</strong></span> <span class='ocrx_word' id='word_1_316' title='bbox 1196 2859 1369 2935; x_wconf 88' lang='lat' dir='ltr'><strong>peoeatum</strong></span> <span class='ocrx_word' id='word_1_317' title='bbox 1395 2859 1510 2926; x_wconf 82' lang='lat' dir='ltr'><strong>deleri.</strong></span> <span class='ocrx_word' id='word_1_318' title='bbox 1541 2863 1733 2938; x_wconf 75' lang='lat' dir='ltr'><strong>Baptizatos</strong></span> <span class='ocrx_word' id='word_1_319' title='bbox 1757 2864 1808 2928; x_wconf 89' lang='lat' dir='ltr'><strong>est</strong></span> 
     </span>
     <span class='ocr_line' id='line_1_28' title="bbox 155 2955 1807 3038; baseline 0.002 -16"><span class='ocrx_word' id='word_1_320' title='bbox 155 2976 220 3022; x_wconf 84' lang='lat' dir='ltr'><strong>neo</strong></span> <span class='ocrx_word' id='word_1_321' title='bbox 234 2959 335 3024; x_wconf 78' lang='lat' dir='ltr'><strong>halet</strong></span> <span class='ocrx_word' id='word_1_322' title='bbox 348 2960 458 3028; x_wconf 81' lang='lat' dir='ltr'><strong>tinem.</strong></span> <span class='ocrx_word' id='word_1_323' title='bbox 471 2963 517 3024; x_wconf 83' lang='lat' dir='ltr'><strong>De</strong></span> <span class='ocrx_word' id='word_1_324' title='bbox 528 2960 809 3038; x_wconf 80' lang='lat' dir='ltr'><strong>quaPatenaiiad</strong></span> <span class='ocrx_word' id='word_1_325' title='bbox 820 2962 953 3029; x_wconf 78' lang='lat' dir='ltr'><strong>Filium:</strong></span> <span class='ocrx_word' id='word_1_326' title='bbox 1009 2955 1171 3028; x_wconf 71' lang='lat' dir='ltr'><strong>caristus,</strong></span> <span class='ocrx_word' id='word_1_327' title='bbox 1188 2971 1255 3020; x_wconf 77' lang='lat' dir='ltr'><strong>non</strong></span> <span class='ocrx_word' id='word_1_328' title='bbox 1267 2957 1338 3024; x_wconf 81' lang='lat' dir='ltr'><strong>uta</strong></span> <span class='ocrx_word' id='word_1_329' title='bbox 1352 2959 1488 3034; x_wconf 84' lang='lat' dir='ltr'><strong>peeoato</strong></span> <span class='ocrx_word' id='word_1_330' title='bbox 1505 2959 1733 3032; x_wconf 82' lang='lat' dir='ltr'><strong>mundaretur,</strong></span> <span class='ocrx_word' id='word_1_331' title='bbox 1749 2961 1807 3026; x_wconf 88' lang='lat' dir='ltr'><strong>sed</strong></span> 
     </span>
     <span class='ocr_line' id='line_1_29' title="bbox 153 3053 1810 3138; baseline 0.002 -20"><span class='ocrx_word' id='word_1_332' title='bbox 153 3059 245 3120; x_wconf 71' lang='lat' dir='ltr'><strong>Arete</strong></span> <span class='ocrx_word' id='word_1_333' title='bbox 258 3060 460 3132; x_wconf 72' lang='lat' dir='ltr'><strong>umiferum</strong></span> <span class='ocrx_word' id='word_1_334' title='bbox 473 3061 577 3135; x_wconf 77' lang='lat' dir='ltr'><strong>penei</strong></span> <span class='ocrx_word' id='word_1_335' title='bbox 592 3059 626 3123; x_wconf 82' lang='lat' dir='ltr'><strong>te</strong></span> <span class='ocrx_word' id='word_1_336' title='bbox 638 3057 708 3138; x_wconf 85' lang='lat' dir='ltr'><strong>(Ps.</strong></span> <span class='ocrx_word' id='word_1_337' title='bbox 723 3060 793 3132; x_wconf 77' lang='lat'>100,</span> <span class='ocrx_word' id='word_1_338' title='bbox 808 3057 855 3138; x_wconf 82' lang='lat'><strong>3).</strong></span> <span class='ocrx_word' id='word_1_339' title='bbox 870 3060 955 3123; x_wconf 81' lang='lat' dir='ltr'><strong>Ante</strong></span> <span class='ocrx_word' id='word_1_340' title='bbox 1010 3055 1163 3132; x_wconf 74' lang='lat' dir='ltr'><strong>itaquae</strong></span> <span class='ocrx_word' id='word_1_341' title='bbox 1178 3053 1411 3128; x_wconf 64' lang='lat' dir='ltr'><strong>moelem,</strong></span> <span class='ocrx_word' id='word_1_342' title='bbox 1428 3057 1462 3118; x_wconf 86' lang='lat' dir='ltr'><strong>et</strong></span> <span class='ocrx_word' id='word_1_343' title='bbox 1476 3057 1512 3120; x_wconf 93' lang='lat' dir='ltr'><strong>ut</strong></span> <span class='ocrx_word' id='word_1_344' title='bbox 1530 3056 1626 3124; x_wconf 82' lang='lat' dir='ltr'><strong>nobis</strong></span> <span class='ocrx_word' id='word_1_345' title='bbox 1645 3059 1741 3123; x_wconf 85' lang='lat' dir='ltr'><strong>daret</strong></span> <span class='ocrx_word' id='word_1_346' title='bbox 1753 3059 1810 3122; x_wconf 82' lang='lat' dir='ltr'><strong>in-</strong></span> 
     </span>
     <span class='ocr_line' id='line_1_30' title="bbox 153 3151 1805 3233; baseline 0.002 -14"><span class='ocrx_word' id='word_1_347' title='bbox 153 3154 357 3227; x_wconf 60' lang='lat' dir='ltr'><strong>nuditatem,</strong></span> <span class='ocrx_word' id='word_1_348' title='bbox 378 3154 476 3228; x_wconf 80' lang='lat' dir='ltr'><strong>idest,</strong></span> <span class='ocrx_word' id='word_1_349' title='bbox 491 3155 533 3221; x_wconf 79' lang='lat' dir='ltr'><strong>at</strong></span> <span class='ocrx_word' id='word_1_350' title='bbox 548 3156 744 3228; x_wconf 74' lang='lat' dir='ltr'><strong>eternae.</strong></span> <span class='ocrx_word' id='word_1_351' title='bbox 767 3172 812 3220; x_wconf 84' lang='lat' dir='ltr'><strong>ex</strong></span> <span class='ocrx_word' id='word_1_352' title='bbox 825 3157 955 3220; x_wconf 85' lang='lat' dir='ltr'><strong>eooulte</strong></span> <span class='ocrx_word' id='word_1_353' title='bbox 1009 3151 1115 3229; x_wconf 81' lang='lat' dir='ltr'><strong>telligi</strong></span> <span class='ocrx_word' id='word_1_354' title='bbox 1128 3167 1206 3219; x_wconf 88' lang='lat' dir='ltr'><strong>eum</strong></span> <span class='ocrx_word' id='word_1_355' title='bbox 1219 3167 1279 3230; x_wconf 87' lang='lat' dir='ltr'><strong>pno</strong></span> <span class='ocrx_word' id='word_1_356' title='bbox 1295 3155 1408 3220; x_wconf 74' lang='lat' dir='ltr'><strong>nosue</strong></span> <span class='ocrx_word' id='word_1_357' title='bbox 1428 3153 1571 3218; x_wconf 85' lang='lat' dir='ltr'><strong>utilitate</strong></span> <span class='ocrx_word' id='word_1_358' title='bbox 1593 3155 1805 3233; x_wconf 83' lang='lat' dir='ltr'><strong>baptizatum.</strong></span> 
     </span>
     <span class='ocr_line' id='line_1_31' title="bbox 153 3250 1807 3337; baseline 0.004 -23"><span class='ocrx_word' id='word_1_359' title='bbox 153 3253 190 3315; x_wconf 86' lang='lat' dir='ltr'><strong>et</strong></span> <span class='ocrx_word' id='word_1_360' title='bbox 203 3253 332 3317; x_wconf 79' lang='lat' dir='ltr'><strong>secreta</strong></span> <span class='ocrx_word' id='word_1_361' title='bbox 357 3253 541 3320; x_wconf 79' lang='lat' dir='ltr'><strong>substantie</strong></span> <span class='ocrx_word' id='word_1_362' title='bbox 568 3254 669 3330; x_wconf 87' lang='lat' dir='ltr'><strong>genui</strong></span> <span class='ocrx_word' id='word_1_363' title='bbox 689 3256 722 3318; x_wconf 90' lang='lat' dir='ltr'><strong>te</strong></span> <span class='ocrx_word' id='word_1_364' title='bbox 742 3254 903 3332; x_wconf 72' lang='lat' dir='ltr'><strong>spamam</strong></span> <span class='ocrx_word' id='word_1_365' title='bbox 922 3257 956 3319; x_wconf 88' lang='lat' dir='ltr'><strong>et</strong></span> <span class='ocrx_word' id='word_1_366' title='bbox 1007 3252 1068 3315; x_wconf 78' lang='lat' dir='ltr'><strong>ast</strong></span> <span class='ocrx_word' id='word_1_367' title='bbox 1079 3267 1159 3328; x_wconf 77' lang='lat' dir='ltr'><strong>engo</strong></span> <span class='ocrx_word' id='word_1_368' title='bbox 1168 3250 1335 3318; x_wconf 84' lang='lat' dir='ltr'><strong>secundus</strong></span> <span class='ocrx_word' id='word_1_369' title='bbox 1347 3267 1462 3318; x_wconf 87' lang='lat' dir='ltr'><strong>remus</strong></span> <span class='ocrx_word' id='word_1_370' title='bbox 1472 3251 1658 3330; x_wconf 78' lang='lat' dir='ltr'><strong>baptismus</strong></span> <span class='ocrx_word' id='word_1_371' title='bbox 1667 3254 1807 3337; x_wconf 56' lang='lat' dir='ltr'><strong>Christo</strong></span> 
     </span>
     <span class='ocr_line' id='line_1_32' title="bbox 153 3347 1584 3427; baseline -0.001 -13"><span class='ocrx_word' id='word_1_372' title='bbox 153 3351 473 3420; x_wconf 69' lang='lat' dir='ltr'><strong>consubstantialem</strong></span> <span class='ocrx_word' id='word_1_373' title='bbox 484 3352 752 3420; x_wconf 75' lang='lat' dir='ltr'><strong>mihivelrante</strong></span> <span class='ocrx_word' id='word_1_374' title='bbox 765 3352 954 3420; x_wconf 78' lang='lat' dir='ltr'><strong>Luciferum</strong></span> <span class='ocrx_word' id='word_1_375' title='bbox 1007 3347 1136 3416; x_wconf 69' lang='lat' dir='ltr'><strong>iromus</strong></span> <span class='ocrx_word' id='word_1_376' title='bbox 1151 3352 1224 3427; x_wconf 86' lang='lat' dir='ltr'><strong>ejus</strong></span> <span class='ocrx_word' id='word_1_377' title='bbox 1234 3350 1372 3427; x_wconf 81' lang='lat' dir='ltr'><strong>spiritus</strong></span> <span class='ocrx_word' id='word_1_378' title='bbox 1385 3351 1584 3416; x_wconf 82' lang='lat' dir='ltr'><strong>intelleotus.</strong></span> 
     </span>
     <span class='ocr_line' id='line_1_33' title="bbox 153 3447 1808 3534; baseline 0.001 -24"><span class='ocrx_word' id='word_1_379' title='bbox 153 3449 258 3525; x_wconf 85' lang='lat' dir='ltr'><strong>genui</strong></span> <span class='ocrx_word' id='word_1_380' title='bbox 267 3449 310 3522; x_wconf 88' lang='lat' dir='ltr'><strong>te,</strong></span> <span class='ocrx_word' id='word_1_381' title='bbox 326 3449 422 3522; x_wconf 83' lang='lat' dir='ltr'><strong>idest,</strong></span> <span class='ocrx_word' id='word_1_382' title='bbox 437 3450 538 3534; x_wconf 83' lang='lat' dir='ltr'><strong>genai</strong></span> <span class='ocrx_word' id='word_1_383' title='bbox 552 3449 586 3515; x_wconf 87' lang='lat' dir='ltr'><strong>te</strong></span> <span class='ocrx_word' id='word_1_384' title='bbox 601 3452 680 3516; x_wconf 82' lang='lat' dir='ltr'><strong>ante</strong></span> <span class='ocrx_word' id='word_1_385' title='bbox 692 3451 842 3528; x_wconf 83' lang='lat' dir='ltr'><strong>tempora</strong></span> <span class='ocrx_word' id='word_1_386' title='bbox 857 3467 954 3528; x_wconf 80' lang='lat' dir='ltr'><strong>quem</strong></span> <span class='ocrx_word' id='word_1_387' title='bbox 1050 3447 1182 3515; x_wconf 76' lang='lat' dir='ltr'><strong>Tertius</strong></span> <span class='ocrx_word' id='word_1_388' title='bbox 1203 3463 1317 3514; x_wconf 78' lang='lat' dir='ltr'><strong>remus</strong></span> <span class='ocrx_word' id='word_1_389' title='bbox 1333 3449 1383 3512; x_wconf 87' lang='lat' dir='ltr'><strong>est</strong></span> <span class='ocrx_word' id='word_1_390' title='bbox 1404 3449 1515 3524; x_wconf 85' lang='lat' dir='ltr'><strong>passio</strong></span> <span class='ocrx_word' id='word_1_391' title='bbox 1539 3449 1672 3522; x_wconf 79' lang='lat' dir='ltr'><strong>christi,</strong></span> <span class='ocrx_word' id='word_1_392' title='bbox 1696 3450 1729 3512; x_wconf 86' lang='lat' dir='ltr'><strong>et</strong></span> <span class='ocrx_word' id='word_1_393' title='bbox 1751 3450 1808 3514; x_wconf 81' lang='lat' dir='ltr'><strong>nio</strong></span> 
     </span>
     <span class='ocr_line' id='line_1_34' title="bbox 153 3545 1807 3625; baseline 0.001 -15"><span class='ocrx_word' id='word_1_394' title='bbox 153 3563 202 3610; x_wconf 85' lang='lat' dir='ltr'><strong>ex</strong></span> <span class='ocrx_word' id='word_1_395' title='bbox 214 3548 353 3623; x_wconf 84' lang='lat' dir='ltr'><strong>Virgine</strong></span> <span class='ocrx_word' id='word_1_396' title='bbox 368 3548 401 3610; x_wconf 87' lang='lat' dir='ltr'><strong>et</strong></span> <span class='ocrx_word' id='word_1_397' title='bbox 418 3548 512 3614; x_wconf 86' lang='lat' dir='ltr'><strong>nasei</strong></span> <span class='ocrx_word' id='word_1_398' title='bbox 525 3549 561 3612; x_wconf 89' lang='lat' dir='ltr'><strong>et</strong></span> <span class='ocrx_word' id='word_1_399' title='bbox 582 3549 676 3625; x_wconf 79' lang='lat' dir='ltr'><strong>gigni</strong></span> <span class='ocrx_word' id='word_1_400' title='bbox 693 3548 784 3612; x_wconf 89' lang='lat' dir='ltr'><strong>volni</strong></span> <span class='ocrx_word' id='word_1_401' title='bbox 804 3549 840 3610; x_wconf 92' lang='lat' dir='ltr'><strong>in</strong></span> <span class='ocrx_word' id='word_1_402' title='bbox 864 3549 954 3612; x_wconf 88' lang='lat' dir='ltr'><strong>tem-</strong></span> <span class='ocrx_word' id='word_1_403' title='bbox 1008 3545 1172 3610; x_wconf 70' lang='lat' dir='ltr'><strong>mirabilis</strong></span> <span class='ocrx_word' id='word_1_404' title='bbox 1187 3545 1220 3610; x_wconf 86' lang='lat' dir='ltr'><strong>at</strong></span> <span class='ocrx_word' id='word_1_405' title='bbox 1242 3545 1465 3610; x_wconf 75' lang='lat' dir='ltr'><strong>necessarius.</strong></span> <span class='ocrx_word' id='word_1_406' title='bbox 1491 3547 1528 3607; x_wconf 92' lang='lat' dir='ltr'><strong>ln</strong></span> <span class='ocrx_word' id='word_1_407' title='bbox 1547 3545 1703 3621; x_wconf 82' lang='lat' dir='ltr'><strong>passione</strong></span> <span class='ocrx_word' id='word_1_408' title='bbox 1717 3547 1807 3612; x_wconf 88' lang='lat' dir='ltr'><strong>enim</strong></span> 
     </span>
     <span class='ocr_line' id='line_1_35' title="bbox 154 3641 1804 3724; baseline 0 -16"><span class='ocrx_word' id='word_1_409' title='bbox 154 3661 249 3724; x_wconf 85' lang='lat' dir='ltr'><strong>pone.</strong></span> <span class='ocrx_word' id='word_1_410' title='bbox 265 3647 313 3708; x_wconf 82' lang='lat' dir='ltr'><strong>De</strong></span> <span class='ocrx_word' id='word_1_411' title='bbox 331 3660 397 3722; x_wconf 79' lang='lat' dir='ltr'><strong>qua</strong></span> <span class='ocrx_word' id='word_1_412' title='bbox 418 3646 633 3722; x_wconf 84' lang='lat' dir='ltr'><strong>generatione</strong></span> <span class='ocrx_word' id='word_1_413' title='bbox 651 3646 756 3712; x_wconf 80' lang='lat' dir='ltr'><strong>isaias</strong></span> <span class='ocrx_word' id='word_1_414' title='bbox 771 3669 779 3706; x_wconf 74' lang='grc' dir='ltr'><strong><em>ε</em></strong></span> <span class='ocrx_word' id='word_1_415' title='bbox 796 3650 953 3710; x_wconf 75' lang='lat' dir='ltr'><strong>Genero-</strong></span> <span class='ocrx_word' id='word_1_416' title='bbox 1007 3641 1462 3709; x_wconf 84' lang='lat' dir='ltr'><strong>euaoonsiliomnobisdedit</strong></span> <span class='ocrx_word' id='word_1_417' title='bbox 1472 3641 1804 3722; x_wconf 75' lang='lat' dir='ltr'><strong>Redemptornoster,</strong></span> 
     </span>
     <span class='ocr_line' id='line_1_36' title="bbox 152 3737 1808 3824; baseline 0.003 -20"><span class='ocrx_word' id='word_1_418' title='bbox 152 3745 332 3808; x_wconf 74' lang='lat' dir='ltr'><strong>rationem</strong></span> <span class='ocrx_word' id='word_1_419' title='bbox 345 3747 421 3818; x_wconf 80' lang='lat' dir='ltr'><strong>ejus</strong></span> <span class='ocrx_word' id='word_1_420' title='bbox 437 3737 730 3817; x_wconf 62' lang='lat' dir='ltr'><strong>praeoperanti</strong></span> <span class='ocrx_word' id='word_1_421' title='bbox 751 3743 809 3824; x_wconf 91' lang='lat' dir='ltr'><strong>(ls.</strong></span> <span class='ocrx_word' id='word_1_422' title='bbox 825 3743 953 3824; x_wconf 80' lang='lat' dir='ltr'><strong>nu1,8.)</strong></span> <span class='ocrx_word' id='word_1_423' title='bbox 1006 3741 1141 3819; x_wconf 76' lang='lat' dir='ltr'><strong>quando</strong></span> <span class='ocrx_word' id='word_1_424' title='bbox 1157 3740 1193 3802; x_wconf 81' lang='lat' dir='ltr'><strong>iu</strong></span> <span class='ocrx_word' id='word_1_425' title='bbox 1210 3752 1308 3802; x_wconf 83' lang='lat' dir='ltr'><strong>ornos</strong></span> <span class='ocrx_word' id='word_1_426' title='bbox 1329 3755 1446 3802; x_wconf 87' lang='lat' dir='ltr'><strong>manus</strong></span> <span class='ocrx_word' id='word_1_427' title='bbox 1462 3739 1655 3812; x_wconf 73' lang='lat' dir='ltr'><strong>extendens,</strong></span> <span class='ocrx_word' id='word_1_428' title='bbox 1671 3743 1808 3820; x_wconf 82' lang='lat' dir='ltr'><strong>peecata</strong></span> 
     </span>
     <span class='ocr_line' id='line_1_37' title="bbox 155 3835 1807 3919; baseline 0.001 -15"><span class='ocrx_word' id='word_1_429' title='bbox 155 3841 356 3917; x_wconf 73' lang='lat' dir='ltr'><strong>unigenitus</strong></span> <span class='ocrx_word' id='word_1_430' title='bbox 366 3840 592 3919; x_wconf 79' lang='lat' dir='ltr'><strong>itaqueFilius</strong></span> <span class='ocrx_word' id='word_1_431' title='bbox 603 3840 818 3904; x_wconf 82' lang='lat' dir='ltr'><strong>Deivenbum</strong></span> <span class='ocrx_word' id='word_1_432' title='bbox 832 3841 952 3912; x_wconf 87' lang='lat' dir='ltr'><strong>Patris,</strong></span> <span class='ocrx_word' id='word_1_433' title='bbox 1007 3838 1124 3903; x_wconf 74' lang='lat' dir='ltr'><strong>nostra</strong></span> <span class='ocrx_word' id='word_1_434' title='bbox 1141 3853 1212 3900; x_wconf 79' lang='lat' dir='ltr'><strong>suaa</strong></span> <span class='ocrx_word' id='word_1_435' title='bbox 1234 3837 1327 3900; x_wconf 84' lang='lat' dir='ltr'><strong>eruci</strong></span> <span class='ocrx_word' id='word_1_436' title='bbox 1351 3835 1469 3900; x_wconf 70' lang='lat' dir='ltr'><strong>effluit.</strong></span> <span class='ocrx_word' id='word_1_437' title='bbox 1486 3838 1579 3900; x_wconf 87' lang='lat' dir='ltr'><strong>Nihil</strong></span> <span class='ocrx_word' id='word_1_438' title='bbox 1600 3841 1690 3904; x_wconf 88' lang='lat' dir='ltr'><strong>enim</strong></span> <span class='ocrx_word' id='word_1_439' title='bbox 1710 3841 1807 3906; x_wconf 86' lang='lat' dir='ltr'><strong>nobis</strong></span> 
     </span>
     <span class='ocr_line' id='line_1_38' title="bbox 153 3933 1807 4014; baseline 0 -10"><span class='ocrx_word' id='word_1_440' title='bbox 153 3937 368 4004; x_wconf 71' lang='lat' dir='ltr'><strong>anasaeeua</strong></span> <span class='ocrx_word' id='word_1_441' title='bbox 382 3938 557 4014; x_wconf 86' lang='lat' dir='ltr'><strong>sapientie.</strong></span> <span class='ocrx_word' id='word_1_442' title='bbox 574 3937 741 4010; x_wconf 84' lang='lat' dir='ltr'><strong>videlieet,</strong></span> <span class='ocrx_word' id='word_1_443' title='bbox 756 3938 816 4000; x_wconf 87' lang='lat' dir='ltr'><strong>Dei</strong></span> <span class='ocrx_word' id='word_1_444' title='bbox 831 3938 952 4010; x_wconf 85' lang='lat' dir='ltr'><strong>Patris,</strong></span> <span class='ocrx_word' id='word_1_445' title='bbox 1007 3935 1102 4002; x_wconf 71' lang='lat' dir='ltr'><strong>nasci</strong></span> <span class='ocrx_word' id='word_1_446' title='bbox 1125 3933 1260 4013; x_wconf 81' lang='lat' dir='ltr'><strong>proluit,</strong></span> <span class='ocrx_word' id='word_1_447' title='bbox 1289 3934 1356 3998; x_wconf 87' lang='lat' dir='ltr'><strong>nisi</strong></span> <span class='ocrx_word' id='word_1_448' title='bbox 1375 3934 1497 4008; x_wconf 83' lang='lat' dir='ltr'><strong>redimi</strong></span> <span class='ocrx_word' id='word_1_449' title='bbox 1520 3935 1709 4014; x_wconf 83' lang='lat' dir='ltr'><strong>profuisset.</strong></span> <span class='ocrx_word' id='word_1_450' title='bbox 1734 3941 1807 4004; x_wconf 81' lang='lat' dir='ltr'><strong>line</strong></span> 
     </span>
     <span class='ocr_line' id='line_1_39' title="bbox 153 4031 1806 4113; baseline 0 -13"><span class='ocrx_word' id='word_1_451' title='bbox 153 4051 230 4112; x_wconf 74' lang='lat' dir='ltr'><strong>qooe</strong></span> <span class='ocrx_word' id='word_1_452' title='bbox 243 4034 374 4112; x_wconf 79' lang='lat' dir='ltr'><strong>quando</strong></span> <span class='ocrx_word' id='word_1_453' title='bbox 387 4035 423 4097; x_wconf 90' lang='lat' dir='ltr'><strong>io</strong></span> <span class='ocrx_word' id='word_1_454' title='bbox 436 4035 601 4113; x_wconf 78' lang='lat' dir='ltr'><strong>principio</strong></span> <span class='ocrx_word' id='word_1_455' title='bbox 611 4035 739 4098; x_wconf 80' lang='lat' dir='ltr'><strong>creavit</strong></span> <span class='ocrx_word' id='word_1_456' title='bbox 754 4037 843 4098; x_wconf 86' lang='lat' dir='ltr'><strong>Deus</strong></span> <span class='ocrx_word' id='word_1_457' title='bbox 855 4035 956 4098; x_wconf 86' lang='lat' dir='ltr'><strong>Pater</strong></span> <span class='ocrx_word' id='word_1_458' title='bbox 1008 4035 1082 4103; x_wconf 85' lang='lat' dir='ltr'><strong>eret</strong></span> <span class='ocrx_word' id='word_1_459' title='bbox 1095 4033 1203 4098; x_wconf 86' lang='lat' dir='ltr'><strong>solum</strong></span> <span class='ocrx_word' id='word_1_460' title='bbox 1222 4034 1255 4096; x_wconf 88' lang='lat' dir='ltr'><strong>et</strong></span> <span class='ocrx_word' id='word_1_461' title='bbox 1270 4031 1404 4096; x_wconf 76' lang='lat' dir='ltr'><strong>antonna</strong></span> <span class='ocrx_word' id='word_1_462' title='bbox 1417 4033 1593 4098; x_wconf 75' lang='lat' dir='ltr'><strong>condilum</strong></span> <span class='ocrx_word' id='word_1_463' title='bbox 1609 4051 1673 4112; x_wconf 86' lang='lat' dir='ltr'><strong>quo</strong></span> <span class='ocrx_word' id='word_1_464' title='bbox 1685 4036 1806 4100; x_wconf 80' lang='lat' dir='ltr'><strong>redimi</strong></span> 
     </span>
     <span class='ocr_line' id='line_1_40' title="bbox 150 4130 1807 4210; baseline 0 -14"><span class='ocrx_word' id='word_1_465' title='bbox 150 4133 276 4197; x_wconf 58' lang='lat' dir='ltr'><strong>mlum</strong></span> <span class='ocrx_word' id='word_1_466' title='bbox 298 4134 331 4196; x_wconf 87' lang='lat' dir='ltr'><strong>et</strong></span> <span class='ocrx_word' id='word_1_467' title='bbox 346 4135 480 4206; x_wconf 79' lang='lat' dir='ltr'><strong>terreno,</strong></span> <span class='ocrx_word' id='word_1_468' title='bbox 502 4150 577 4195; x_wconf 90' lang='lat' dir='ltr'><strong>oum</strong></span> <span class='ocrx_word' id='word_1_469' title='bbox 595 4149 646 4206; x_wconf 87' lang='lat' dir='ltr'><strong>eo,</strong></span> <span class='ocrx_word' id='word_1_470' title='bbox 663 4133 749 4196; x_wconf 86' lang='lat' dir='ltr'><strong>idest</strong></span> <span class='ocrx_word' id='word_1_471' title='bbox 765 4149 840 4196; x_wconf 86' lang='lat' dir='ltr'><strong>oum</strong></span> <span class='ocrx_word' id='word_1_472' title='bbox 855 4133 954 4198; x_wconf 83' lang='lat' dir='ltr'><strong>Petne</strong></span> <span class='ocrx_word' id='word_1_473' title='bbox 1006 4135 1209 4210; x_wconf 85' lang='lat' dir='ltr'><strong>poteramus,</strong></span> <span class='ocrx_word' id='word_1_474' title='bbox 1225 4131 1304 4208; x_wconf 79' lang='lat' dir='ltr'><strong>quia</strong></span> <span class='ocrx_word' id='word_1_475' title='bbox 1325 4130 1475 4194; x_wconf 78' lang='lat' dir='ltr'><strong>nonfuit</strong></span> <span class='ocrx_word' id='word_1_476' title='bbox 1489 4131 1574 4192; x_wconf 87' lang='lat' dir='ltr'><strong>alius</strong></span> <span class='ocrx_word' id='word_1_477' title='bbox 1589 4133 1807 4196; x_wconf 78' lang='lat' dir='ltr'><strong>excellentior</strong></span> 
     </span>
     <span class='ocr_line' id='line_1_41' title="bbox 155 4225 1803 4308; baseline 0 -16"><span class='ocrx_word' id='word_1_478' title='bbox 155 4233 230 4294; x_wconf 88' lang='lat' dir='ltr'><strong>erat</strong></span> <span class='ocrx_word' id='word_1_479' title='bbox 243 4232 361 4296; x_wconf 77' lang='lat' dir='ltr'><strong>emate</strong></span> <span class='ocrx_word' id='word_1_480' title='bbox 376 4247 589 4308; x_wconf 76' lang='lat' dir='ltr'><strong>componens.</strong></span> <span class='ocrx_word' id='word_1_481' title='bbox 604 4232 644 4294; x_wconf 81' lang='lat' dir='ltr'><strong>at</strong></span> <span class='ocrx_word' id='word_1_482' title='bbox 657 4231 693 4296; x_wconf 89' lang='lat' dir='ltr'><strong>in</strong></span> <span class='ocrx_word' id='word_1_483' title='bbox 710 4231 795 4294; x_wconf 85' lang='lat' dir='ltr'><strong>libro</strong></span> <span class='ocrx_word' id='word_1_484' title='bbox 809 4231 954 4308; x_wconf 88' lang='lat' dir='ltr'><strong>Sapien-</strong></span> <span class='ocrx_word' id='word_1_485' title='bbox 976 4225 977 4230; x_wconf 72' lang='grc'>’</span> <span class='ocrx_word' id='word_1_486' title='bbox 1006 4230 1125 4292; x_wconf 85' lang='lat' dir='ltr'><strong>modus</strong></span> <span class='ocrx_word' id='word_1_487' title='bbox 1146 4229 1181 4292; x_wconf 90' lang='lat' dir='ltr'><strong>in</strong></span> <span class='ocrx_word' id='word_1_488' title='bbox 1204 4245 1269 4308; x_wconf 84' lang='lat' dir='ltr'><strong>quo</strong></span> <span class='ocrx_word' id='word_1_489' title='bbox 1289 4227 1489 4293; x_wconf 76' lang='lat' dir='ltr'><strong>salvationis</strong></span> <span class='ocrx_word' id='word_1_490' title='bbox 1513 4229 1635 4292; x_wconf 77' lang='lat' dir='ltr'><strong>nostrae</strong></span> <span class='ocrx_word' id='word_1_491' title='bbox 1658 4229 1803 4305; x_wconf 81' lang='lat' dir='ltr'><strong>dignitas</strong></span> 
     </span>
     <span class='ocr_line' id='line_1_42' title="bbox 154 4325 1802 4412; baseline 0.001 -24"><span class='ocrx_word' id='word_1_492' title='bbox 154 4330 213 4395; x_wconf 77' lang='lat' dir='ltr'><strong>tiae</strong></span> <span class='ocrx_word' id='word_1_493' title='bbox 230 4333 327 4406; x_wconf 74' lang='lat' dir='ltr'><strong>:Epo</strong></span> <span class='ocrx_word' id='word_1_494' title='bbox 354 4343 401 4392; x_wconf 79' lang='lat' dir='ltr'><strong>eo</strong></span> <span class='ocrx_word' id='word_1_495' title='bbox 427 4344 488 4390; x_wconf 81' lang='lat' dir='ltr'><strong>ore</strong></span> <span class='ocrx_word' id='word_1_496' title='bbox 508 4331 677 4396; x_wconf 72' lang='lat' dir='ltr'><strong>Adranon</strong></span> <span class='ocrx_word' id='word_1_497' title='bbox 688 4332 805 4402; x_wconf 76' lang='lat' dir='ltr'><strong>prodii</strong></span> <span class='ocrx_word' id='word_1_498' title='bbox 817 4333 978 4412; x_wconf 62' lang='lat' dir='ltr'><strong>mmo-3</strong></span> <span class='ocrx_word' id='word_1_499' title='bbox 1005 4327 1195 4404; x_wconf 80' lang='lat' dir='ltr'><strong>appareret.</strong></span> <span class='ocrx_word' id='word_1_500' title='bbox 1217 4325 1348 4388; x_wconf 80' lang='lat' dir='ltr'><strong>Tertius</strong></span> <span class='ocrx_word' id='word_1_501' title='bbox 1378 4339 1457 4400; x_wconf 85' lang='lat' dir='ltr'><strong>ergo</strong></span> <span class='ocrx_word' id='word_1_502' title='bbox 1479 4339 1593 4386; x_wconf 84' lang='lat' dir='ltr'><strong>ramus</strong></span> <span class='ocrx_word' id='word_1_503' title='bbox 1618 4327 1669 4388; x_wconf 90' lang='lat' dir='ltr'><strong>est</strong></span> <span class='ocrx_word' id='word_1_504' title='bbox 1689 4327 1802 4404; x_wconf 85' lang='lat' dir='ltr'><strong>passio</strong></span> 
     </span>
     <span class='ocr_line' id='line_1_43' title="bbox 154 4420 1689 4505; baseline -0.005 -15"><span class='ocrx_word' id='word_1_505' title='bbox 154 4427 365 4503; x_wconf 72' lang='lat' dir='ltr'><strong>pendeatis</strong></span> <span class='ocrx_word' id='word_1_506' title='bbox 375 4424 849 4505; x_wconf 65' lang='lat' dir='ltr'><strong>mememm&#39;eotaromffloeli.</strong></span> <span class='ocrx_word' id='word_1_507' title='bbox 860 4441 952 4499; x_wconf 84' lang='lat' dir='ltr'><strong>xxvv,</strong></span> <span class='ocrx_word' id='word_1_508' title='bbox 1008 4423 1148 4498; x_wconf 62' lang='lat' dir='ltr'><strong>chriam</strong></span> <span class='ocrx_word' id='word_1_509' title='bbox 1165 4421 1292 4486; x_wconf 76' lang='lat' dir='ltr'><strong>eoam</strong></span> <span class='ocrx_word' id='word_1_510' title='bbox 1307 4424 1379 4499; x_wconf 68' lang='lat' dir='ltr'><strong>etos</strong></span> <span class='ocrx_word' id='word_1_511' title='bbox 1394 4420 1532 4498; x_wconf 84' lang='lat' dir='ltr'><strong>spiritus</strong></span> <span class='ocrx_word' id='word_1_512' title='bbox 1545 4423 1689 4493; x_wconf 84' lang='lat' dir='ltr'><strong>oonsiiii.</strong></span> 
     </span>
     <span class='ocr_line' id='line_1_44' title="bbox 149 4519 1804 4604; baseline 0 -19"><span class='ocrx_word' id='word_1_513' title='bbox 149 4523 201 4604; x_wconf 80' lang='grc'><strong>5).</strong></span> <span class='ocrx_word' id='word_1_514' title='bbox 217 4523 320 4590; x_wconf 85' lang='lat' dir='ltr'><strong>¹Unde</strong></span> <span class='ocrx_word' id='word_1_515' title='bbox 344 4523 550 4600; x_wconf 73' lang='lat' dir='ltr'><strong>augustinos</strong></span> <span class='ocrx_word' id='word_1_516' title='bbox 575 4525 611 4586; x_wconf 90' lang='lat' dir='ltr'><strong>in</strong></span> <span class='ocrx_word' id='word_1_517' title='bbox 637 4523 738 4587; x_wconf 83' lang='lat' dir='ltr'><strong>Libro</strong></span> <span class='ocrx_word' id='word_1_518' title='bbox 757 4524 899 4600; x_wconf 87' lang='lat' dir='ltr'><strong>septimo</strong></span> <span class='ocrx_word' id='word_1_519' title='bbox 913 4527 977 4588; x_wconf 75' lang='lat' dir='ltr'><strong>de</strong></span> <span class='ocrx_word' id='word_1_520' title='bbox 1049 4521 1192 4594; x_wconf 83' lang='lat' dir='ltr'><strong>Quartae</strong></span> <span class='ocrx_word' id='word_1_521' title='bbox 1214 4535 1328 4583; x_wconf 84' lang='lat' dir='ltr'><strong>remus</strong></span> <span class='ocrx_word' id='word_1_522' title='bbox 1347 4520 1401 4584; x_wconf 87' lang='lat' dir='ltr'><strong>est</strong></span> <span class='ocrx_word' id='word_1_523' title='bbox 1423 4519 1595 4584; x_wconf 81' lang='lat' dir='ltr'><strong>desoemm</strong></span> <span class='ocrx_word' id='word_1_524' title='bbox 1617 4520 1739 4583; x_wconf 78' lang='lat' dir='ltr'><strong>dormit</strong></span> <span class='ocrx_word' id='word_1_525' title='bbox 1761 4521 1804 4585; x_wconf 87' lang='lat' dir='ltr'><strong>ad</strong></span> 
     </span>
     <span class='ocr_line' id='line_1_45' title="bbox 155 4616 1803 4700; baseline -0.002 -14"><span class='ocrx_word' id='word_1_526' title='bbox 155 4623 326 4686; x_wconf 69' lang='lat' dir='ltr'><strong>Tranitote</strong></span> <span class='ocrx_word' id='word_1_527' title='bbox 341 4639 384 4682; x_wconf 74' lang='lat' dir='ltr'><strong>:a</strong></span> <span class='ocrx_word' id='word_1_528' title='bbox 405 4622 505 4684; x_wconf 85' lang='lat' dir='ltr'><strong>Pater</strong></span> <span class='ocrx_word' id='word_1_529' title='bbox 519 4623 575 4690; x_wconf 71' lang='lat' dir='ltr'><strong>est.</strong></span> <span class='ocrx_word' id='word_1_530' title='bbox 599 4621 781 4699; x_wconf 85' lang='lat' dir='ltr'><strong>Sapientia,</strong></span> <span class='ocrx_word' id='word_1_531' title='bbox 802 4621 836 4686; x_wconf 91' lang='lat' dir='ltr'><strong>et</strong></span> <span class='ocrx_word' id='word_1_532' title='bbox 849 4621 954 4688; x_wconf 74' lang='lat' dir='ltr'><strong>Filius</strong></span> <span class='ocrx_word' id='word_1_533' title='bbox 975 4691 978 4700; x_wconf 58' lang='grc'><strong>,</strong></span> <span class='ocrx_word' id='word_1_534' title='bbox 1006 4619 1146 4689; x_wconf 69' lang='lat' dir='ltr'><strong>Meros.</strong></span> <span class='ocrx_word' id='word_1_535' title='bbox 1176 4619 1242 4684; x_wconf 86' lang='lat' dir='ltr'><strong>Iste</strong></span> <span class='ocrx_word' id='word_1_536' title='bbox 1264 4631 1378 4683; x_wconf 82' lang='lat' dir='ltr'><strong>nemas</strong></span> <span class='ocrx_word' id='word_1_537' title='bbox 1403 4616 1502 4683; x_wconf 79' lang='lat' dir='ltr'><strong>lonis</strong></span> <span class='ocrx_word' id='word_1_538' title='bbox 1527 4617 1560 4680; x_wconf 90' lang='lat' dir='ltr'><strong>et</strong></span> <span class='ocrx_word' id='word_1_539' title='bbox 1581 4619 1803 4691; x_wconf 81' lang='lat' dir='ltr'><strong>necessarius,</strong></span> 
     </span>
     <span class='ocr_line' id='line_1_46' title="bbox 154 4715 1806 4797; baseline -0.001 -17"><span class='ocrx_word' id='word_1_540' title='bbox 154 4719 279 4782; x_wconf 86' lang='lat' dir='ltr'><strong>dieitur</strong></span> <span class='ocrx_word' id='word_1_541' title='bbox 295 4719 467 4797; x_wconf 80' lang='lat' dir='ltr'><strong>Sapientia</strong></span> <span class='ocrx_word' id='word_1_542' title='bbox 493 4719 613 4793; x_wconf 86' lang='lat' dir='ltr'><strong>Petris,</strong></span> <span class='ocrx_word' id='word_1_543' title='bbox 640 4719 746 4787; x_wconf 83' lang='lat' dir='ltr'><strong>Filius</strong></span> <span class='ocrx_word' id='word_1_544' title='bbox 761 4719 874 4788; x_wconf 82' lang='lat' dir='ltr'><strong>lumen</strong></span> <span class='ocrx_word' id='word_1_545' title='bbox 888 4723 956 4782; x_wconf 86' lang='lat' dir='ltr'><strong>Pa·</strong></span> <span class='ocrx_word' id='word_1_546' title='bbox 1008 4717 1142 4796; x_wconf 89' lang='lat' dir='ltr'><strong>quando</strong></span> <span class='ocrx_word' id='word_1_547' title='bbox 1157 4717 1307 4782; x_wconf 79' lang='lat' dir='ltr'><strong>Christus</strong></span> <span class='ocrx_word' id='word_1_548' title='bbox 1325 4715 1604 4782; x_wconf 81' lang='lat' dir='ltr'><strong>lontiorarmetus</strong></span> <span class='ocrx_word' id='word_1_549' title='bbox 1618 4717 1757 4780; x_wconf 86' lang='lat' dir='ltr'><strong>intravit</strong></span> <span class='ocrx_word' id='word_1_550' title='bbox 1769 4718 1806 4780; x_wconf 88' lang='lat' dir='ltr'><strong>in</strong></span> 
     </span>
     <span class='ocr_line' id='line_1_47' title="bbox 153 4814 1806 4896; baseline 0.001 -17"><span class='ocrx_word' id='word_1_551' title='bbox 153 4817 218 4884; x_wconf 84' lang='lat' dir='ltr'><strong>tris</strong></span> <span class='ocrx_word' id='word_1_552' title='bbox 232 4819 294 4888; x_wconf 84' lang='lat' dir='ltr'><strong>est,</strong></span> <span class='ocrx_word' id='word_1_553' title='bbox 312 4818 425 4885; x_wconf 90' lang='lat' dir='ltr'><strong>lumen</strong></span> <span class='ocrx_word' id='word_1_554' title='bbox 446 4817 639 4891; x_wconf 83' lang='lat' dir='ltr'><strong>delumine,</strong></span> <span class='ocrx_word' id='word_1_555' title='bbox 656 4819 795 4896; x_wconf 69' lang='lat' dir='ltr'><strong>uterum</strong></span> <span class='ocrx_word' id='word_1_556' title='bbox 815 4819 867 4884; x_wconf 84' lang='lat' dir='ltr'><strong>est</strong></span> <span class='ocrx_word' id='word_1_557' title='bbox 888 4833 955 4885; x_wconf 82' lang='lat' dir='ltr'><strong>une</strong></span> <span class='ocrx_word' id='word_1_558' title='bbox 1008 4817 1143 4882; x_wconf 89' lang='lat' dir='ltr'><strong>domum</strong></span> <span class='ocrx_word' id='word_1_559' title='bbox 1161 4816 1268 4885; x_wconf 83' lang='lat' dir='ltr'><strong>tontis.</strong></span> <span class='ocrx_word' id='word_1_560' title='bbox 1282 4815 1414 4880; x_wconf 86' lang='lat' dir='ltr'><strong>soilioet</strong></span> <span class='ocrx_word' id='word_1_561' title='bbox 1429 4815 1466 4878; x_wconf 88' lang='lat' dir='ltr'><strong>in</strong></span> <span class='ocrx_word' id='word_1_562' title='bbox 1485 4814 1663 4886; x_wconf 84' lang='lat' dir='ltr'><strong>internum,</strong></span> <span class='ocrx_word' id='word_1_563' title='bbox 1680 4817 1713 4878; x_wconf 86' lang='lat' dir='ltr'><strong>et</strong></span> <span class='ocrx_word' id='word_1_564' title='bbox 1724 4831 1806 4880; x_wconf 82' lang='lat' dir='ltr'><strong>vasa</strong></span> 
     </span>
     <span class='ocr_line' id='line_1_48' title="bbox 154 4913 1807 4994; baseline 0 -19"><span class='ocrx_word' id='word_1_565' title='bbox 154 4916 323 4994; x_wconf 81' lang='lat' dir='ltr'><strong>sapientia</strong></span> <span class='ocrx_word' id='word_1_566' title='bbox 332 4919 365 4980; x_wconf 90' lang='lat' dir='ltr'><strong>et</strong></span> <span class='ocrx_word' id='word_1_567' title='bbox 378 4931 443 4981; x_wconf 89' lang='lat' dir='ltr'><strong>una</strong></span> <span class='ocrx_word' id='word_1_568' title='bbox 458 4917 652 4983; x_wconf 77' lang='lat' dir='ltr'><strong>emenda.»</strong></span> <span class='ocrx_word' id='word_1_569' title='bbox 1007 4918 1082 4994; x_wconf 85' lang='lat' dir='ltr'><strong>ejus</strong></span> <span class='ocrx_word' id='word_1_570' title='bbox 1104 4914 1254 4991; x_wconf 85' lang='lat' dir='ltr'><strong>diripuit,</strong></span> <span class='ocrx_word' id='word_1_571' title='bbox 1276 4916 1311 4976; x_wconf 89' lang='lat' dir='ltr'><strong>et</strong></span> <span class='ocrx_word' id='word_1_572' title='bbox 1335 4913 1618 4990; x_wconf 79' lang='lat' dir='ltr'><strong>oontrivitpontas</strong></span> <span class='ocrx_word' id='word_1_573' title='bbox 1632 4927 1750 4984; x_wconf 84' lang='lat' dir='ltr'><strong>aereas,</strong></span> <span class='ocrx_word' id='word_1_574' title='bbox 1772 4914 1807 4976; x_wconf 86' lang='lat' dir='ltr'><strong>et</strong></span> 
     </span>
     <span class='ocr_line' id='line_1_49' title="bbox 195 5009 1808 5092; baseline -0.003 -15"><span class='ocrx_word' id='word_1_575' title='bbox 195 5015 283 5077; x_wconf 83' lang='lat' dir='ltr'><strong>Nam</strong></span> <span class='ocrx_word' id='word_1_576' title='bbox 312 5013 478 5092; x_wconf 81' lang='lat' dir='ltr'><strong>sapientia</strong></span> <span class='ocrx_word' id='word_1_577' title='bbox 508 5013 614 5076; x_wconf 89' lang='lat' dir='ltr'><strong>vinoit</strong></span> <span class='ocrx_word' id='word_1_578' title='bbox 644 5013 828 5092; x_wconf 80' lang='lat' dir='ltr'><strong>malitiam3</strong></span> <span class='ocrx_word' id='word_1_579' title='bbox 859 5029 953 5091; x_wconf 83' lang='lat' dir='ltr'><strong>quae,</strong></span> <span class='ocrx_word' id='word_1_580' title='bbox 1010 5013 1121 5076; x_wconf 80' lang='lat' dir='ltr'><strong>vectes</strong></span> <span class='ocrx_word' id='word_1_581' title='bbox 1133 5011 1261 5075; x_wconf 83' lang='lat' dir='ltr'><strong>terreae</strong></span> <span class='ocrx_word' id='word_1_582' title='bbox 1272 5009 1445 5086; x_wconf 56' lang='lat' dir='ltr'><strong>meinent.</strong></span> <span class='ocrx_word' id='word_1_583' title='bbox 1460 5009 1701 5074; x_wconf 79' lang='lat' dir='ltr'><strong>infortitudine</strong></span> <span class='ocrx_word' id='word_1_584' title='bbox 1711 5023 1808 5074; x_wconf 86' lang='lat' dir='ltr'><strong>nam-</strong></span> 
     </span>
     <span class='ocr_line' id='line_1_50' title="bbox 158 5105 1806 5190; baseline -0.002 -15"><span class='ocrx_word' id='word_1_585' title='bbox 158 5110 337 5177; x_wconf 78' lang='lat' dir='ltr'><strong>Salomme</strong></span> <span class='ocrx_word' id='word_1_586' title='bbox 349 5110 445 5183; x_wconf 87' lang='lat' dir='ltr'><strong>teste,</strong></span> <span class='ocrx_word' id='word_1_587' title='bbox 466 5109 635 5188; x_wconf 79' lang='lat' dir='ltr'><strong>attingite</strong></span> <span class='ocrx_word' id='word_1_588' title='bbox 652 5111 719 5178; x_wconf 85' lang='lat' dir='ltr'><strong>fine</strong></span> <span class='ocrx_word' id='word_1_589' title='bbox 733 5127 838 5190; x_wconf 82' lang='lat' dir='ltr'><strong>usque</strong></span> <span class='ocrx_word' id='word_1_590' title='bbox 854 5111 896 5172; x_wconf 85' lang='lat' dir='ltr'><strong>ed</strong></span> <span class='ocrx_word' id='word_1_591' title='bbox 915 5111 957 5172; x_wconf 85' lang='lat' dir='ltr'><strong>fl·</strong></span> <span class='ocrx_word' id='word_1_592' title='bbox 1011 5126 1075 5190; x_wconf 86' lang='lat' dir='ltr'><strong>que</strong></span> <span class='ocrx_word' id='word_1_593' title='bbox 1094 5107 1264 5184; x_wconf 85' lang='lat' dir='ltr'><strong>deseendit</strong></span> <span class='ocrx_word' id='word_1_594' title='bbox 1290 5105 1332 5170; x_wconf 88' lang='lat' dir='ltr'><strong>ad</strong></span> <span class='ocrx_word' id='word_1_595' title='bbox 1353 5107 1482 5171; x_wconf 76' lang='lat' dir='ltr'><strong>intends</strong></span> <span class='ocrx_word' id='word_1_596' title='bbox 1499 5106 1670 5187; x_wconf 78' lang='lat' dir='ltr'><strong>tamquam</strong></span> <span class='ocrx_word' id='word_1_597' title='bbox 1689 5107 1806 5183; x_wconf 82' lang='lat' dir='ltr'><strong>potens</strong></span> 
     </span>
     <span class='ocr_line' id='line_1_51' title="bbox 157 5204 1809 5286; baseline -0.004 -13"><span class='ocrx_word' id='word_1_598' title='bbox 157 5225 236 5276; x_wconf 76' lang='lat' dir='ltr'><strong>nem</strong></span> <span class='ocrx_word' id='word_1_599' title='bbox 250 5207 390 5281; x_wconf 77' lang='lat' dir='ltr'><strong>fortiter,</strong></span> <span class='ocrx_word' id='word_1_600' title='bbox 412 5210 450 5271; x_wconf 86' lang='lat' dir='ltr'><strong>et</strong></span> <span class='ocrx_word' id='word_1_601' title='bbox 469 5208 617 5286; x_wconf 87' lang='lat' dir='ltr'><strong>disponit</strong></span> <span class='ocrx_word' id='word_1_602' title='bbox 637 5209 750 5273; x_wconf 88' lang='lat' dir='ltr'><strong>omnia</strong></span> <span class='ocrx_word' id='word_1_603' title='bbox 773 5208 957 5276; x_wconf 85' lang='lat' dir='ltr'><strong>suavitera</strong></span> <span class='ocrx_word' id='word_1_604' title='bbox 1011 5206 1239 5285; x_wconf 77' lang='lat' dir='ltr'><strong>crapulatusa</strong></span> <span class='ocrx_word' id='word_1_605' title='bbox 1259 5204 1351 5266; x_wconf 87' lang='lat' dir='ltr'><strong>vino.</strong></span> <span class='ocrx_word' id='word_1_606' title='bbox 1378 5206 1464 5281; x_wconf 76' lang='lat' dir='ltr'><strong>Engo</strong></span> <span class='ocrx_word' id='word_1_607' title='bbox 1479 5204 1615 5281; x_wconf 72' lang='lat' dir='ltr'><strong>puerum</strong></span> <span class='ocrx_word' id='word_1_608' title='bbox 1630 5219 1743 5268; x_wconf 87' lang='lat' dir='ltr'><strong>namus</strong></span> <span class='ocrx_word' id='word_1_609' title='bbox 1757 5206 1809 5267; x_wconf 88' lang='lat' dir='ltr'><strong>est</strong></span> 
     </span>
     <span class='ocr_line' id='line_1_52' title="bbox 157 5299 1809 5384; baseline -0.001 -16"><span class='ocrx_word' id='word_1_610' title='bbox 157 5321 289 5370; x_wconf 87' lang='lat' dir='ltr'><strong>sommo</strong></span> <span class='ocrx_word' id='word_1_611' title='bbox 314 5306 409 5378; x_wconf 75' lang='lat' dir='ltr'><strong>doeio,</strong></span> <span class='ocrx_word' id='word_1_612' title='bbox 438 5305 535 5378; x_wconf 87' lang='lat' dir='ltr'><strong>idest,</strong></span> <span class='ocrx_word' id='word_1_613' title='bbox 565 5304 607 5370; x_wconf 82' lang='lat' dir='ltr'><strong>ab</strong></span> <span class='ocrx_word' id='word_1_614' title='bbox 640 5321 796 5384; x_wconf 82' lang='lat' dir='ltr'><strong>empyreo</strong></span> <span class='ocrx_word' id='word_1_615' title='bbox 826 5306 958 5372; x_wconf 82' lang='lat' dir='ltr'><strong>sortiter</strong></span> <span class='ocrx_word' id='word_1_616' title='bbox 1012 5307 1192 5368; x_wconf 83' lang='lat' dir='ltr'><strong>descensus</strong></span> <span class='ocrx_word' id='word_1_617' title='bbox 1211 5301 1255 5364; x_wconf 85' lang='lat' dir='ltr'><strong>ad</strong></span> <span class='ocrx_word' id='word_1_618' title='bbox 1274 5300 1421 5377; x_wconf 79' lang='lat' dir='ltr'><strong>inieras3</strong></span> <span class='ocrx_word' id='word_1_619' title='bbox 1435 5299 1566 5364; x_wconf 78' lang='lat' dir='ltr'><strong>truotu&#39;s</strong></span> <span class='ocrx_word' id='word_1_620' title='bbox 1580 5303 1653 5378; x_wconf 86' lang='lat' dir='ltr'><strong>ejus</strong></span> <span class='ocrx_word' id='word_1_621' title='bbox 1671 5301 1809 5379; x_wconf 87' lang='lat' dir='ltr'><strong>spiritus</strong></span> 
     </span>
     <span class='ocr_line' id='line_1_53' title="bbox 155 5399 1227 5484; baseline -0.006 -16"><span class='ocrx_word' id='word_1_622' title='bbox 155 5404 280 5484; x_wconf 40' lang='lat' dir='ltr'><strong>¹dejooit</strong></span> <span class='ocrx_word' id='word_1_623' title='bbox 293 5405 539 5483; x_wconf 82' lang='lat' dir='ltr'><strong>superbientem</strong></span> <span class='ocrx_word' id='word_1_624' title='bbox 558 5405 739 5474; x_wconf 83' lang='lat' dir='ltr'><strong>diabolum,</strong></span> <span class='ocrx_word' id='word_1_625' title='bbox 759 5406 793 5470; x_wconf 91' lang='lat' dir='ltr'><strong>et</strong></span> <span class='ocrx_word' id='word_1_626' title='bbox 810 5405 959 5472; x_wconf 85' lang='lat' dir='ltr'><strong>suaviter</strong></span> <span class='ocrx_word' id='word_1_627' title='bbox 1012 5399 1227 5467; x_wconf 83' lang='lat' dir='ltr'><strong>tortitudinis.</strong></span> 
     </span>
     <span class='ocr_line' id='line_1_54' title="bbox 158 5495 1810 5585; baseline -0.004 -19"><span class='ocrx_word' id='word_1_628' title='bbox 158 5503 324 5582; x_wconf 85' lang='lat' dir='ltr'><strong>disposuit</strong></span> <span class='ocrx_word' id='word_1_629' title='bbox 342 5504 377 5566; x_wconf 90' lang='lat' dir='ltr'><strong>io</strong></span> <span class='ocrx_word' id='word_1_630' title='bbox 394 5501 538 5585; x_wconf 84' lang='lat' dir='ltr'><strong>[sonum]</strong></span> <span class='ocrx_word' id='word_1_631' title='bbox 555 5503 782 5568; x_wconf 77' lang='lat' dir='ltr'><strong>mnfirmando</strong></span> <span class='ocrx_word' id='word_1_632' title='bbox 801 5503 960 5566; x_wconf 86' lang='lat' dir='ltr'><strong>obedien·</strong></span> <span class='ocrx_word' id='word_1_633' title='bbox 1054 5500 1193 5575; x_wconf 79' lang='lat' dir='ltr'><strong>omnus</strong></span> <span class='ocrx_word' id='word_1_634' title='bbox 1206 5499 1385 5564; x_wconf 73' lang='lat' dir='ltr'><strong>mmusest</strong></span> <span class='ocrx_word' id='word_1_635' title='bbox 1395 5497 1611 5570; x_wconf 82' lang='lat' dir='ltr'><strong>responsotia,</strong></span> <span class='ocrx_word' id='word_1_636' title='bbox 1627 5495 1660 5559; x_wconf 91' lang='lat' dir='ltr'><strong>et</strong></span> <span class='ocrx_word' id='word_1_637' title='bbox 1671 5497 1726 5560; x_wconf 85' lang='lat' dir='ltr'><strong>hio</strong></span> <span class='ocrx_word' id='word_1_638' title='bbox 1736 5513 1810 5575; x_wconf 88' lang='lat' dir='ltr'><strong>pre·</strong></span> 
     </span>
     <span class='ocr_line' id='line_1_55' title="bbox 158 5594 1810 5678; baseline -0.003 -13"><span class='ocrx_word' id='word_1_639' title='bbox 158 5605 225 5665; x_wconf 91' lang='lat' dir='ltr'><strong>tem</strong></span> <span class='ocrx_word' id='word_1_640' title='bbox 238 5602 405 5678; x_wconf 86' lang='lat' dir='ltr'><strong>angelum.</strong></span> <span class='ocrx_word' id='word_1_641' title='bbox 421 5603 560 5665; x_wconf 85' lang='lat' dir='ltr'><strong>interro</strong></span> <span class='ocrx_word' id='word_1_642' title='bbox 572 5601 704 5666; x_wconf 82' lang='lat' dir='ltr'><strong>sortiter</strong></span> <span class='ocrx_word' id='word_1_643' title='bbox 714 5617 795 5664; x_wconf 88' lang='lat' dir='ltr'><strong>vasa</strong></span> <span class='ocrx_word' id='word_1_644' title='bbox 805 5600 897 5663; x_wconf 86' lang='lat' dir='ltr'><strong>illius</strong></span> <span class='ocrx_word' id='word_1_645' title='bbox 907 5601 961 5663; x_wconf 90' lang='lat' dir='ltr'><strong>di-</strong></span> <span class='ocrx_word' id='word_1_646' title='bbox 1012 5601 1120 5663; x_wconf 85' lang='lat' dir='ltr'><strong>tiosos</strong></span> <span class='ocrx_word' id='word_1_647' title='bbox 1133 5598 1166 5662; x_wconf 92' lang='lat' dir='ltr'><strong>et</strong></span> <span class='ocrx_word' id='word_1_648' title='bbox 1179 5597 1402 5669; x_wconf 76' lang='lat' dir='ltr'><strong>necessarius,</strong></span> <span class='ocrx_word' id='word_1_649' title='bbox 1419 5595 1497 5674; x_wconf 75' lang='lat' dir='ltr'><strong>oola</strong></span> <span class='ocrx_word' id='word_1_650' title='bbox 1513 5594 1552 5658; x_wconf 88' lang='lat' dir='ltr'><strong>in</strong></span> <span class='ocrx_word' id='word_1_651' title='bbox 1566 5597 1810 5660; x_wconf 82' lang='lat' dir='ltr'><strong>resumeotione</strong></span> 
     </span>
    </p>
   </div>
   <div class='ocr_carea' id='block_1_4' title="bbox 0 0 2104 6404">
    <p class='ocr_par' dir='ltr' id='par_1_4' title="bbox 0 0 2104 6404">
     <span class='ocr_line' id='line_1_56' title="bbox 0 0 2104 6404; baseline 0 0"><span class='ocrx_word' id='word_1_652' title='bbox 0 0 2104 6404; x_wconf 95' lang='lat' dir='ltr'><strong> </strong></span> 
     </span>
    </p>
   </div>
  </div>
 </body>
</html>
