<?xml version="1.0" encoding="UTF-8"?>
<!DOCTYPE html PUBLIC "-//W3C//DTD XHTML 1.0 Transitional//EN"
    "http://www.w3.org/TR/xhtml1/DTD/xhtml1-transitional.dtd">
<html xmlns="http://www.w3.org/1999/xhtml" xml:lang="en" lang="en">
 <head>
  <title>
</title>
<meta http-equiv="Content-Type" content="text/html;charset=utf-8" />
  <meta name='ocr-system' content='tesseract 3.04.00' />
  <meta name='ocr-capabilities' content='ocr_page ocr_carea ocr_par ocr_line ocrx_word'/>
</head>
<body>
  <div class='ocr_page' id='page_1' title='image "./mediiaevibiblio02unkngoog_0248.png"; bbox 0 0 4214 6400; ppageno 0'>
   <div class='ocr_carea' id='block_1_1' title="bbox 139 303 1786 400">
    <p class='ocr_par' dir='ltr' id='par_1_1' title="bbox 139 303 1786 400">
     <span class='ocr_line' id='line_1_1' title="bbox 139 303 1786 400; baseline -0.001 -29"><span class='ocrx_word' id='word_1_1' title='bbox 139 312 178 372; x_wconf 82' lang='lat'><strong>17</strong></span> <span class='ocrx_word' id='word_1_2' title='bbox 773 303 1002 366; x_wconf 77' lang='lat' dir='ltr'><strong>nrrsrouAE.</strong></span> <span class='ocrx_word' id='word_1_3' title='bbox 1026 306 1106 366; x_wconf 82' lang='grc'><strong>111-</strong></span> <span class='ocrx_word' id='word_1_4' title='bbox 1127 305 1152 365; x_wconf 91' lang='grc'><strong>1.</strong></span> <span class='ocrx_word' id='word_1_5' title='bbox 1748 309 1786 400; x_wconf 83' lang='grc'><strong>11</strong></span> 
     </span>
    </p>
   </div>
   <div class='ocr_carea' id='block_1_2' title="bbox 130 462 1786 2486">
    <p class='ocr_par' dir='ltr' id='par_1_2' title="bbox 130 462 1786 2198">
     <span class='ocr_line' id='line_1_2' title="bbox 133 462 1785 546; baseline 0.001 -18"><span class='ocrx_word' id='word_1_6' title='bbox 133 472 213 546; x_wconf 87' lang='lat' dir='ltr'><strong>jura</strong></span> <span class='ocrx_word' id='word_1_7' title='bbox 229 463 432 544; x_wconf 89' lang='lat' dir='ltr'><strong>episcopalia</strong></span> <span class='ocrx_word' id='word_1_8' title='bbox 445 465 482 526; x_wconf 93' lang='lat' dir='ltr'><strong>in</strong></span> <span class='ocrx_word' id='word_1_9' title='bbox 496 462 664 542; x_wconf 88' lang='lat' dir='ltr'><strong>praedictis</strong></span> <span class='ocrx_word' id='word_1_10' title='bbox 677 463 826 527; x_wconf 92' lang='lat' dir='ltr'><strong>ecclesiis</strong></span> <span class='ocrx_word' id='word_1_11' title='bbox 837 480 937 528; x_wconf 84' lang='lat' dir='ltr'><strong>exer-</strong></span> <span class='ocrx_word' id='word_1_12' title='bbox 987 463 1076 526; x_wconf 91' lang='lat' dir='ltr'><strong>idem</strong></span> <span class='ocrx_word' id='word_1_13' title='bbox 1092 463 1341 534; x_wconf 90' lang='lat' dir='ltr'><strong>monasterium,</strong></span> <span class='ocrx_word' id='word_1_14' title='bbox 1358 466 1391 526; x_wconf 92' lang='grc'><strong>11</strong></span> <span class='ocrx_word' id='word_1_15' title='bbox 1405 465 1517 528; x_wconf 89' lang='lat' dir='ltr'><strong>omnia</strong></span> <span class='ocrx_word' id='word_1_16' title='bbox 1532 481 1605 542; x_wconf 84' lang='lat' dir='ltr'><strong>quae</strong></span> <span class='ocrx_word' id='word_1_17' title='bbox 1620 467 1785 544; x_wconf 88' lang='lat' dir='ltr'><strong>adipsum</strong></span> 
     </span>
     <span class='ocr_line' id='line_1_3' title="bbox 137 560 1783 641; baseline 0.001 -16"><span class='ocrx_word' id='word_1_18' title='bbox 137 563 342 640; x_wconf 73' lang='lat' dir='ltr'><strong>condignae</strong></span> <span class='ocrx_word' id='word_1_19' title='bbox 369 563 549 624; x_wconf 88' lang='lat' dir='ltr'><strong>secundum</strong></span> <span class='ocrx_word' id='word_1_20' title='bbox 571 563 671 624; x_wconf 92' lang='lat' dir='ltr'><strong>etiam</strong></span> <span class='ocrx_word' id='word_1_21' title='bbox 694 560 935 626; x_wconf 83' lang='lat' dir='ltr'><strong>consessionem</strong></span> <span class='ocrx_word' id='word_1_22' title='bbox 989 561 1155 638; x_wconf 83' lang='lat' dir='ltr'>pertinent</span> <span class='ocrx_word' id='word_1_23' title='bbox 1169 561 1267 638; x_wconf 90' lang='lat' dir='ltr'><strong>pleno</strong></span> <span class='ocrx_word' id='word_1_24' title='bbox 1284 563 1361 639; x_wconf 87' lang='lat' dir='ltr'><strong>jnre</strong></span> <span class='ocrx_word' id='word_1_25' title='bbox 1381 563 1493 640; x_wconf 85' lang='lat' dir='ltr'><strong>quieta</strong></span> <span class='ocrx_word' id='word_1_26' title='bbox 1518 579 1660 641; x_wconf 79' lang='lat' dir='ltr'>semper,</span> <span class='ocrx_word' id='word_1_27' title='bbox 1684 565 1717 626; x_wconf 90' lang='grc'><strong>11</strong></span> <span class='ocrx_word' id='word_1_28' title='bbox 1742 565 1783 626; x_wconf 91' lang='lat' dir='ltr'><strong>ab</strong></span> 
     </span>
     <span class='ocr_line' id='line_1_4' title="bbox 137 659 1784 737; baseline -0.001 -13"><span class='ocrx_word' id='word_1_29' title='bbox 137 663 230 724; x_wconf 89' lang='lat' dir='ltr'><strong>tuam</strong></span> <span class='ocrx_word' id='word_1_30' title='bbox 239 663 318 723; x_wconf 91' lang='lat' dir='ltr'><strong>sunt</strong></span> <span class='ocrx_word' id='word_1_31' title='bbox 330 661 364 720; x_wconf 93' lang='lat' dir='ltr'><strong>in</strong></span> <span class='ocrx_word' id='word_1_32' title='bbox 376 660 514 722; x_wconf 87' lang='lat' dir='ltr'><strong>dioecesi</strong></span> <span class='ocrx_word' id='word_1_33' title='bbox 528 660 743 728; x_wconf 84' lang='lat' dir='ltr'><strong>Thuamensi,</strong></span> <span class='ocrx_word' id='word_1_34' title='bbox 754 660 933 737; x_wconf 89' lang='lat' dir='ltr'><strong>prohibuit,</strong></span> <span class='ocrx_word' id='word_1_35' title='bbox 989 659 1185 736; x_wconf 84' lang='lat' dir='ltr'><strong>omnijuga</strong></span> <span class='ocrx_word' id='word_1_36' title='bbox 1213 659 1402 721; x_wconf 80' lang='lat' dir='ltr'>mortalium</span> <span class='ocrx_word' id='word_1_37' title='bbox 1441 661 1549 722; x_wconf 89' lang='lat' dir='ltr'><strong>libera</strong></span> <span class='ocrx_word' id='word_1_38' title='bbox 1584 662 1645 722; x_wconf 89' lang='lat' dir='ltr'><strong>sub</strong></span> <span class='ocrx_word' id='word_1_39' title='bbox 1680 663 1784 724; x_wconf 89' lang='lat' dir='ltr'><strong>solius</strong></span> 
     </span>
     <span class='ocr_line' id='line_1_5' title="bbox 138 757 1785 836; baseline 0 -16"><span class='ocrx_word' id='word_1_40' title='bbox 138 775 182 820; x_wconf 93' lang='lat' dir='ltr'><strong>ne</strong></span> <span class='ocrx_word' id='word_1_41' title='bbox 196 761 232 820; x_wconf 90' lang='lat' dir='ltr'><strong>tu</strong></span> <span class='ocrx_word' id='word_1_42' title='bbox 246 759 354 836; x_wconf 90' lang='lat' dir='ltr'><strong>ipsum</strong></span> <span class='ocrx_word' id='word_1_43' title='bbox 376 773 475 835; x_wconf 88' lang='lat' dir='ltr'><strong>super</strong></span> <span class='ocrx_word' id='word_1_44' title='bbox 494 757 620 818; x_wconf 89' lang='lat' dir='ltr'><strong>eisdem</strong></span> <span class='ocrx_word' id='word_1_45' title='bbox 642 758 792 819; x_wconf 90' lang='lat' dir='ltr'><strong>ecclesiis</strong></span> <span class='ocrx_word' id='word_1_46' title='bbox 816 759 850 819; x_wconf 92' lang='lat' dir='ltr'><strong>et</strong></span> <span class='ocrx_word' id='word_1_47' title='bbox 872 773 933 818; x_wconf 91' lang='lat' dir='ltr'><strong>ea·</strong></span> <span class='ocrx_word' id='word_1_48' title='bbox 989 757 1113 818; x_wconf 72' lang='lat' dir='ltr'><strong>sanctae</strong></span> <span class='ocrx_word' id='word_1_49' title='bbox 1128 759 1285 818; x_wconf 88' lang='lat' dir='ltr'><strong>Romanae</strong></span> <span class='ocrx_word' id='word_1_50' title='bbox 1300 757 1456 818; x_wconf 79' lang='lat' dir='ltr'><strong>Ecclesiae</strong></span> <span class='ocrx_word' id='word_1_51' title='bbox 1467 761 1544 834; x_wconf 89' lang='lat' dir='ltr'><strong>jure</strong></span> <span class='ocrx_word' id='word_1_52' title='bbox 1568 775 1607 820; x_wconf 89' lang='lat' dir='ltr'><strong>ac</strong></span> <span class='ocrx_word' id='word_1_53' title='bbox 1626 760 1785 836; x_wconf 89' lang='lat' dir='ltr'><strong>perpetua</strong></span> 
     </span>
     <span class='ocr_line' id='line_1_6' title="bbox 137 852 1786 934; baseline 0.001 -18"><span class='ocrx_word' id='word_1_54' title='bbox 137 856 289 916; x_wconf 81' lang='lat' dir='ltr'><strong>rumdam</strong></span> <span class='ocrx_word' id='word_1_55' title='bbox 319 853 529 933; x_wconf 81' lang='lat' dir='ltr'><strong>pertinentiis</strong></span> <span class='ocrx_word' id='word_1_56' title='bbox 551 854 727 933; x_wconf 89' lang='lat' dir='ltr'><strong>inquietes.</strong></span> <span class='ocrx_word' id='word_1_57' title='bbox 762 857 812 916; x_wconf 90' lang='lat' dir='ltr'><strong>Ne</strong></span> <span class='ocrx_word' id='word_1_58' title='bbox 833 854 936 931; x_wconf 87' lang='lat' dir='ltr'><strong>igitur</strong></span> <span class='ocrx_word' id='word_1_59' title='bbox 989 852 1179 914; x_wconf 81' lang='lat' dir='ltr'><strong>defensione</strong></span> <span class='ocrx_word' id='word_1_60' title='bbox 1200 854 1395 916; x_wconf 90' lang='lat' dir='ltr'><strong>consistant.</strong></span> <span class='ocrx_word' id='word_1_61' title='bbox 1420 856 1588 917; x_wconf 85' lang='lat' dir='ltr'><strong>Praeterea</strong></span> <span class='ocrx_word' id='word_1_62' title='bbox 1607 873 1786 934; x_wconf 88' lang='lat' dir='ltr'><strong>quascum-</strong></span> 
     </span>
     <span class='ocr_line' id='line_1_7' title="bbox 137 951 1783 1035; baseline 0.001 -21"><span class='ocrx_word' id='word_1_63' title='bbox 137 953 337 1035; x_wconf 81' lang='lat' dir='ltr'><strong>saepedictus</strong></span> <span class='ocrx_word' id='word_1_64' title='bbox 359 951 581 1014; x_wconf 87' lang='lat' dir='ltr'><strong>Tlruamensis</strong></span> <span class='ocrx_word' id='word_1_65' title='bbox 616 953 791 1014; x_wconf 83' lang='lat' dir='ltr'><strong>occasione</strong></span> <span class='ocrx_word' id='word_1_66' title='bbox 820 951 936 1014; x_wconf 89' lang='lat' dir='ltr'><strong>verbo-</strong></span> <span class='ocrx_word' id='word_1_67' title='bbox 989 966 1052 1026; x_wconf 87' lang='lat' dir='ltr'><strong>que</strong></span> <span class='ocrx_word' id='word_1_68' title='bbox 1078 951 1318 1026; x_wconf 90' lang='lat' dir='ltr'><strong>possessiones‚</strong></span> <span class='ocrx_word' id='word_1_69' title='bbox 1347 969 1561 1030; x_wconf 87' lang='lat' dir='ltr'><strong>quaecumque</strong></span> <span class='ocrx_word' id='word_1_70' title='bbox 1580 952 1676 1028; x_wconf 56' lang='lat' dir='ltr'><strong>,hona</strong></span> <span class='ocrx_word' id='word_1_71' title='bbox 1697 953 1783 1015; x_wconf 91' lang='lat' dir='ltr'><strong>idem</strong></span> 
     </span>
     <span class='ocr_line' id='line_1_8' title="bbox 136 1049 1783 1129; baseline 0 -17"><span class='ocrx_word' id='word_1_72' title='bbox 136 1067 212 1112; x_wconf 92' lang='lat' dir='ltr'><strong>rum</strong></span> <span class='ocrx_word' id='word_1_73' title='bbox 225 1051 371 1122; x_wconf 92' lang='lat' dir='ltr'><strong>illorum,</strong></span> <span class='ocrx_word' id='word_1_74' title='bbox 386 1049 577 1112; x_wconf 89' lang='lat' dir='ltr'><strong>eorumdem</strong></span> <span class='ocrx_word' id='word_1_75' title='bbox 595 1049 749 1112; x_wconf 88' lang='lat' dir='ltr'><strong>videlicet</strong></span> <span class='ocrx_word' id='word_1_76' title='bbox 764 1050 937 1127; x_wconf 91' lang='lat' dir='ltr'><strong>pertinen-</strong></span> <span class='ocrx_word' id='word_1_77' title='bbox 988 1049 1225 1110; x_wconf 88' lang='lat' dir='ltr'><strong>monasterium</strong></span> <span class='ocrx_word' id='word_1_78' title='bbox 1240 1049 1274 1109; x_wconf 92' lang='lat' dir='ltr'><strong>in</strong></span> <span class='ocrx_word' id='word_1_79' title='bbox 1293 1051 1546 1126; x_wconf 86' lang='lat' dir='ltr'><strong>praesentiarum</strong></span> <span class='ocrx_word' id='word_1_80' title='bbox 1563 1052 1652 1129; x_wconf 89' lang='lat' dir='ltr'><strong>juste</strong></span> <span class='ocrx_word' id='word_1_81' title='bbox 1667 1068 1707 1112; x_wconf 92' lang='lat' dir='ltr'><strong>ac</strong></span> <span class='ocrx_word' id='word_1_82' title='bbox 1722 1068 1783 1112; x_wconf 90' lang='lat' dir='ltr'><strong>ca-</strong></span> 
     </span>
     <span class='ocr_line' id='line_1_9' title="bbox 134 1145 1783 1224; baseline -0.002 -13"><span class='ocrx_word' id='word_1_83' title='bbox 134 1148 194 1211; x_wconf 91' lang='lat' dir='ltr'><strong>tiis</strong></span> <span class='ocrx_word' id='word_1_84' title='bbox 221 1148 372 1210; x_wconf 85' lang='grc'><strong>11111111</strong></span> <span class='ocrx_word' id='word_1_85' title='bbox 400 1148 432 1208; x_wconf 89' lang='lat' dir='ltr'><strong>et</strong></span> <span class='ocrx_word' id='word_1_86' title='bbox 460 1147 610 1209; x_wconf 90' lang='lat' dir='ltr'><strong>ecclesiis</strong></span> <span class='ocrx_word' id='word_1_87' title='bbox 636 1147 836 1224; x_wconf 87' lang='lat' dir='ltr'><strong>supradictis</strong></span> <span class='ocrx_word' id='word_1_88' title='bbox 860 1147 935 1224; x_wconf 86' lang='lat' dir='ltr'><strong>plns</strong></span> <span class='ocrx_word' id='word_1_89' title='bbox 988 1145 1108 1206; x_wconf 90' lang='lat' dir='ltr'><strong>nonice</strong></span> <span class='ocrx_word' id='word_1_90' title='bbox 1119 1145 1276 1222; x_wconf 89' lang='lat' dir='ltr'><strong>possidet,</strong></span> <span class='ocrx_word' id='word_1_91' title='bbox 1293 1149 1351 1207; x_wconf 88' lang='lat' dir='ltr'><strong>aut</strong></span> <span class='ocrx_word' id='word_1_92' title='bbox 1363 1146 1398 1206; x_wconf 93' lang='lat' dir='ltr'><strong>in</strong></span> <span class='ocrx_word' id='word_1_93' title='bbox 1409 1146 1555 1208; x_wconf 79' lang='lat' dir='ltr'><strong>futurum</strong></span> <span class='ocrx_word' id='word_1_94' title='bbox 1568 1149 1783 1209; x_wconf 86' lang='lat' dir='ltr'><strong>concessione</strong></span> 
     </span>
     <span class='ocr_line' id='line_1_10' title="bbox 134 1241 1780 1324; baseline 0.001 -19"><span class='ocrx_word' id='word_1_95' title='bbox 134 1261 302 1324; x_wconf 89' lang='lat' dir='ltr'><strong>usurpare</strong></span> <span class='ocrx_word' id='word_1_96' title='bbox 317 1246 498 1324; x_wconf 89' lang='lat' dir='ltr'><strong>praesumat</strong></span> <span class='ocrx_word' id='word_1_97' title='bbox 519 1260 617 1323; x_wconf 86' lang='lat' dir='ltr'><strong>quam</strong></span> <span class='ocrx_word' id='word_1_98' title='bbox 637 1245 701 1306; x_wconf 90' lang='lat' dir='ltr'><strong>sibi</strong></span> <span class='ocrx_word' id='word_1_99' title='bbox 716 1259 736 1306; x_wconf 92' lang='lat' dir='ltr'><strong>a</strong></span> <span class='ocrx_word' id='word_1_100' title='bbox 751 1245 934 1307; x_wconf 89' lang='lat' dir='ltr'><strong>canonibus</strong></span> <span class='ocrx_word' id='word_1_101' title='bbox 988 1241 1197 1316; x_wconf 75' lang='lat' dir='ltr'><strong>Pontificum,</strong></span> <span class='ocrx_word' id='word_1_102' title='bbox 1207 1243 1508 1319; x_wconf 89' lang='lat' dir='ltr'><strong>largitioneregum</strong></span> <span class='ocrx_word' id='word_1_103' title='bbox 1516 1245 1569 1306; x_wconf 80' lang='grc'><strong>111</strong></span> <span class='ocrx_word' id='word_1_104' title='bbox 1582 1245 1780 1322; x_wconf 89' lang='lat' dir='ltr'><strong>principum,</strong></span> 
     </span>
     <span class='ocr_line' id='line_1_11' title="bbox 132 1337 1780 1421; baseline -0.002 -16"><span class='ocrx_word' id='word_1_105' title='bbox 132 1343 268 1406; x_wconf 89' lang='lat' dir='ltr'><strong>ratione</strong></span> <span class='ocrx_word' id='word_1_106' title='bbox 289 1343 377 1420; x_wconf 90' lang='lat' dir='ltr'><strong>juris</strong></span> <span class='ocrx_word' id='word_1_107' title='bbox 403 1343 602 1421; x_wconf 86' lang='lat' dir='ltr'><strong>episcopalis</strong></span> <span class='ocrx_word' id='word_1_108' title='bbox 625 1343 851 1420; x_wconf 85' lang='lat' dir='ltr'><strong>permittitur:</strong></span> <span class='ocrx_word' id='word_1_109' title='bbox 873 1358 934 1403; x_wconf 90' lang='lat' dir='ltr'><strong>nos</strong></span> <span class='ocrx_word' id='word_1_110' title='bbox 988 1337 1156 1400; x_wconf 83' lang='lat' dir='ltr'><strong>oblatione</strong></span> <span class='ocrx_word' id='word_1_111' title='bbox 1176 1339 1334 1412; x_wconf 84' lang='lat' dir='ltr'><strong>fidelium,</strong></span> <span class='ocrx_word' id='word_1_112' title='bbox 1358 1356 1417 1401; x_wconf 89' lang='lat' dir='ltr'><strong>seu</strong></span> <span class='ocrx_word' id='word_1_113' title='bbox 1442 1341 1519 1402; x_wconf 89' lang='lat' dir='ltr'><strong>aliis</strong></span> <span class='ocrx_word' id='word_1_114' title='bbox 1538 1343 1639 1420; x_wconf 87' lang='lat' dir='ltr'><strong>justis</strong></span> <span class='ocrx_word' id='word_1_115' title='bbox 1663 1342 1780 1414; x_wconf 88' lang='lat' dir='ltr'><strong>modis,</strong></span> 
     </span>
     <span class='ocr_line' id='line_1_12' title="bbox 131 1437 1782 1518; baseline -0.002 -15"><span class='ocrx_word' id='word_1_116' title='bbox 131 1442 286 1504; x_wconf 82' lang='lat' dir='ltr'><strong>volentes</strong></span> <span class='ocrx_word' id='word_1_117' title='bbox 298 1440 508 1502; x_wconf 84' lang='lat' dir='ltr'><strong>indemnitati</strong></span> <span class='ocrx_word' id='word_1_118' title='bbox 522 1441 588 1502; x_wconf 88' lang='lat' dir='ltr'><strong>tuae</strong></span> <span class='ocrx_word' id='word_1_119' title='bbox 607 1439 754 1518; x_wconf 84' lang='lat' dir='ltr'><strong>paternae</strong></span> <span class='ocrx_word' id='word_1_120' title='bbox 769 1439 936 1502; x_wconf 91' lang='lat' dir='ltr'><strong>sollicitu-</strong></span> <span class='ocrx_word' id='word_1_121' title='bbox 987 1437 1168 1513; x_wconf 84' lang='lat' dir='ltr'><strong>praestante</strong></span> <span class='ocrx_word' id='word_1_122' title='bbox 1196 1437 1336 1498; x_wconf 89' lang='lat' dir='ltr'><strong>Domino</strong></span> <span class='ocrx_word' id='word_1_123' title='bbox 1357 1438 1480 1514; x_wconf 90' lang='lat' dir='ltr'><strong>poterit</strong></span> <span class='ocrx_word' id='word_1_124' title='bbox 1506 1437 1657 1516; x_wconf 84' lang='lat' dir='ltr'><strong>adipisci,</strong></span> <span class='ocrx_word' id='word_1_125' title='bbox 1686 1439 1782 1500; x_wconf 86' lang='lat' dir='ltr'><strong>firma</strong></span> 
     </span>
     <span class='ocr_line' id='line_1_13' title="bbox 130 1533 1783 1616; baseline -0.001 -16"><span class='ocrx_word' id='word_1_126' title='bbox 130 1539 213 1600; x_wconf 91' lang='lat' dir='ltr'><strong>dine</strong></span> <span class='ocrx_word' id='word_1_127' title='bbox 240 1553 442 1616; x_wconf 84' lang='lat' dir='ltr'><strong>praecavere,</strong></span> <span class='ocrx_word' id='word_1_128' title='bbox 463 1537 691 1601; x_wconf 82' lang='lat' dir='ltr'><strong>insinuatione</strong></span> <span class='ocrx_word' id='word_1_129' title='bbox 717 1538 935 1616; x_wconf 86' lang='lat' dir='ltr'><strong>praesentium</strong></span> <span class='ocrx_word' id='word_1_130' title='bbox 987 1533 1092 1606; x_wconf 86' lang='lat' dir='ltr'><strong>vobis,</strong></span> <span class='ocrx_word' id='word_1_131' title='bbox 1109 1535 1296 1612; x_wconf 82' lang='lat' dir='ltr'><strong>vestrisque</strong></span> <span class='ocrx_word' id='word_1_132' title='bbox 1321 1535 1579 1608; x_wconf 89' lang='lat' dir='ltr'><strong>successoribus,</strong></span> <span class='ocrx_word' id='word_1_133' title='bbox 1604 1537 1636 1597; x_wconf 93' lang='lat' dir='ltr'><strong>et</strong></span> <span class='ocrx_word' id='word_1_134' title='bbox 1654 1536 1783 1598; x_wconf 88' lang='lat' dir='ltr'><strong>illibata</strong></span> 
     </span>
     <span class='ocr_line' id='line_1_14' title="bbox 131 1632 1782 1713; baseline -0.002 -16"><span class='ocrx_word' id='word_1_135' title='bbox 131 1637 356 1708; x_wconf 85' lang='lat' dir='ltr'><strong>declaramus,</strong></span> <span class='ocrx_word' id='word_1_136' title='bbox 381 1635 574 1713; x_wconf 85' lang='lat' dir='ltr'><strong>praedictam</strong></span> <span class='ocrx_word' id='word_1_137' title='bbox 597 1635 782 1698; x_wconf 86' lang='lat' dir='ltr'><strong>clausulam</strong></span> <span class='ocrx_word' id='word_1_138' title='bbox 808 1635 850 1697; x_wconf 88' lang='lat' dir='ltr'><strong>ad</strong></span> <span class='ocrx_word' id='word_1_139' title='bbox 876 1635 935 1697; x_wconf 90' lang='lat' dir='ltr'><strong>illa</strong></span> <span class='ocrx_word' id='word_1_140' title='bbox 988 1635 1215 1708; x_wconf 88' lang='lat' dir='ltr'><strong>permaneant.</strong></span> <span class='ocrx_word' id='word_1_141' title='bbox 1239 1635 1276 1692; x_wconf 93' lang='lat' dir='ltr'><strong>ln</strong></span> <span class='ocrx_word' id='word_1_142' title='bbox 1291 1632 1410 1710; x_wconf 88' lang='lat' dir='ltr'><strong>quibus</strong></span> <span class='ocrx_word' id='word_1_143' title='bbox 1432 1632 1504 1694; x_wconf 85' lang='lat' dir='ltr'><strong>haec</strong></span> <span class='ocrx_word' id='word_1_144' title='bbox 1517 1633 1660 1710; x_wconf 90' lang='lat' dir='ltr'><strong>propriis</strong></span> <span class='ocrx_word' id='word_1_145' title='bbox 1680 1634 1782 1694; x_wconf 79' lang='lat' dir='ltr'><strong>duri-</strong></span> 
     </span>
     <span class='ocr_line' id='line_1_15' title="bbox 135 1729 1784 1811; baseline -0.001 -17"><span class='ocrx_word' id='word_1_146' title='bbox 135 1733 261 1796; x_wconf 88' lang='lat' dir='ltr'><strong>debere</strong></span> <span class='ocrx_word' id='word_1_147' title='bbox 279 1733 448 1810; x_wconf 83' lang='lat' dir='ltr'><strong>restringi,</strong></span> <span class='ocrx_word' id='word_1_148' title='bbox 465 1749 538 1810; x_wconf 76' lang='lat' dir='ltr'><strong>quaa</strong></span> <span class='ocrx_word' id='word_1_149' title='bbox 555 1734 625 1811; x_wconf 87' lang='lat' dir='ltr'><strong>jnri</strong></span> <span class='ocrx_word' id='word_1_150' title='bbox 647 1733 828 1811; x_wconf 90' lang='lat' dir='ltr'><strong>episcopali</strong></span> <span class='ocrx_word' id='word_1_151' title='bbox 850 1749 934 1795; x_wconf 89' lang='lat' dir='ltr'><strong>nos·</strong></span> <span class='ocrx_word' id='word_1_152' title='bbox 987 1745 1061 1789; x_wconf 90' lang='lat' dir='ltr'><strong>mus</strong></span> <span class='ocrx_word' id='word_1_153' title='bbox 1076 1729 1311 1808; x_wconf 85' lang='lat' dir='ltr'><strong>experimenda</strong></span> <span class='ocrx_word' id='word_1_154' title='bbox 1325 1729 1507 1793; x_wconf 88' lang='lat' dir='ltr'><strong>vocabulis.</strong></span> <span class='ocrx_word' id='word_1_155' title='bbox 1524 1733 1561 1791; x_wconf 91' lang='lat' dir='ltr'><strong>In</strong></span> <span class='ocrx_word' id='word_1_156' title='bbox 1574 1731 1690 1809; x_wconf 90' lang='lat' dir='ltr'><strong>primis</strong></span> <span class='ocrx_word' id='word_1_157' title='bbox 1710 1747 1784 1792; x_wconf 91' lang='lat' dir='ltr'><strong>mo-</strong></span> 
     </span>
     <span class='ocr_line' id='line_1_16' title="bbox 134 1827 1782 1908; baseline -0.001 -18"><span class='ocrx_word' id='word_1_158' title='bbox 134 1830 260 1893; x_wconf 91' lang='lat' dir='ltr'><strong>cuntur</strong></span> <span class='ocrx_word' id='word_1_159' title='bbox 283 1846 426 1891; x_wconf 77' lang='lat' dir='ltr'><strong>annexa.</strong></span> <span class='ocrx_word' id='word_1_160' title='bbox 456 1829 548 1892; x_wconf 91' lang='lat' dir='ltr'><strong>Nulli</strong></span> <span class='ocrx_word' id='word_1_161' title='bbox 572 1844 652 1908; x_wconf 87' lang='lat' dir='ltr'><strong>ergo</strong></span> <span class='ocrx_word' id='word_1_162' title='bbox 673 1830 844 1892; x_wconf 86' lang='lat' dir='ltr'><strong>hominum</strong></span> <span class='ocrx_word' id='word_1_163' title='bbox 863 1846 936 1892; x_wconf 92' lang='lat' dir='ltr'><strong>om·</strong></span> <span class='ocrx_word' id='word_1_164' title='bbox 988 1827 1169 1891; x_wconf 89' lang='lat' dir='ltr'><strong>nasterium</strong></span> <span class='ocrx_word' id='word_1_165' title='bbox 1200 1827 1325 1888; x_wconf 92' lang='lat' dir='ltr'><strong>domini</strong></span> <span class='ocrx_word' id='word_1_166' title='bbox 1355 1829 1536 1890; x_wconf 83' lang='lat' dir='ltr'><strong>salvatoris</strong></span> <span class='ocrx_word' id='word_1_167' title='bbox 1569 1829 1712 1906; x_wconf 90' lang='lat' dir='ltr'><strong>positum</strong></span> <span class='ocrx_word' id='word_1_168' title='bbox 1740 1827 1782 1889; x_wconf 93' lang='lat' dir='ltr'><strong>ad</strong></span> 
     </span>
     <span class='ocr_line' id='line_1_17' title="bbox 133 1923 1782 2000; baseline -0.001 -13"><span class='ocrx_word' id='word_1_169' title='bbox 133 1928 219 1989; x_wconf 92' lang='lat' dir='ltr'><strong>nino</strong></span> <span class='ocrx_word' id='word_1_170' title='bbox 244 1928 354 1996; x_wconf 88' lang='lat' dir='ltr'><strong>liceat,</strong></span> <span class='ocrx_word' id='word_1_171' title='bbox 380 1928 442 1989; x_wconf 87' lang='lat' dir='ltr'><strong>etc.</strong></span> <span class='ocrx_word' id='word_1_172' title='bbox 470 1929 588 1990; x_wconf 90' lang='lat' dir='ltr'><strong>Datum</strong></span> <span class='ocrx_word' id='word_1_173' title='bbox 615 1927 757 2000; x_wconf 90' lang='lat' dir='ltr'><strong>Perusii,</strong></span> <span class='ocrx_word' id='word_1_174' title='bbox 786 1929 831 1990; x_wconf 94' lang='lat' dir='ltr'><strong>lll</strong></span> <span class='ocrx_word' id='word_1_175' title='bbox 860 1928 934 1990; x_wconf 89' lang='lat' dir='ltr'><strong>idus</strong></span> <span class='ocrx_word' id='word_1_176' title='bbox 988 1924 1104 2000; x_wconf 90' lang='lat' dir='ltr'><strong>pedem</strong></span> <span class='ocrx_word' id='word_1_177' title='bbox 1119 1923 1231 1984; x_wconf 86' lang='lat' dir='ltr'><strong>Casini</strong></span> <span class='ocrx_word' id='word_1_178' title='bbox 1252 1924 1384 1996; x_wconf 87' lang='lat' dir='ltr'><strong>Montis,</strong></span> <span class='ocrx_word' id='word_1_179' title='bbox 1400 1926 1636 1986; x_wconf 90' lang='lat' dir='ltr'><strong>monasterium</strong></span> <span class='ocrx_word' id='word_1_180' title='bbox 1652 1925 1782 1986; x_wconf 89' lang='lat' dir='ltr'><strong>Sanctae</strong></span> 
     </span>
     <span class='ocr_line' id='line_1_18' title="bbox 130 2020 1782 2104; baseline -0.002 -17"><span class='ocrx_word' id='word_1_181' title='bbox 130 2029 234 2101; x_wconf 67' lang='lat' dir='ltr'><strong>Aug„</strong></span> <span class='ocrx_word' id='word_1_182' title='bbox 251 2025 462 2102; x_wconf 81' lang='lat' dir='ltr'><strong>pontificatus</strong></span> <span class='ocrx_word' id='word_1_183' title='bbox 475 2025 581 2088; x_wconf 91' lang='lat' dir='ltr'><strong>nostri</strong></span> <span class='ocrx_word' id='word_1_184' title='bbox 592 2039 679 2086; x_wconf 87' lang='lat' dir='ltr'><strong>anno</strong></span> <span class='ocrx_word' id='word_1_185' title='bbox 694 2024 812 2104; x_wconf 91' lang='lat' dir='ltr'><strong>primo.</strong></span> <span class='ocrx_word' id='word_1_186' title='bbox 988 2020 1172 2082; x_wconf 81' lang='lat' dir='ltr'><strong>Genetricis</strong></span> <span class='ocrx_word' id='word_1_187' title='bbox 1200 2021 1260 2081; x_wconf 92' lang='lat' dir='ltr'><strong>Dei</strong></span> <span class='ocrx_word' id='word_1_188' title='bbox 1286 2021 1433 2098; x_wconf 77' lang='lat' dir='ltr'><strong>Virginis</strong></span> <span class='ocrx_word' id='word_1_189' title='bbox 1466 2022 1581 2084; x_wconf 87' lang='lat' dir='ltr'><strong>Mariae</strong></span> <span class='ocrx_word' id='word_1_190' title='bbox 1608 2021 1782 2100; x_wconf 75' lang='grc'><strong>11111111-</strong></span> 
     </span>
     <span class='ocr_line' id='line_1_19' title="bbox 988 2117 1782 2198; baseline 0.003 -19"><span class='ocrx_word' id='word_1_191' title='bbox 988 2119 1082 2180; x_wconf 88' lang='lat' dir='ltr'><strong>catur</strong></span> <span class='ocrx_word' id='word_1_192' title='bbox 1113 2117 1341 2198; x_wconf 82' lang='lat' dir='ltr'><strong>Plumbarola,</strong></span> <span class='ocrx_word' id='word_1_193' title='bbox 1380 2119 1618 2180; x_wconf 86' lang='lat' dir='ltr'><strong>monasterium</strong></span> <span class='ocrx_word' id='word_1_194' title='bbox 1652 2119 1782 2181; x_wconf 70' lang='lat' dir='ltr'><strong>Sanctae</strong></span> 
     </span>
    </p>

    <p class='ocr_par' dir='ltr' id='par_1_3' title="bbox 490 2213 1784 2334">
     <span class='ocr_line' id='line_1_20' title="bbox 490 2213 1784 2334; baseline 0.001 -59"><span class='ocrx_word' id='word_1_195' title='bbox 490 2247 582 2334; x_wconf 67' lang='lat' dir='ltr'><strong>XIV</strong></span> <span class='ocrx_word' id='word_1_196' title='bbox 987 2215 1103 2276; x_wconf 87' lang='lat' dir='ltr'><strong>Mariae</strong></span> <span class='ocrx_word' id='word_1_197' title='bbox 1136 2213 1172 2276; x_wconf 93' lang='lat' dir='ltr'><strong>in</strong></span> <span class='ocrx_word' id='word_1_198' title='bbox 1204 2215 1340 2292; x_wconf 87' lang='lat' dir='ltr'><strong>Gingla,</strong></span> <span class='ocrx_word' id='word_1_199' title='bbox 1378 2216 1497 2278; x_wconf 89' lang='lat' dir='ltr'><strong>cellam</strong></span> <span class='ocrx_word' id='word_1_200' title='bbox 1536 2215 1648 2280; x_wconf 88' lang='lat' dir='ltr'><strong>Sancti</strong></span> <span class='ocrx_word' id='word_1_201' title='bbox 1676 2219 1784 2278; x_wconf 88' lang='lat' dir='ltr'><strong>Bene-</strong></span> 
     </span>
    </p>

    <p class='ocr_par' dir='ltr' id='par_1_4' title="bbox 988 2311 1782 2390">
     <span class='ocr_line' id='line_1_21' title="bbox 988 2311 1782 2390; baseline 0.003 -18"><span class='ocrx_word' id='word_1_202' title='bbox 988 2311 1067 2373; x_wconf 87' lang='lat' dir='ltr'><strong>dicti</strong></span> <span class='ocrx_word' id='word_1_203' title='bbox 1095 2311 1130 2372; x_wconf 92' lang='lat' dir='ltr'><strong>in</strong></span> <span class='ocrx_word' id='word_1_204' title='bbox 1157 2313 1283 2389; x_wconf 88' lang='lat' dir='ltr'><strong>Capua,</strong></span> <span class='ocrx_word' id='word_1_205' title='bbox 1314 2329 1388 2373; x_wconf 93' lang='lat' dir='ltr'><strong>cum</strong></span> <span class='ocrx_word' id='word_1_206' title='bbox 1419 2313 1512 2376; x_wconf 90' lang='lat' dir='ltr'><strong>cellis</strong></span> <span class='ocrx_word' id='word_1_207' title='bbox 1545 2313 1578 2374; x_wconf 91' lang='grc'><strong>11</strong></span> <span class='ocrx_word' id='word_1_208' title='bbox 1609 2313 1782 2390; x_wconf 88' lang='lat' dir='ltr'><strong>pertinen-</strong></span> 
     </span>
    </p>

    <p class='ocr_par' dir='ltr' id='par_1_5' title="bbox 986 2409 1782 2486">
     <span class='ocr_line' id='line_1_22' title="bbox 986 2409 1782 2486; baseline 0.001 -17"><span class='ocrx_word' id='word_1_209' title='bbox 986 2409 1043 2470; x_wconf 89' lang='lat' dir='ltr'><strong>tiis</strong></span> <span class='ocrx_word' id='word_1_210' title='bbox 1066 2409 1147 2482; x_wconf 88' lang='grc'><strong>1111,</strong></span> <span class='ocrx_word' id='word_1_211' title='bbox 1172 2411 1285 2471; x_wconf 89' lang='lat' dir='ltr'><strong>Sancti</strong></span> <span class='ocrx_word' id='word_1_212' title='bbox 1309 2411 1427 2486; x_wconf 80' lang='lat' dir='ltr'><strong>angeli</strong></span> <span class='ocrx_word' id='word_1_213' title='bbox 1451 2411 1492 2471; x_wconf 93' lang='lat' dir='ltr'><strong>ad</strong></span> <span class='ocrx_word' id='word_1_214' title='bbox 1519 2413 1684 2484; x_wconf 83' lang='lat' dir='ltr'><strong>Formam,</strong></span> <span class='ocrx_word' id='word_1_215' title='bbox 1708 2427 1782 2471; x_wconf 94' lang='lat' dir='ltr'><strong>cum</strong></span> 
     </span>
    </p>
   </div>
   <div class='ocr_carea' id='block_1_3' title="bbox 132 2505 1782 2676">
    <p class='ocr_par' dir='ltr' id='par_1_6' title="bbox 132 2505 1782 2676">
     <span class='ocr_line' id='line_1_23' title="bbox 132 2505 1782 2624; baseline -0.015 -32"><span class='ocrx_word' id='word_1_216' title='bbox 132 2552 171 2610; x_wconf 64' lang='lat' dir='ltr'><strong>s,</strong></span> <span class='ocrx_word' id='word_1_217' title='bbox 196 2552 373 2610; x_wconf 50' lang='lat' dir='ltr'><strong>penem-022</strong></span> <span class='ocrx_word' id='word_1_218' title='bbox 395 2552 603 2622; x_wconf 51' lang='lat' dir='ltr'><strong><em>casinensis,</em></strong></span> <span class='ocrx_word' id='word_1_219' title='bbox 629 2553 768 2624; x_wconf 57' lang='lat' dir='ltr'><strong><em>ejusque</em></strong></span> <span class='ocrx_word' id='word_1_220' title='bbox 789 2549 932 2623; x_wconf 42' lang='lat' dir='ltr'><strong>fratres·</strong></span> <span class='ocrx_word' id='word_1_221' title='bbox 987 2505 1130 2568; x_wconf 87' lang='grc'><strong>11111111</strong></span> <span class='ocrx_word' id='word_1_222' title='bbox 1148 2507 1358 2616; x_wconf 77' lang='lat' dir='ltr'><strong>pertinentiis</strong></span> <span class='ocrx_word' id='word_1_223' title='bbox 1381 2508 1462 2580; x_wconf 89' lang='lat' dir='ltr'><strong>suis,</strong></span> <span class='ocrx_word' id='word_1_224' title='bbox 1488 2507 1782 2616; x_wconf 73' lang='grc'><strong>811111111111111</strong></span> 
     </span>
     <span class='ocr_line' id='line_1_24' title="bbox 987 2602 1780 2676; baseline -0.003 -13"><span class='ocrx_word' id='word_1_225' title='bbox 987 2602 1189 2674; x_wconf 90' lang='lat' dir='ltr'><strong>Puellarum,</strong></span> <span class='ocrx_word' id='word_1_226' title='bbox 1208 2603 1321 2664; x_wconf 82' lang='lat' dir='ltr'><strong>Sancti</strong></span> <span class='ocrx_word' id='word_1_227' title='bbox 1336 2603 1422 2675; x_wconf 86' lang='lat' dir='ltr'><strong>Ruti,</strong></span> <span class='ocrx_word' id='word_1_228' title='bbox 1440 2605 1472 2664; x_wconf 91' lang='lat' dir='ltr'><strong>S.</strong></span> <span class='ocrx_word' id='word_1_229' title='bbox 1485 2603 1654 2665; x_wconf 78' lang='lat' dir='ltr'><strong>Benedicti</strong></span> <span class='ocrx_word' id='word_1_230' title='bbox 1665 2603 1780 2676; x_wconf 82' lang='lat' dir='ltr'><strong>Przolr,</strong></span> 
     </span>
    </p>
   </div>
   <div class='ocr_carea' id='block_1_4' title="bbox 132 2662 1784 4333">
    <p class='ocr_par' dir='ltr' id='par_1_7' title="bbox 132 2662 1784 4333">
     <span class='ocr_line' id='line_1_25' title="bbox 443 2662 1781 2777; baseline -0.001 -15"><span class='ocrx_word' id='word_1_231' title='bbox 443 2663 476 2720; x_wconf 74' lang='lat'><strong>¹²</strong></span> <span class='ocrx_word' id='word_1_232' title='bbox 491 2677 558 2736; x_wconf 67' lang='lat'><strong>³¹¹3·</strong></span> <span class='ocrx_word' id='word_1_233' title='bbox 576 2662 655 2720; x_wconf 68' lang='lat'><strong>¹²¹⁶·</strong></span> <span class='ocrx_word' id='word_1_234' title='bbox 988 2701 1100 2762; x_wconf 87' lang='lat' dir='ltr'><strong>Sancti</strong></span> <span class='ocrx_word' id='word_1_235' title='bbox 1118 2701 1238 2777; x_wconf 79' lang='lat' dir='ltr'><strong>Angeli</strong></span> <span class='ocrx_word' id='word_1_236' title='bbox 1257 2701 1299 2761; x_wconf 93' lang='lat' dir='ltr'><strong>ad</strong></span> <span class='ocrx_word' id='word_1_237' title='bbox 1314 2701 1517 2774; x_wconf 86' lang='lat' dir='ltr'><strong>odaldiscos,</strong></span> <span class='ocrx_word' id='word_1_238' title='bbox 1542 2703 1574 2762; x_wconf 91' lang='lat' dir='ltr'><strong>S.</strong></span> <span class='ocrx_word' id='word_1_239' title='bbox 1591 2699 1729 2776; x_wconf 82' lang='lat' dir='ltr'><strong>Agathae</strong></span> <span class='ocrx_word' id='word_1_240' title='bbox 1744 2701 1781 2760; x_wconf 93' lang='lat' dir='ltr'><strong>in</strong></span> 
     </span>
     <span class='ocr_line' id='line_1_26' title="bbox 272 2797 1782 2870; baseline 0.003 -18"><span class='ocrx_word' id='word_1_241' title='bbox 272 2801 796 2868; x_wconf 61' lang='grc'><strong>[1111111111111111111.11113111</strong></span> <span class='ocrx_word' id='word_1_242' title='bbox 986 2800 1122 2870; x_wconf 78' lang='lat' dir='ltr'><strong>Aversa,</strong></span> <span class='ocrx_word' id='word_1_243' title='bbox 1144 2799 1273 2860; x_wconf 84' lang='lat' dir='ltr'><strong>Sanctae</strong></span> <span class='ocrx_word' id='word_1_244' title='bbox 1289 2799 1430 2860; x_wconf 85' lang='lat' dir='ltr'><strong>caeciliae</strong></span> <span class='ocrx_word' id='word_1_245' title='bbox 1452 2799 1486 2860; x_wconf 90' lang='lat' dir='ltr'><strong>et</strong></span> <span class='ocrx_word' id='word_1_246' title='bbox 1505 2798 1618 2860; x_wconf 90' lang='lat' dir='ltr'><strong>Sancti</strong></span> <span class='ocrx_word' id='word_1_247' title='bbox 1638 2797 1782 2859; x_wconf 89' lang='lat' dir='ltr'><strong>Dimitrii</strong></span> 
     </span>
     <span class='ocr_line' id='line_1_27' title="bbox 986 2895 1783 2972; baseline -0.001 -16"><span class='ocrx_word' id='word_1_248' title='bbox 986 2895 1021 2956; x_wconf 92' lang='lat' dir='ltr'><strong>in</strong></span> <span class='ocrx_word' id='word_1_249' title='bbox 1036 2895 1188 2972; x_wconf 89' lang='lat' dir='ltr'><strong>Neapoli.</strong></span> <span class='ocrx_word' id='word_1_250' title='bbox 1214 2896 1403 2958; x_wconf 84' lang='grc'><strong>1111111111</strong></span> <span class='ocrx_word' id='word_1_251' title='bbox 1426 2896 1659 2957; x_wconf 77' lang='lat' dir='ltr'><strong>Beneventano</strong></span> <span class='ocrx_word' id='word_1_252' title='bbox 1675 2896 1783 2956; x_wconf 90' lang='lat' dir='ltr'><strong>eccle-</strong></span> 
     </span>
     <span class='ocr_line' id='line_1_28' title="bbox 986 2985 1779 3066; baseline 0 -14"><span class='ocrx_word' id='word_1_253' title='bbox 986 2985 1070 3054; x_wconf 86' lang='lat' dir='ltr'><strong>siam</strong></span> <span class='ocrx_word' id='word_1_254' title='bbox 1101 2993 1215 3055; x_wconf 90' lang='lat' dir='ltr'><strong>Sancti</strong></span> <span class='ocrx_word' id='word_1_255' title='bbox 1233 2993 1404 3056; x_wconf 88' lang='lat' dir='ltr'><strong>Benedicti</strong></span> <span class='ocrx_word' id='word_1_256' title='bbox 1426 2993 1466 3054; x_wconf 92' lang='lat' dir='ltr'><strong>ad</strong></span> <span class='ocrx_word' id='word_1_257' title='bbox 1493 2994 1626 3055; x_wconf 87' lang='lat' dir='ltr'><strong>Portam</strong></span> <span class='ocrx_word' id='word_1_258' title='bbox 1655 2991 1779 3066; x_wconf 79' lang='lat' dir='ltr'><strong>Rufini,</strong></span> 
     </span>
     <span class='ocr_line' id='line_1_29' title="bbox 988 3090 1782 3162; baseline -0.001 -11"><span class='ocrx_word' id='word_1_259' title='bbox 988 3090 1099 3152; x_wconf 88' lang='lat' dir='ltr'><strong>Sancti</strong></span> <span class='ocrx_word' id='word_1_260' title='bbox 1114 3091 1245 3152; x_wconf 89' lang='lat' dir='ltr'><strong>Nicolai</strong></span> <span class='ocrx_word' id='word_1_261' title='bbox 1258 3091 1293 3151; x_wconf 96' lang='lat' dir='ltr'><strong>in</strong></span> <span class='ocrx_word' id='word_1_262' title='bbox 1311 3091 1449 3152; x_wconf 87' lang='lat' dir='ltr'><strong>civitate</strong></span> <span class='ocrx_word' id='word_1_263' title='bbox 1463 3092 1568 3162; x_wconf 86' lang='lat' dir='ltr'><strong>Nora,</strong></span> <span class='ocrx_word' id='word_1_264' title='bbox 1587 3090 1700 3152; x_wconf 88' lang='lat' dir='ltr'><strong>Sancti</strong></span> <span class='ocrx_word' id='word_1_265' title='bbox 1714 3093 1782 3150; x_wconf 88' lang='lat' dir='ltr'><strong>Bc-</strong></span> 
     </span>
     <span class='ocr_line' id='line_1_30' title="bbox 175 3185 1783 3262; baseline 0.002 -16"><span class='ocrx_word' id='word_1_266' title='bbox 175 3185 344 3246; x_wconf 88' lang='lat' dir='ltr'><strong>Honorius</strong></span> <span class='ocrx_word' id='word_1_267' title='bbox 383 3186 573 3262; x_wconf 87' lang='lat' dir='ltr'><strong>episcopus,</strong></span> <span class='ocrx_word' id='word_1_268' title='bbox 610 3201 727 3248; x_wconf 78' lang='lat' dir='ltr'><strong>servus</strong></span> <span class='ocrx_word' id='word_1_269' title='bbox 760 3202 932 3249; x_wconf 78' lang='lat' dir='ltr'><strong>serrorum</strong></span> <span class='ocrx_word' id='word_1_270' title='bbox 986 3188 1108 3249; x_wconf 89' lang='lat' dir='ltr'><strong>nedicti</strong></span> <span class='ocrx_word' id='word_1_271' title='bbox 1124 3189 1159 3248; x_wconf 93' lang='lat' dir='ltr'><strong>in</strong></span> <span class='ocrx_word' id='word_1_272' title='bbox 1174 3190 1337 3260; x_wconf 89' lang='lat' dir='ltr'><strong>Pantana,</strong></span> <span class='ocrx_word' id='word_1_273' title='bbox 1358 3189 1471 3251; x_wconf 90' lang='lat' dir='ltr'><strong>Sancti</strong></span> <span class='ocrx_word' id='word_1_274' title='bbox 1486 3189 1618 3250; x_wconf 88' lang='lat' dir='ltr'><strong>Nicolai</strong></span> <span class='ocrx_word' id='word_1_275' title='bbox 1633 3189 1667 3248; x_wconf 93' lang='lat' dir='ltr'><strong>in</strong></span> <span class='ocrx_word' id='word_1_276' title='bbox 1683 3188 1783 3250; x_wconf 86' lang='lat' dir='ltr'><strong>Petra</strong></span> 
     </span>
     <span class='ocr_line' id='line_1_31' title="bbox 136 3283 1783 3362; baseline -0.001 -18"><span class='ocrx_word' id='word_1_277' title='bbox 136 3283 210 3354; x_wconf 91' lang='lat' dir='ltr'><strong>Dei,</strong></span> <span class='ocrx_word' id='word_1_278' title='bbox 227 3283 357 3344; x_wconf 91' lang='lat' dir='ltr'><strong>dilectis</strong></span> <span class='ocrx_word' id='word_1_279' title='bbox 371 3283 449 3343; x_wconf 85' lang='lat' dir='ltr'><strong>liliis</strong></span> <span class='ocrx_word' id='word_1_280' title='bbox 468 3283 636 3360; x_wconf 90' lang='lat' dir='ltr'><strong>Stephano</strong></span> <span class='ocrx_word' id='word_1_281' title='bbox 660 3283 772 3344; x_wconf 90' lang='lat' dir='ltr'><strong>abbati</strong></span> <span class='ocrx_word' id='word_1_282' title='bbox 791 3299 930 3345; x_wconf 90' lang='lat' dir='ltr'><strong>monas·</strong></span> <span class='ocrx_word' id='word_1_283' title='bbox 985 3285 1156 3359; x_wconf 90' lang='lat' dir='ltr'><strong>Pulecina,</strong></span> <span class='ocrx_word' id='word_1_284' title='bbox 1190 3288 1223 3347; x_wconf 87' lang='lat' dir='ltr'><strong>S.</strong></span> <span class='ocrx_word' id='word_1_285' title='bbox 1253 3285 1387 3362; x_wconf 85' lang='lat' dir='ltr'><strong>Georgii</strong></span> <span class='ocrx_word' id='word_1_286' title='bbox 1416 3285 1453 3346; x_wconf 89' lang='lat' dir='ltr'><strong>in</strong></span> <span class='ocrx_word' id='word_1_287' title='bbox 1481 3285 1638 3357; x_wconf 83' lang='lat' dir='ltr'><strong>Fenuc10,</strong></span> <span class='ocrx_word' id='word_1_288' title='bbox 1670 3283 1783 3346; x_wconf 89' lang='lat' dir='ltr'><strong>Sancti</strong></span> 
     </span>
     <span class='ocr_line' id='line_1_32' title="bbox 135 3380 1783 3458; baseline 0 -17"><span class='ocrx_word' id='word_1_289' title='bbox 135 3380 213 3441; x_wconf 90' lang='lat' dir='ltr'><strong>terii</strong></span> <span class='ocrx_word' id='word_1_290' title='bbox 234 3382 266 3439; x_wconf 90' lang='lat' dir='ltr'><strong>S.</strong></span> <span class='ocrx_word' id='word_1_291' title='bbox 282 3380 453 3441; x_wconf 90' lang='lat' dir='ltr'><strong>Benedicti</strong></span> <span class='ocrx_word' id='word_1_292' title='bbox 469 3381 675 3451; x_wconf 80' lang='lat' dir='ltr'><strong>casinensis,</strong></span> <span class='ocrx_word' id='word_1_293' title='bbox 699 3383 837 3458; x_wconf 88' lang='lat' dir='ltr'><strong>ejusque</strong></span> <span class='ocrx_word' id='word_1_294' title='bbox 863 3380 934 3442; x_wconf 86' lang='lat' dir='ltr'><strong>fra·</strong></span> <span class='ocrx_word' id='word_1_295' title='bbox 984 3383 1147 3444; x_wconf 81' lang='lat' dir='ltr'><strong>lobannis</strong></span> <span class='ocrx_word' id='word_1_296' title='bbox 1163 3381 1197 3442; x_wconf 92' lang='lat' dir='ltr'><strong>in</strong></span> <span class='ocrx_word' id='word_1_297' title='bbox 1211 3382 1403 3454; x_wconf 86' lang='lat' dir='ltr'><strong>Turlecuso,</strong></span> <span class='ocrx_word' id='word_1_298' title='bbox 1419 3383 1532 3444; x_wconf 91' lang='lat' dir='ltr'><strong>Sancti</strong></span> <span class='ocrx_word' id='word_1_299' title='bbox 1547 3382 1638 3443; x_wconf 89' lang='lat' dir='ltr'><strong>Petri</strong></span> <span class='ocrx_word' id='word_1_300' title='bbox 1652 3383 1687 3441; x_wconf 94' lang='lat' dir='ltr'><strong>in</strong></span> <span class='ocrx_word' id='word_1_301' title='bbox 1703 3383 1783 3442; x_wconf 86' lang='lat' dir='ltr'><strong>Ros·</strong></span> 
     </span>
     <span class='ocr_line' id='line_1_33' title="bbox 135 3475 1782 3556; baseline -0.001 -17"><span class='ocrx_word' id='word_1_302' title='bbox 135 3477 244 3539; x_wconf 91' lang='lat' dir='ltr'><strong>tribus</strong></span> <span class='ocrx_word' id='word_1_303' title='bbox 255 3478 322 3538; x_wconf 89' lang='lat' dir='ltr'><strong>tam</strong></span> <span class='ocrx_word' id='word_1_304' title='bbox 338 3475 557 3553; x_wconf 71' lang='lat' dir='ltr'><strong>praesentibus</strong></span> <span class='ocrx_word' id='word_1_305' title='bbox 579 3494 677 3555; x_wconf 88' lang='lat' dir='ltr'><strong>quarn</strong></span> <span class='ocrx_word' id='word_1_306' title='bbox 696 3477 817 3539; x_wconf 83' lang='lat' dir='ltr'><strong>futuris</strong></span> <span class='ocrx_word' id='word_1_307' title='bbox 831 3494 933 3554; x_wconf 90' lang='lat' dir='ltr'><strong>regu-</strong></span> <span class='ocrx_word' id='word_1_308' title='bbox 986 3495 1077 3551; x_wconf 91' lang='lat' dir='ltr'><strong>sano,</strong></span> <span class='ocrx_word' id='word_1_309' title='bbox 1095 3481 1128 3539; x_wconf 89' lang='lat' dir='ltr'><strong>S.</strong></span> <span class='ocrx_word' id='word_1_310' title='bbox 1144 3479 1264 3554; x_wconf 85' lang='lat' dir='ltr'><strong>Angeli</strong></span> <span class='ocrx_word' id='word_1_311' title='bbox 1275 3479 1309 3538; x_wconf 95' lang='lat' dir='ltr'><strong>in</strong></span> <span class='ocrx_word' id='word_1_312' title='bbox 1321 3479 1490 3556; x_wconf 89' lang='lat' dir='ltr'><strong>Capraria,</strong></span> <span class='ocrx_word' id='word_1_313' title='bbox 1505 3480 1617 3540; x_wconf 89' lang='lat' dir='ltr'><strong>Sancti</strong></span> <span class='ocrx_word' id='word_1_314' title='bbox 1629 3477 1782 3539; x_wconf 82' lang='lat' dir='ltr'><strong>ianuarii</strong></span> 
     </span>
     <span class='ocr_line' id='line_1_34' title="bbox 136 3572 1780 3653; baseline -0.001 -19"><span class='ocrx_word' id='word_1_315' title='bbox 136 3576 240 3635; x_wconf 89' lang='lat' dir='ltr'><strong>larem</strong></span> <span class='ocrx_word' id='word_1_316' title='bbox 255 3575 358 3635; x_wconf 88' lang='lat' dir='ltr'><strong>vitam</strong></span> <span class='ocrx_word' id='word_1_317' title='bbox 373 3574 531 3651; x_wconf 81' lang='lat' dir='ltr'><strong>professis</strong></span> <span class='ocrx_word' id='word_1_318' title='bbox 547 3574 801 3653; x_wconf 91' lang='lat' dir='ltr'><strong>inperpetuum.</strong></span> <span class='ocrx_word' id='word_1_319' title='bbox 985 3591 1087 3652; x_wconf 90' lang='lat' dir='ltr'><strong>prope</strong></span> <span class='ocrx_word' id='word_1_320' title='bbox 1102 3577 1338 3647; x_wconf 80' lang='lat' dir='ltr'><strong>Beneventum,</strong></span> <span class='ocrx_word' id='word_1_321' title='bbox 1362 3576 1476 3636; x_wconf 89' lang='lat' dir='ltr'><strong>Sancti</strong></span> <span class='ocrx_word' id='word_1_322' title='bbox 1496 3575 1631 3636; x_wconf 88' lang='lat' dir='ltr'><strong>Martini</strong></span> <span class='ocrx_word' id='word_1_323' title='bbox 1646 3572 1780 3646; x_wconf 88' lang='lat' dir='ltr'><strong>ibidem,</strong></span> 
     </span>
     <span class='ocr_line' id='line_1_35' title="bbox 177 3671 1779 3750; baseline -0.001 -17"><span class='ocrx_word' id='word_1_324' title='bbox 177 3672 931 3749; x_wconf 67' lang='grc'><strong>11111111111111,111111111111111111-</strong></span> <span class='ocrx_word' id='word_1_325' title='bbox 986 3674 1099 3734; x_wconf 91' lang='lat' dir='ltr'><strong>Sancti</strong></span> <span class='ocrx_word' id='word_1_326' title='bbox 1123 3671 1275 3750; x_wconf 82' lang='lat' dir='ltr'><strong>Dionysii</strong></span> <span class='ocrx_word' id='word_1_327' title='bbox 1308 3673 1343 3733; x_wconf 94' lang='lat' dir='ltr'><strong>in</strong></span> <span class='ocrx_word' id='word_1_328' title='bbox 1385 3673 1500 3746; x_wconf 87' lang='lat' dir='ltr'><strong>Ponte,</strong></span> <span class='ocrx_word' id='word_1_329' title='bbox 1535 3675 1567 3733; x_wconf 89' lang='lat' dir='ltr'><strong>S.</strong></span> <span class='ocrx_word' id='word_1_330' title='bbox 1600 3671 1779 3744; x_wconf 85' lang='lat' dir='ltr'><strong>Anastasii,</strong></span> 
     </span>
     <span class='ocr_line' id='line_1_36' title="bbox 132 3769 1781 3847; baseline 0.001 -19"><span class='ocrx_word' id='word_1_331' title='bbox 132 3769 280 3829; x_wconf 89' lang='lat' dir='ltr'><strong>ricordia</strong></span> <span class='ocrx_word' id='word_1_332' title='bbox 295 3769 503 3845; x_wconf 72' lang='lat' dir='ltr'><strong>supervitas</strong></span> <span class='ocrx_word' id='word_1_333' title='bbox 524 3769 650 3844; x_wconf 83' lang='lat' dir='ltr'><strong>gratias</strong></span> <span class='ocrx_word' id='word_1_334' title='bbox 666 3770 796 3844; x_wconf 80' lang='lat' dir='ltr'><strong>agimus</strong></span> <span class='ocrx_word' id='word_1_335' title='bbox 818 3769 933 3846; x_wconf 92' lang='lat' dir='ltr'><strong>copio-</strong></span> <span class='ocrx_word' id='word_1_336' title='bbox 986 3771 1116 3832; x_wconf 88' lang='lat' dir='ltr'><strong>Sanctae</strong></span> <span class='ocrx_word' id='word_1_337' title='bbox 1140 3770 1257 3832; x_wconf 85' lang='lat' dir='ltr'><strong>Mariae</strong></span> <span class='ocrx_word' id='word_1_338' title='bbox 1289 3770 1326 3830; x_wconf 93' lang='lat' dir='ltr'><strong>in</strong></span> <span class='ocrx_word' id='word_1_339' title='bbox 1352 3770 1497 3831; x_wconf 88' lang='lat' dir='ltr'><strong>Canneto</strong></span> <span class='ocrx_word' id='word_1_340' title='bbox 1522 3769 1619 3847; x_wconf 85' lang='lat' dir='ltr'><strong>juxta</strong></span> <span class='ocrx_word' id='word_1_341' title='bbox 1643 3769 1781 3830; x_wconf 86' lang='lat' dir='ltr'><strong>nuvium</strong></span> 
     </span>
     <span class='ocr_line' id='line_1_37' title="bbox 134 3865 1779 3943; baseline 0.001 -17"><span class='ocrx_word' id='word_1_342' title='bbox 134 3881 202 3938; x_wconf 90' lang='lat' dir='ltr'><strong>sas,</strong></span> <span class='ocrx_word' id='word_1_343' title='bbox 235 3867 391 3943; x_wconf 88' lang='lat' dir='ltr'><strong>quoniam</strong></span> <span class='ocrx_word' id='word_1_344' title='bbox 420 3866 587 3941; x_wconf 87' lang='lat' dir='ltr'><strong>gloriosus</strong></span> <span class='ocrx_word' id='word_1_345' title='bbox 623 3866 659 3926; x_wconf 92' lang='lat' dir='ltr'><strong>in</strong></span> <span class='ocrx_word' id='word_1_346' title='bbox 688 3866 812 3927; x_wconf 83' lang='lat' dir='ltr'><strong>sanctis</strong></span> <span class='ocrx_word' id='word_1_347' title='bbox 849 3867 929 3939; x_wconf 91' lang='lat' dir='ltr'><strong>suis,</strong></span> <span class='ocrx_word' id='word_1_348' title='bbox 984 3867 1145 3939; x_wconf 84' lang='lat' dir='ltr'><strong>Trinium,</strong></span> <span class='ocrx_word' id='word_1_349' title='bbox 1189 3867 1301 3928; x_wconf 89' lang='lat' dir='ltr'><strong>Sancti</strong></span> <span class='ocrx_word' id='word_1_350' title='bbox 1342 3867 1513 3929; x_wconf 87' lang='lat' dir='ltr'><strong>Laurentii</strong></span> <span class='ocrx_word' id='word_1_351' title='bbox 1555 3867 1591 3928; x_wconf 92' lang='lat' dir='ltr'><strong>in</strong></span> <span class='ocrx_word' id='word_1_352' title='bbox 1629 3865 1779 3940; x_wconf 89' lang='lat' dir='ltr'><strong>Salern0,</strong></span> 
     </span>
     <span class='ocr_line' id='line_1_38' title="bbox 134 3961 1784 4039; baseline 0.001 -15"><span class='ocrx_word' id='word_1_353' title='bbox 134 3964 237 4039; x_wconf 89' lang='lat' dir='ltr'><strong>atque</strong></span> <span class='ocrx_word' id='word_1_354' title='bbox 260 3961 423 4024; x_wconf 90' lang='lat' dir='ltr'><strong>mirabilis</strong></span> <span class='ocrx_word' id='word_1_355' title='bbox 444 3963 510 4034; x_wconf 90' lang='grc'><strong>111,</strong></span> <span class='ocrx_word' id='word_1_356' title='bbox 534 3963 567 4024; x_wconf 89' lang='grc'><strong>11</strong></span> <span class='ocrx_word' id='word_1_357' title='bbox 591 3962 731 4024; x_wconf 80' lang='lat' dir='ltr'><strong>virtutes</strong></span> <span class='ocrx_word' id='word_1_358' title='bbox 753 3978 830 4023; x_wconf 86' lang='lat' dir='ltr'><strong>suas</strong></span> <span class='ocrx_word' id='word_1_359' title='bbox 858 3963 933 4024; x_wconf 91' lang='lat' dir='ltr'><strong>ubi-</strong></span> <span class='ocrx_word' id='word_1_360' title='bbox 986 3965 1553 4037; x_wconf 75' lang='grc'><strong>811111111111111111111111111,</strong></span> <span class='ocrx_word' id='word_1_361' title='bbox 1579 3979 1653 4025; x_wconf 91' lang='lat' dir='ltr'><strong>cum</strong></span> <span class='ocrx_word' id='word_1_362' title='bbox 1674 3964 1784 4025; x_wconf 90' lang='lat' dir='ltr'><strong>omni-</strong></span> 
     </span>
     <span class='ocr_line' id='line_1_39' title="bbox 134 4058 1779 4144; baseline 0.001 -23"><span class='ocrx_word' id='word_1_363' title='bbox 134 4075 276 4136; x_wconf 91' lang='lat' dir='ltr'><strong>cumque</strong></span> <span class='ocrx_word' id='word_1_364' title='bbox 290 4060 361 4121; x_wconf 87' lang='lat' dir='ltr'><strong>vult</strong></span> <span class='ocrx_word' id='word_1_365' title='bbox 374 4059 537 4120; x_wconf 82' lang='lat' dir='ltr'><strong>ineffabili</strong></span> <span class='ocrx_word' id='word_1_366' title='bbox 551 4058 699 4121; x_wconf 88' lang='lat' dir='ltr'><strong>bonitate</strong></span> <span class='ocrx_word' id='word_1_367' title='bbox 716 4059 929 4121; x_wconf 88' lang='lat' dir='ltr'><strong>demonstrat.</strong></span> <span class='ocrx_word' id='word_1_368' title='bbox 984 4063 1045 4124; x_wconf 89' lang='lat' dir='ltr'><strong>bus</strong></span> <span class='ocrx_word' id='word_1_369' title='bbox 1057 4063 1128 4144; x_wconf 86' lang='lat' dir='ltr'><strong>suis</strong></span> <span class='ocrx_word' id='word_1_370' title='bbox 1143 4063 1367 4140; x_wconf 89' lang='lat' dir='ltr'><strong>pertinentiis,</strong></span> <span class='ocrx_word' id='word_1_371' title='bbox 1384 4065 1416 4124; x_wconf 81' lang='lat' dir='ltr'><strong>S.</strong></span> <span class='ocrx_word' id='word_1_372' title='bbox 1431 4062 1602 4124; x_wconf 90' lang='lat' dir='ltr'><strong>Benedicti</strong></span> <span class='ocrx_word' id='word_1_373' title='bbox 1617 4062 1652 4122; x_wconf 92' lang='lat' dir='ltr'><strong>in</strong></span> <span class='ocrx_word' id='word_1_374' title='bbox 1663 4061 1779 4134; x_wconf 91' lang='lat' dir='ltr'><strong>Marsi,</strong></span> 
     </span>
     <span class='ocr_line' id='line_1_40' title="bbox 134 4157 1778 4234; baseline 0.001 -16"><span class='ocrx_word' id='word_1_375' title='bbox 134 4161 210 4234; x_wconf 88' lang='lat' dir='ltr'><strong>lpse</strong></span> <span class='ocrx_word' id='word_1_376' title='bbox 225 4157 345 4234; x_wconf 84' lang='lat' dir='ltr'><strong>quippe</strong></span> <span class='ocrx_word' id='word_1_377' title='bbox 366 4157 569 4233; x_wconf 85' lang='lat' dir='ltr'><strong>dignationis</strong></span> <span class='ocrx_word' id='word_1_378' title='bbox 595 4173 665 4218; x_wconf 88' lang='lat' dir='ltr'><strong>suae</strong></span> <span class='ocrx_word' id='word_1_379' title='bbox 689 4157 837 4233; x_wconf 89' lang='lat' dir='ltr'><strong>potentia</strong></span> <span class='ocrx_word' id='word_1_380' title='bbox 850 4157 933 4220; x_wconf 88' lang='lat' dir='ltr'><strong>bea·</strong></span> <span class='ocrx_word' id='word_1_381' title='bbox 985 4163 1018 4219; x_wconf 90' lang='lat' dir='ltr'><strong>S.</strong></span> <span class='ocrx_word' id='word_1_382' title='bbox 1035 4160 1150 4221; x_wconf 88' lang='lat' dir='ltr'><strong>Mariae</strong></span> <span class='ocrx_word' id='word_1_383' title='bbox 1165 4160 1201 4220; x_wconf 92' lang='lat' dir='ltr'><strong>in</strong></span> <span class='ocrx_word' id='word_1_384' title='bbox 1223 4162 1322 4233; x_wconf 87' lang='lat' dir='ltr'><strong>Luco,</strong></span> <span class='ocrx_word' id='word_1_385' title='bbox 1339 4162 1371 4220; x_wconf 88' lang='lat' dir='ltr'><strong>S.</strong></span> <span class='ocrx_word' id='word_1_386' title='bbox 1388 4160 1549 4220; x_wconf 89' lang='lat' dir='ltr'><strong>Cosmatis</strong></span> <span class='ocrx_word' id='word_1_387' title='bbox 1564 4161 1600 4218; x_wconf 93' lang='lat' dir='ltr'><strong>in</strong></span> <span class='ocrx_word' id='word_1_388' title='bbox 1615 4158 1778 4232; x_wconf 79' lang='lat' dir='ltr'><strong>civitella,</strong></span> 
     </span>
     <span class='ocr_line' id='line_1_41' title="bbox 132 4255 1780 4333; baseline 0.001 -20"><span class='ocrx_word' id='word_1_389' title='bbox 132 4255 301 4314; x_wconf 89' lang='lat' dir='ltr'><strong>tissimum</strong></span> <span class='ocrx_word' id='word_1_390' title='bbox 313 4255 528 4316; x_wconf 89' lang='lat' dir='ltr'><strong>Benedictum</strong></span> <span class='ocrx_word' id='word_1_391' title='bbox 541 4255 668 4331; x_wconf 89' lang='lat' dir='ltr'><strong>patrem</strong></span> <span class='ocrx_word' id='word_1_392' title='bbox 682 4255 853 4316; x_wconf 89' lang='lat' dir='ltr'><strong>constituit</strong></span> <span class='ocrx_word' id='word_1_393' title='bbox 865 4270 932 4316; x_wconf 85' lang='lat' dir='ltr'><strong>mo·</strong></span> <span class='ocrx_word' id='word_1_394' title='bbox 986 4257 1098 4319; x_wconf 89' lang='lat' dir='ltr'><strong>Sancti</strong></span> <span class='ocrx_word' id='word_1_395' title='bbox 1111 4256 1229 4333; x_wconf 78' lang='lat' dir='ltr'><strong>Angeli</strong></span> <span class='ocrx_word' id='word_1_396' title='bbox 1245 4257 1280 4317; x_wconf 94' lang='lat' dir='ltr'><strong>in</strong></span> <span class='ocrx_word' id='word_1_397' title='bbox 1301 4257 1420 4318; x_wconf 88' lang='lat' dir='ltr'><strong>Barcio</strong></span> <span class='ocrx_word' id='word_1_398' title='bbox 1436 4272 1511 4316; x_wconf 92' lang='lat' dir='ltr'><strong>cnm</strong></span> <span class='ocrx_word' id='word_1_399' title='bbox 1534 4255 1686 4317; x_wconf 92' lang='lat' dir='ltr'><strong>omnibus</strong></span> <span class='ocrx_word' id='word_1_400' title='bbox 1699 4271 1780 4333; x_wconf 91' lang='lat' dir='ltr'><strong>per-</strong></span> 
     </span>
    </p>
   </div>
   <div class='ocr_carea' id='block_1_5' title="bbox 206 2451 866 2526">
    <p class='ocr_par' dir='ltr' id='par_1_8' title="bbox 206 2451 866 2526">
     <span class='ocr_line' id='line_1_42' title="bbox 206 2451 866 2526; baseline 0 -14"><span class='ocrx_word' id='word_1_401' title='bbox 206 2454 257 2512; x_wconf 80' lang='lat' dir='ltr'><strong>Ad</strong></span> <span class='ocrx_word' id='word_1_402' title='bbox 270 2452 480 2526; x_wconf 76' lang='lat' dir='ltr'><strong>Stephanum</strong></span> <span class='ocrx_word' id='word_1_403' title='bbox 492 2451 647 2514; x_wconf 73' lang='lat' dir='ltr'><strong>abactam</strong></span> <span class='ocrx_word' id='word_1_404' title='bbox 661 2453 866 2514; x_wconf 73' lang='grc'><strong>1111111111</strong></span> 
     </span>
    </p>
   </div>
   <div class='ocr_carea' id='block_1_6' title="bbox 135 2961 933 3110">
    <p class='ocr_par' dir='ltr' id='par_1_9' title="bbox 135 2961 933 3110">
     <span class='ocr_line' id='line_1_43' title="bbox 135 2961 933 3036; baseline 0.003 -16"><span class='ocrx_word' id='word_1_405' title='bbox 135 2961 320 3021; x_wconf 80' lang='lat' dir='ltr'><strong>Confirmatio</strong></span> <span class='ocrx_word' id='word_1_406' title='bbox 339 2961 478 3020; x_wconf 86' lang='lat' dir='ltr'><strong>bonorum</strong></span> <span class='ocrx_word' id='word_1_407' title='bbox 497 2963 636 3032; x_wconf 90' lang='lat' dir='ltr'><strong>omnium,</strong></span> <span class='ocrx_word' id='word_1_408' title='bbox 660 2977 694 3020; x_wconf 89' lang='lat' dir='ltr'><strong>ac</strong></span> <span class='ocrx_word' id='word_1_409' title='bbox 718 2961 933 3036; x_wconf 86' lang='lat' dir='ltr'><strong>privilegiorum</strong></span> 
     </span>
     <span class='ocr_line' id='line_1_44' title="bbox 277 3050 789 3110; baseline -0.002 -2"><span class='ocrx_word' id='word_1_410' title='bbox 277 3052 426 3108; x_wconf 88' lang='lat' dir='ltr'><strong>concessio</strong></span> <span class='ocrx_word' id='word_1_411' title='bbox 443 3052 617 3109; x_wconf 86' lang='lat' dir='ltr'><strong>monasterio</strong></span> <span class='ocrx_word' id='word_1_412' title='bbox 631 3050 789 3110; x_wconf 79' lang='lat' dir='ltr'><strong>casinensi.</strong></span> 
     </span>
    </p>
   </div>
   <div class='ocr_carea' id='block_1_7' title="bbox 133 4351 1879 4427">
    <p class='ocr_par' dir='ltr' id='par_1_10' title="bbox 133 4351 1879 4427">
     <span class='ocr_line' id='line_1_45' title="bbox 133 4351 1879 4427; baseline 0.001 -16"><span class='ocrx_word' id='word_1_413' title='bbox 133 4351 330 4423; x_wconf 90' lang='lat' dir='ltr'><strong>nachorum,</strong></span> <span class='ocrx_word' id='word_1_414' title='bbox 353 4351 461 4427; x_wconf 92' lang='lat' dir='ltr'><strong>ipsum</strong></span> <span class='ocrx_word' id='word_1_415' title='bbox 485 4353 678 4413; x_wconf 85' lang='lat' dir='ltr'><strong>monasticae</strong></span> <span class='ocrx_word' id='word_1_416' title='bbox 702 4351 931 4427; x_wconf 84' lang='lat' dir='ltr'><strong>legislatorem</strong></span> <span class='ocrx_word' id='word_1_417' title='bbox 983 4353 1133 4415; x_wconf 91' lang='lat' dir='ltr'><strong>tinentiis</strong></span> <span class='ocrx_word' id='word_1_418' title='bbox 1163 4354 1243 4425; x_wconf 91' lang='lat' dir='ltr'><strong>suis,</strong></span> <span class='ocrx_word' id='word_1_419' title='bbox 1276 4352 1405 4413; x_wconf 87' lang='lat' dir='ltr'><strong>Sanctae</strong></span> <span class='ocrx_word' id='word_1_420' title='bbox 1432 4351 1548 4413; x_wconf 90' lang='lat' dir='ltr'><strong>Mariae</strong></span> <span class='ocrx_word' id='word_1_421' title='bbox 1574 4351 1780 4412; x_wconf 71' lang='lat' dir='ltr'><strong>ancillarum</strong></span> <span class='ocrx_word' id='word_1_422' title='bbox 1876 4381 1879 4388; x_wconf 95' lang='lat'>·</span> 
     </span>
    </p>
   </div>
   <div class='ocr_carea' id='block_1_8' title="bbox 132 4447 1781 5691">
    <p class='ocr_par' dir='ltr' id='par_1_11' title="bbox 132 4447 1781 5691">
     <span class='ocr_line' id='line_1_46' title="bbox 133 4447 1780 4525; baseline 0.001 -17"><span class='ocrx_word' id='word_1_423' title='bbox 133 4449 169 4508; x_wconf 90' lang='lat' dir='ltr'><strong>et</strong></span> <span class='ocrx_word' id='word_1_424' title='bbox 196 4451 404 4524; x_wconf 83' lang='lat' dir='ltr'><strong>operatorem</strong></span> <span class='ocrx_word' id='word_1_425' title='bbox 428 4464 502 4510; x_wconf 87' lang='grc'><strong>1111</strong></span> <span class='ocrx_word' id='word_1_426' title='bbox 529 4449 720 4525; x_wconf 89' lang='lat' dir='ltr'><strong>disponens,</strong></span> <span class='ocrx_word' id='word_1_427' title='bbox 751 4448 789 4510; x_wconf 94' lang='lat' dir='ltr'><strong>ut</strong></span> <span class='ocrx_word' id='word_1_428' title='bbox 812 4449 930 4511; x_wconf 86' lang='lat' dir='ltr'><strong>merito</strong></span> <span class='ocrx_word' id='word_1_429' title='bbox 984 4449 1042 4511; x_wconf 88' lang='lat' dir='ltr'><strong>Dei</strong></span> <span class='ocrx_word' id='word_1_430' title='bbox 1057 4451 1092 4510; x_wconf 92' lang='lat' dir='ltr'><strong>in</strong></span> <span class='ocrx_word' id='word_1_431' title='bbox 1109 4450 1243 4511; x_wconf 87' lang='lat' dir='ltr'><strong>civitate</strong></span> <span class='ocrx_word' id='word_1_432' title='bbox 1265 4449 1454 4520; x_wconf 77' lang='lat' dir='ltr'><strong>cosentina,</strong></span> <span class='ocrx_word' id='word_1_433' title='bbox 1486 4447 1598 4510; x_wconf 89' lang='lat' dir='ltr'><strong>Sancti</strong></span> <span class='ocrx_word' id='word_1_434' title='bbox 1626 4449 1718 4510; x_wconf 90' lang='lat' dir='ltr'><strong>Petri</strong></span> <span class='ocrx_word' id='word_1_435' title='bbox 1740 4447 1780 4509; x_wconf 91' lang='lat' dir='ltr'><strong>de</strong></span> 
     </span>
     <span class='ocr_line' id='line_1_47' title="bbox 133 4545 1780 4622; baseline 0.002 -18"><span class='ocrx_word' id='word_1_436' title='bbox 133 4545 315 4606; x_wconf 80' lang='lat' dir='ltr'><strong>casinense</strong></span> <span class='ocrx_word' id='word_1_437' title='bbox 339 4545 577 4607; x_wconf 88' lang='lat' dir='ltr'><strong>monasterium</strong></span> <span class='ocrx_word' id='word_1_438' title='bbox 591 4545 627 4606; x_wconf 93' lang='lat' dir='ltr'><strong>in</strong></span> <span class='ocrx_word' id='word_1_439' title='bbox 643 4561 717 4622; x_wconf 87' lang='lat' dir='ltr'><strong>quo,</strong></span> <span class='ocrx_word' id='word_1_440' title='bbox 732 4546 765 4607; x_wconf 91' lang='lat' dir='ltr'><strong>et</strong></span> <span class='ocrx_word' id='word_1_441' title='bbox 788 4547 932 4608; x_wconf 90' lang='lat' dir='ltr'><strong>sanctis·</strong></span> <span class='ocrx_word' id='word_1_442' title='bbox 984 4549 1084 4620; x_wconf 83' lang='lat' dir='ltr'><strong>Lacu,</strong></span> <span class='ocrx_word' id='word_1_443' title='bbox 1109 4546 1222 4608; x_wconf 89' lang='lat' dir='ltr'><strong>Sancti</strong></span> <span class='ocrx_word' id='word_1_444' title='bbox 1238 4548 1328 4608; x_wconf 86' lang='lat' dir='ltr'><strong>Petri</strong></span> <span class='ocrx_word' id='word_1_445' title='bbox 1343 4546 1384 4607; x_wconf 91' lang='lat' dir='ltr'><strong>de</strong></span> <span class='ocrx_word' id='word_1_446' title='bbox 1404 4546 1566 4608; x_wconf 73' lang='lat' dir='ltr'><strong>avellana</strong></span> <span class='ocrx_word' id='word_1_447' title='bbox 1588 4562 1662 4608; x_wconf 90' lang='lat' dir='ltr'><strong>oum</strong></span> <span class='ocrx_word' id='word_1_448' title='bbox 1686 4545 1780 4608; x_wconf 88' lang='grc'><strong>111111</strong></span> 
     </span>
     <span class='ocr_line' id='line_1_48' title="bbox 133 4641 1781 4721; baseline 0.002 -20"><span class='ocrx_word' id='word_1_449' title='bbox 133 4641 218 4702; x_wconf 92' lang='lat' dir='ltr'><strong>sime</strong></span> <span class='ocrx_word' id='word_1_450' title='bbox 239 4642 324 4703; x_wconf 82' lang='lat' dir='ltr'><strong>uixit</strong></span> <span class='ocrx_word' id='word_1_451' title='bbox 344 4644 378 4705; x_wconf 89' lang='lat' dir='ltr'><strong>et</strong></span> <span class='ocrx_word' id='word_1_452' title='bbox 399 4642 639 4718; x_wconf 85' lang='lat' dir='ltr'><strong>gloriosissime</strong></span> <span class='ocrx_word' id='word_1_453' title='bbox 661 4643 753 4716; x_wconf 92' lang='lat' dir='ltr'><strong>obiit,</strong></span> <span class='ocrx_word' id='word_1_454' title='bbox 776 4642 930 4704; x_wconf 89' lang='lat' dir='ltr'><strong>omnihus</strong></span> <span class='ocrx_word' id='word_1_455' title='bbox 984 4645 1016 4706; x_wconf 91' lang='lat' dir='ltr'><strong>et</strong></span> <span class='ocrx_word' id='word_1_456' title='bbox 1028 4644 1238 4721; x_wconf 88' lang='lat' dir='ltr'><strong>pertinentiis</strong></span> <span class='ocrx_word' id='word_1_457' title='bbox 1254 4645 1336 4715; x_wconf 90' lang='lat' dir='ltr'><strong>suis,</strong></span> <span class='ocrx_word' id='word_1_458' title='bbox 1355 4645 1468 4706; x_wconf 89' lang='lat' dir='ltr'><strong>Sancti</strong></span> <span class='ocrx_word' id='word_1_459' title='bbox 1481 4645 1612 4705; x_wconf 82' lang='lat' dir='ltr'><strong>Erasini</strong></span> <span class='ocrx_word' id='word_1_460' title='bbox 1625 4645 1658 4706; x_wconf 90' lang='grc'><strong>11</strong></span> <span class='ocrx_word' id='word_1_461' title='bbox 1673 4645 1705 4704; x_wconf 88' lang='lat' dir='ltr'><strong>S.</strong></span> <span class='ocrx_word' id='word_1_462' title='bbox 1722 4645 1781 4706; x_wconf 88' lang='lat' dir='ltr'><strong>Be·</strong></span> 
     </span>
     <span class='ocr_line' id='line_1_49' title="bbox 132 4736 1779 4816; baseline 0.002 -18"><span class='ocrx_word' id='word_1_463' title='bbox 132 4753 196 4815; x_wconf 89' lang='lat' dir='ltr'><strong>per</strong></span> <span class='ocrx_word' id='word_1_464' title='bbox 209 4737 418 4800; x_wconf 89' lang='lat' dir='ltr'><strong>Occidentem</strong></span> <span class='ocrx_word' id='word_1_465' title='bbox 440 4739 651 4800; x_wconf 91' lang='lat' dir='ltr'><strong>monasteriis</strong></span> <span class='ocrx_word' id='word_1_466' title='bbox 673 4739 843 4814; x_wconf 84' lang='lat' dir='ltr'><strong>dignitatis</strong></span> <span class='ocrx_word' id='word_1_467' title='bbox 860 4736 932 4816; x_wconf 91' lang='lat' dir='ltr'><strong>pri-</strong></span> <span class='ocrx_word' id='word_1_468' title='bbox 983 4741 1117 4814; x_wconf 86' lang='lat' dir='ltr'><strong>nedicti,</strong></span> <span class='ocrx_word' id='word_1_469' title='bbox 1135 4742 1169 4803; x_wconf 93' lang='grc'><strong>11</strong></span> <span class='ocrx_word' id='word_1_470' title='bbox 1181 4744 1213 4802; x_wconf 90' lang='lat' dir='ltr'><strong>S.</strong></span> <span class='ocrx_word' id='word_1_471' title='bbox 1234 4740 1448 4803; x_wconf 74' lang='lat' dir='ltr'><strong>Scholastica</strong></span> <span class='ocrx_word' id='word_1_472' title='bbox 1462 4742 1498 4802; x_wconf 91' lang='lat' dir='ltr'><strong>in</strong></span> <span class='ocrx_word' id='word_1_473' title='bbox 1521 4742 1647 4814; x_wconf 88' lang='lat' dir='ltr'><strong>Gaieta,</strong></span> <span class='ocrx_word' id='word_1_474' title='bbox 1666 4741 1779 4803; x_wconf 89' lang='lat' dir='ltr'><strong>Sancti</strong></span> 
     </span>
     <span class='ocr_line' id='line_1_50' title="bbox 132 4835 1777 4916; baseline 0.002 -20"><span class='ocrx_word' id='word_1_475' title='bbox 132 4835 257 4910; x_wconf 83' lang='lat' dir='ltr'><strong>vilegio</strong></span> <span class='ocrx_word' id='word_1_476' title='bbox 272 4835 460 4896; x_wconf 90' lang='lat' dir='ltr'><strong>antecellat.</strong></span> <span class='ocrx_word' id='word_1_477' title='bbox 483 4835 646 4907; x_wconf 90' lang='lat' dir='ltr'><strong>Quoniam</strong></span> <span class='ocrx_word' id='word_1_478' title='bbox 667 4835 771 4912; x_wconf 87' lang='lat' dir='ltr'><strong>igitur</strong></span> <span class='ocrx_word' id='word_1_479' title='bbox 794 4836 929 4912; x_wconf 87' lang='lat' dir='ltr'><strong>dignum</strong></span> <span class='ocrx_word' id='word_1_480' title='bbox 983 4839 1097 4900; x_wconf 90' lang='lat' dir='ltr'><strong>Manni</strong></span> <span class='ocrx_word' id='word_1_481' title='bbox 1110 4839 1144 4898; x_wconf 91' lang='lat' dir='ltr'><strong>in</strong></span> <span class='ocrx_word' id='word_1_482' title='bbox 1164 4839 1289 4900; x_wconf 86' lang='lat' dir='ltr'><strong>Fundis</strong></span> <span class='ocrx_word' id='word_1_483' title='bbox 1305 4855 1379 4900; x_wconf 91' lang='lat' dir='ltr'><strong>curn</strong></span> <span class='ocrx_word' id='word_1_484' title='bbox 1401 4839 1496 4899; x_wconf 90' lang='lat' dir='ltr'><strong>cellis</strong></span> <span class='ocrx_word' id='word_1_485' title='bbox 1521 4839 1554 4900; x_wconf 96' lang='grc'><strong>11</strong></span> <span class='ocrx_word' id='word_1_486' title='bbox 1567 4839 1777 4916; x_wconf 84' lang='lat' dir='ltr'><strong>pertinentiis</strong></span> 
     </span>
     <span class='ocr_line' id='line_1_51' title="bbox 133 4931 1781 5012; baseline 0.002 -20"><span class='ocrx_word' id='word_1_487' title='bbox 133 4932 195 5004; x_wconf 89' lang='lat' dir='ltr'><strong>est,</strong></span> <span class='ocrx_word' id='word_1_488' title='bbox 213 4932 325 4993; x_wconf 89' lang='lat' dir='ltr'><strong>uttam</strong></span> <span class='ocrx_word' id='word_1_489' title='bbox 336 4931 466 4994; x_wconf 87' lang='lat' dir='ltr'><strong>celebre</strong></span> <span class='ocrx_word' id='word_1_490' title='bbox 478 4949 516 4994; x_wconf 89' lang='lat' dir='ltr'><strong>ac</strong></span> <span class='ocrx_word' id='word_1_491' title='bbox 531 4933 677 4996; x_wconf 88' lang='lat' dir='ltr'><strong>solemne</strong></span> <span class='ocrx_word' id='word_1_492' title='bbox 692 4934 930 4995; x_wconf 89' lang='lat' dir='ltr'><strong>monasterium</strong></span> <span class='ocrx_word' id='word_1_493' title='bbox 983 4936 1063 5007; x_wconf 91' lang='lat' dir='ltr'><strong>suis,</strong></span> <span class='ocrx_word' id='word_1_494' title='bbox 1082 4935 1212 4996; x_wconf 88' lang='lat' dir='ltr'><strong>Sanctae</strong></span> <span class='ocrx_word' id='word_1_495' title='bbox 1224 4934 1362 5012; x_wconf 79' lang='lat' dir='ltr'><strong>Agathae</strong></span> <span class='ocrx_word' id='word_1_496' title='bbox 1377 4937 1409 4996; x_wconf 91' lang='lat' dir='ltr'><strong>et</strong></span> <span class='ocrx_word' id='word_1_497' title='bbox 1421 4934 1533 4996; x_wconf 88' lang='lat' dir='ltr'><strong>Sancti</strong></span> <span class='ocrx_word' id='word_1_498' title='bbox 1548 4935 1729 5006; x_wconf 87' lang='lat' dir='ltr'><strong>Benedicti,</strong></span> <span class='ocrx_word' id='word_1_499' title='bbox 1747 4935 1781 4996; x_wconf 90' lang='lat' dir='ltr'><strong>et</strong></span> 
     </span>
     <span class='ocr_line' id='line_1_52' title="bbox 132 5029 1779 5108; baseline 0.001 -18"><span class='ocrx_word' id='word_1_500' title='bbox 132 5029 327 5105; x_wconf 80' lang='lat' dir='ltr'><strong>apostolica</strong></span> <span class='ocrx_word' id='word_1_501' title='bbox 356 5030 458 5091; x_wconf 90' lang='lat' dir='ltr'><strong>Sedes</strong></span> <span class='ocrx_word' id='word_1_502' title='bbox 489 5030 667 5106; x_wconf 90' lang='lat' dir='ltr'><strong>specialius</strong></span> <span class='ocrx_word' id='word_1_503' title='bbox 699 5031 927 5107; x_wconf 89' lang='lat' dir='ltr'><strong>amplectatur,</strong></span> <span class='ocrx_word' id='word_1_504' title='bbox 984 5031 1096 5093; x_wconf 89' lang='lat' dir='ltr'><strong>Sancti</strong></span> <span class='ocrx_word' id='word_1_505' title='bbox 1111 5031 1272 5108; x_wconf 89' lang='lat' dir='ltr'><strong>Stephani</strong></span> <span class='ocrx_word' id='word_1_506' title='bbox 1291 5032 1325 5092; x_wconf 94' lang='lat' dir='ltr'><strong>in</strong></span> <span class='ocrx_word' id='word_1_507' title='bbox 1341 5031 1532 5103; x_wconf 86' lang='lat' dir='ltr'><strong>Terracina,</strong></span> <span class='ocrx_word' id='word_1_508' title='bbox 1558 5031 1669 5093; x_wconf 89' lang='lat' dir='ltr'><strong>Sancti</strong></span> <span class='ocrx_word' id='word_1_509' title='bbox 1687 5031 1779 5093; x_wconf 89' lang='lat' dir='ltr'><strong>Petri</strong></span> 
     </span>
     <span class='ocr_line' id='line_1_53' title="bbox 132 5126 1775 5206; baseline 0.002 -20"><span class='ocrx_word' id='word_1_510' title='bbox 132 5126 373 5187; x_wconf 88' lang='lat' dir='ltr'><strong>monasterium</strong></span> <span class='ocrx_word' id='word_1_511' title='bbox 402 5127 528 5203; x_wconf 92' lang='lat' dir='ltr'><strong>ipsum,</strong></span> <span class='ocrx_word' id='word_1_512' title='bbox 556 5126 597 5186; x_wconf 92' lang='lat' dir='ltr'><strong>ad</strong></span> <span class='ocrx_word' id='word_1_513' title='bbox 624 5128 795 5204; x_wconf 84' lang='lat' dir='ltr'><strong>exemplar</strong></span> <span class='ocrx_word' id='word_1_514' title='bbox 822 5127 928 5190; x_wconf 84' lang='lat' dir='ltr'><strong>salicis</strong></span> <span class='ocrx_word' id='word_1_515' title='bbox 981 5129 1016 5190; x_wconf 92' lang='lat' dir='ltr'><strong>in</strong></span> <span class='ocrx_word' id='word_1_516' title='bbox 1029 5129 1177 5200; x_wconf 82' lang='lat' dir='ltr'><strong>Foresta,</strong></span> <span class='ocrx_word' id='word_1_517' title='bbox 1203 5145 1277 5188; x_wconf 91' lang='lat' dir='ltr'><strong>cum</strong></span> <span class='ocrx_word' id='word_1_518' title='bbox 1293 5129 1387 5190; x_wconf 91' lang='lat' dir='ltr'><strong>cellis</strong></span> <span class='ocrx_word' id='word_1_519' title='bbox 1411 5129 1444 5191; x_wconf 89' lang='grc'><strong>11</strong></span> <span class='ocrx_word' id='word_1_520' title='bbox 1461 5128 1671 5206; x_wconf 89' lang='lat' dir='ltr'><strong>pertinentiis</strong></span> <span class='ocrx_word' id='word_1_521' title='bbox 1693 5129 1775 5201; x_wconf 89' lang='lat' dir='ltr'><strong>suis,</strong></span> 
     </span>
     <span class='ocr_line' id='line_1_54' title="bbox 133 5223 1776 5299; baseline 0.001 -15"><span class='ocrx_word' id='word_1_522' title='bbox 133 5224 303 5298; x_wconf 88' lang='lat' dir='ltr'><strong>memoriae</strong></span> <span class='ocrx_word' id='word_1_523' title='bbox 320 5223 496 5288; x_wconf 87' lang='lat' dir='ltr'><strong>Clementis</strong></span> <span class='ocrx_word' id='word_1_524' title='bbox 512 5223 544 5285; x_wconf 89' lang='lat' dir='ltr'><strong>et</strong></span> <span class='ocrx_word' id='word_1_525' title='bbox 563 5223 746 5286; x_wconf 88' lang='lat' dir='ltr'><strong>innocentii</strong></span> <span class='ocrx_word' id='word_1_526' title='bbox 762 5227 930 5286; x_wconf 90' lang='lat' dir='ltr'><strong>Romano·</strong></span> <span class='ocrx_word' id='word_1_527' title='bbox 983 5229 1016 5288; x_wconf 91' lang='lat' dir='ltr'><strong>S.</strong></span> <span class='ocrx_word' id='word_1_528' title='bbox 1046 5225 1152 5286; x_wconf 85' lang='lat' dir='ltr'><strong>Heliae</strong></span> <span class='ocrx_word' id='word_1_529' title='bbox 1183 5225 1217 5285; x_wconf 93' lang='lat' dir='ltr'><strong>in</strong></span> <span class='ocrx_word' id='word_1_530' title='bbox 1245 5225 1427 5299; x_wconf 73' lang='lat' dir='ltr'><strong>ambrisia,</strong></span> <span class='ocrx_word' id='word_1_531' title='bbox 1463 5227 1576 5287; x_wconf 89' lang='lat' dir='ltr'><strong>Sancti</strong></span> <span class='ocrx_word' id='word_1_532' title='bbox 1608 5226 1705 5287; x_wconf 88' lang='lat' dir='ltr'><strong>Pauli</strong></span> <span class='ocrx_word' id='word_1_533' title='bbox 1740 5227 1776 5286; x_wconf 92' lang='lat' dir='ltr'><strong>in</strong></span> 
     </span>
     <span class='ocr_line' id='line_1_55' title="bbox 132 5319 1775 5398; baseline 0.002 -17"><span class='ocrx_word' id='word_1_534' title='bbox 132 5335 206 5381; x_wconf 90' lang='lat' dir='ltr'><strong>rum</strong></span> <span class='ocrx_word' id='word_1_535' title='bbox 225 5320 422 5381; x_wconf 82' lang='lat' dir='ltr'><strong>Pontificum</strong></span> <span class='ocrx_word' id='word_1_536' title='bbox 443 5319 725 5398; x_wconf 77' lang='lat' dir='ltr'><strong>praedecessorum</strong></span> <span class='ocrx_word' id='word_1_537' title='bbox 740 5322 928 5383; x_wconf 91' lang='lat' dir='ltr'><strong>nostrorum</strong></span> <span class='ocrx_word' id='word_1_538' title='bbox 982 5324 1130 5394; x_wconf 87' lang='lat' dir='ltr'><strong>Foresta,</strong></span> <span class='ocrx_word' id='word_1_539' title='bbox 1149 5325 1182 5383; x_wconf 92' lang='lat' dir='ltr'><strong>S.</strong></span> <span class='ocrx_word' id='word_1_540' title='bbox 1199 5322 1315 5383; x_wconf 88' lang='lat' dir='ltr'><strong>Mariae</strong></span> <span class='ocrx_word' id='word_1_541' title='bbox 1331 5325 1405 5384; x_wconf 88' lang='lat' dir='ltr'><strong>etS.</strong></span> <span class='ocrx_word' id='word_1_542' title='bbox 1417 5323 1585 5384; x_wconf 83' lang='lat' dir='ltr'><strong>vincentii</strong></span> <span class='ocrx_word' id='word_1_543' title='bbox 1599 5322 1634 5383; x_wconf 93' lang='lat' dir='ltr'><strong>in</strong></span> <span class='ocrx_word' id='word_1_544' title='bbox 1650 5323 1775 5386; x_wconf 89' lang='lat' dir='ltr'><strong>Ponte-</strong></span> 
     </span>
     <span class='ocr_line' id='line_1_56' title="bbox 134 5415 1775 5496; baseline 0.002 -19"><span class='ocrx_word' id='word_1_545' title='bbox 134 5417 196 5478; x_wconf 91' lang='lat' dir='ltr'><strong>sub</strong></span> <span class='ocrx_word' id='word_1_546' title='bbox 210 5416 299 5478; x_wconf 91' lang='lat' dir='ltr'><strong>beati</strong></span> <span class='ocrx_word' id='word_1_547' title='bbox 317 5418 405 5478; x_wconf 90' lang='lat' dir='ltr'><strong>Petri</strong></span> <span class='ocrx_word' id='word_1_548' title='bbox 420 5419 453 5478; x_wconf 91' lang='grc'><strong>11</strong></span> <span class='ocrx_word' id='word_1_549' title='bbox 468 5415 585 5479; x_wconf 89' lang='lat' dir='ltr'><strong>nostra</strong></span> <span class='ocrx_word' id='word_1_550' title='bbox 596 5418 800 5495; x_wconf 90' lang='lat' dir='ltr'><strong>protectione</strong></span> <span class='ocrx_word' id='word_1_551' title='bbox 820 5421 930 5480; x_wconf 91' lang='lat' dir='ltr'><strong>susci·</strong></span> <span class='ocrx_word' id='word_1_552' title='bbox 982 5436 1083 5481; x_wconf 85' lang='lat' dir='ltr'><strong>curvo</strong></span> <span class='ocrx_word' id='word_1_553' title='bbox 1099 5435 1172 5480; x_wconf 92' lang='lat' dir='ltr'><strong>cum</strong></span> <span class='ocrx_word' id='word_1_554' title='bbox 1185 5419 1279 5480; x_wconf 89' lang='lat' dir='ltr'><strong>cellis</strong></span> <span class='ocrx_word' id='word_1_555' title='bbox 1292 5421 1325 5481; x_wconf 93' lang='lat' dir='ltr'><strong>et</strong></span> <span class='ocrx_word' id='word_1_556' title='bbox 1336 5419 1544 5496; x_wconf 86' lang='lat' dir='ltr'><strong>pertinentiis</strong></span> <span class='ocrx_word' id='word_1_557' title='bbox 1560 5419 1641 5492; x_wconf 91' lang='lat' dir='ltr'><strong>suis,</strong></span> <span class='ocrx_word' id='word_1_558' title='bbox 1660 5420 1775 5482; x_wconf 89' lang='lat' dir='ltr'><strong>Sancti</strong></span> 
     </span>
     <span class='ocr_line' id='line_1_57' title="bbox 134 5514 1773 5594; baseline 0.004 -20"><span class='ocrx_word' id='word_1_559' title='bbox 134 5516 253 5593; x_wconf 86' lang='lat' dir='ltr'><strong>pimus,</strong></span> <span class='ocrx_word' id='word_1_560' title='bbox 270 5514 304 5575; x_wconf 91' lang='lat' dir='ltr'><strong>et</strong></span> <span class='ocrx_word' id='word_1_561' title='bbox 321 5514 494 5591; x_wconf 76' lang='lat' dir='ltr'><strong>praesentis</strong></span> <span class='ocrx_word' id='word_1_562' title='bbox 514 5515 628 5592; x_wconf 90' lang='lat' dir='ltr'><strong>scripti</strong></span> <span class='ocrx_word' id='word_1_563' title='bbox 647 5514 822 5592; x_wconf 85' lang='lat' dir='ltr'><strong>privilegio</strong></span> <span class='ocrx_word' id='word_1_564' title='bbox 838 5533 929 5578; x_wconf 91' lang='lat' dir='ltr'><strong>com·</strong></span> <span class='ocrx_word' id='word_1_565' title='bbox 981 5517 1149 5579; x_wconf 89' lang='lat' dir='ltr'><strong>Benedicti</strong></span> <span class='ocrx_word' id='word_1_566' title='bbox 1163 5518 1199 5578; x_wconf 94' lang='lat' dir='ltr'><strong>in</strong></span> <span class='ocrx_word' id='word_1_567' title='bbox 1214 5518 1411 5594; x_wconf 83' lang='lat' dir='ltr'><strong>Bagnorala,</strong></span> <span class='ocrx_word' id='word_1_568' title='bbox 1426 5519 1458 5578; x_wconf 90' lang='lat' dir='ltr'><strong>S.</strong></span> <span class='ocrx_word' id='word_1_569' title='bbox 1476 5518 1593 5579; x_wconf 88' lang='lat' dir='ltr'><strong>Mariae</strong></span> <span class='ocrx_word' id='word_1_570' title='bbox 1607 5518 1639 5580; x_wconf 90' lang='grc'><strong>11</strong></span> <span class='ocrx_word' id='word_1_571' title='bbox 1654 5521 1687 5579; x_wconf 92' lang='lat' dir='ltr'><strong>S.</strong></span> <span class='ocrx_word' id='word_1_572' title='bbox 1703 5521 1773 5580; x_wconf 91' lang='lat' dir='ltr'><strong>Lu-</strong></span> 
     </span>
     <span class='ocr_line' id='line_1_58' title="bbox 134 5611 1776 5691; baseline 0.002 -17"><span class='ocrx_word' id='word_1_573' title='bbox 134 5612 303 5674; x_wconf 90' lang='lat' dir='ltr'><strong>mnninus.</strong></span> <span class='ocrx_word' id='word_1_574' title='bbox 321 5613 357 5673; x_wconf 91' lang='lat' dir='ltr'><strong>In</strong></span> <span class='ocrx_word' id='word_1_575' title='bbox 371 5611 485 5688; x_wconf 90' lang='lat' dir='ltr'><strong>primis</strong></span> <span class='ocrx_word' id='word_1_576' title='bbox 506 5613 667 5691; x_wconf 84' lang='lat' dir='ltr'><strong>siquidem</strong></span> <span class='ocrx_word' id='word_1_577' title='bbox 683 5613 876 5688; x_wconf 87' lang='lat' dir='ltr'><strong>statuentes,</strong></span> <span class='ocrx_word' id='word_1_578' title='bbox 894 5615 929 5678; x_wconf 93' lang='lat' dir='ltr'><strong>ut</strong></span> <span class='ocrx_word' id='word_1_579' title='bbox 981 5615 1100 5677; x_wconf 85' lang='lat' dir='ltr'><strong>claein</strong></span> <span class='ocrx_word' id='word_1_580' title='bbox 1132 5615 1215 5678; x_wconf 83' lang='lat' dir='ltr'><strong>Pdvo</strong></span> <span class='ocrx_word' id='word_1_581' title='bbox 1244 5615 1406 5688; x_wconf 87' lang='lat' dir='ltr'><strong>Matricio,</strong></span> <span class='ocrx_word' id='word_1_582' title='bbox 1442 5615 1554 5678; x_wconf 89' lang='lat' dir='ltr'><strong>Sancti</strong></span> <span class='ocrx_word' id='word_1_583' title='bbox 1583 5615 1713 5680; x_wconf 89' lang='lat' dir='ltr'><strong>Nicolai</strong></span> <span class='ocrx_word' id='word_1_584' title='bbox 1743 5617 1776 5679; x_wconf 87' lang='grc'><strong>11</strong></span> 
     </span>
    </p>
   </div>
   <div class='ocr_carea' id='block_1_9' title="bbox 0 0 2112 6400">
    <p class='ocr_par' dir='ltr' id='par_1_12' title="bbox 0 0 2112 6400">
     <span class='ocr_line' id='line_1_59' title="bbox 0 0 2112 6400; baseline 0 3"><span class='ocrx_word' id='word_1_585' title='bbox 0 0 2112 6400; x_wconf 95' lang='lat' dir='ltr'><strong> </strong></span> 
     </span>
    </p>
   </div>
  </div>
 </body>
</html>
