<?xml version="1.0" encoding="UTF-8"?>
<!DOCTYPE html PUBLIC "-//W3C//DTD XHTML 1.0 Transitional//EN"
    "http://www.w3.org/TR/xhtml1/DTD/xhtml1-transitional.dtd">
<html xmlns="http://www.w3.org/1999/xhtml" xml:lang="en" lang="en">
 <head>
  <title>
</title>
<meta http-equiv="Content-Type" content="text/html;charset=utf-8" />
  <meta name='ocr-system' content='tesseract 3.04.00' />
  <meta name='ocr-capabilities' content='ocr_page ocr_carea ocr_par ocr_line ocrx_word'/>
</head>
<body>
  <div class='ocr_page' id='page_1' title='image "./mediiaevibiblio02unkngoog_0477.png"; bbox 0 0 4234 6442; ppageno 0'>
   <div class='ocr_carea' id='block_1_1' title="bbox 1926 377 1995 434">
    <p class='ocr_par' dir='ltr' id='par_1_1' title="bbox 1926 377 1995 434">
     <span class='ocr_line' id='line_1_1' title="bbox 1926 377 1995 434; baseline 0 0"><span class='ocrx_word' id='word_1_1' title='bbox 1926 377 1995 434; x_wconf 70' lang='lat'><strong>472</strong></span> 
     </span>
    </p>
   </div>
   <div class='ocr_carea' id='block_1_2' title="bbox 335 491 1988 527">
    <p class='ocr_par' dir='ltr' id='par_1_2' title="bbox 335 491 1988 527">
     <span class='ocr_line' id='line_1_2' title="bbox 335 491 1988 527; baseline -0.001 -14"><span class='ocrx_word' id='word_1_2' title='bbox 335 491 1988 527; x_wconf 51' lang='lat' dir='ltr'><strong>mun—w</strong></span> 
     </span>
    </p>
   </div>
   <div class='ocr_carea' id='block_1_3' title="bbox 784 783 1527 914">
    <p class='ocr_par' dir='ltr' id='par_1_3' title="bbox 784 783 1527 914">
     <span class='ocr_line' id='line_1_3' title="bbox 784 783 1527 914; baseline 0.004 -8"><span class='ocrx_word' id='word_1_3' title='bbox 784 783 1034 908; x_wconf 82' lang='lat' dir='ltr'><strong>Llnnn</strong></span> <span class='ocrx_word' id='word_1_4' title='bbox 1096 783 1527 914; x_wconf 84' lang='lat' dir='ltr'>SECUNDUS</span> 
     </span>
    </p>
   </div>
   <div class='ocr_carea' id='block_1_4' title="bbox 555 1215 1757 1280">
    <p class='ocr_par' dir='ltr' id='par_1_4' title="bbox 555 1215 1757 1280">
     <span class='ocr_line' id='line_1_4' title="bbox 555 1215 1757 1280; baseline 0.001 -3"><span class='ocrx_word' id='word_1_5' title='bbox 555 1218 614 1277; x_wconf 84' lang='lat' dir='ltr'><strong>DE</strong></span> <span class='ocrx_word' id='word_1_6' title='bbox 649 1216 866 1278; x_wconf 85' lang='lat' dir='ltr'>SECUNDO</span> <span class='ocrx_word' id='word_1_7' title='bbox 900 1215 1105 1276; x_wconf 84' lang='lat' dir='ltr'>HONORII</span> <span class='ocrx_word' id='word_1_8' title='bbox 1137 1216 1194 1274; x_wconf 90' lang='lat'><strong>111</strong></span> <span class='ocrx_word' id='word_1_9' title='bbox 1226 1216 1581 1280; x_wconf 78' lang='lat' dir='ltr'><strong>PONTIFICATUS</strong></span> <span class='ocrx_word' id='word_1_10' title='bbox 1614 1219 1757 1279; x_wconf 82' lang='lat' dir='ltr'><strong>ANNO.</strong></span> 
     </span>
    </p>
   </div>
   <div class='ocr_carea' id='block_1_5' title="bbox 317 1451 1992 2401">
    <p class='ocr_par' dir='ltr' id='par_1_5' title="bbox 317 1451 1992 2401">
     <span class='ocr_line' id='line_1_5' title="bbox 367 1451 1989 1526; baseline -0.001 -17"><span class='ocrx_word' id='word_1_11' title='bbox 367 1453 485 1510; x_wconf 84' lang='lat' dir='ltr'><strong>Hortarii</strong></span> <span class='ocrx_word' id='word_1_12' title='bbox 501 1456 541 1512; x_wconf 96' lang='lat' dir='ltr'><strong>lll</strong></span> <span class='ocrx_word' id='word_1_13' title='bbox 556 1454 639 1523; x_wconf 90' lang='lat' dir='ltr'><strong>votis,</strong></span> <span class='ocrx_word' id='word_1_14' title='bbox 652 1461 711 1512; x_wconf 90' lang='lat' dir='ltr'><strong>tam</strong></span> <span class='ocrx_word' id='word_1_15' title='bbox 725 1454 753 1510; x_wconf 95' lang='lat' dir='ltr'><strong>in</strong></span> <span class='ocrx_word' id='word_1_16' title='bbox 765 1453 880 1511; x_wconf 88' lang='lat' dir='ltr'><strong>Oriente</strong></span> <span class='ocrx_word' id='word_1_17' title='bbox 895 1459 983 1526; x_wconf 83' lang='lat' dir='ltr'><strong>quarn</strong></span> <span class='ocrx_word' id='word_1_18' title='bbox 1003 1451 1032 1509; x_wconf 92' lang='lat' dir='ltr'><strong>in</strong></span> <span class='ocrx_word' id='word_1_19' title='bbox 1047 1451 1130 1510; x_wconf 88' lang='lat' dir='ltr'><strong>Occi·</strong></span> <span class='ocrx_word' id='word_1_20' title='bbox 1225 1452 1286 1509; x_wconf 90' lang='lat' dir='ltr'><strong>Hoc</strong></span> <span class='ocrx_word' id='word_1_21' title='bbox 1300 1465 1376 1509; x_wconf 90' lang='lat' dir='ltr'><strong>anno</strong></span> <span class='ocrx_word' id='word_1_22' title='bbox 1391 1453 1509 1510; x_wconf 92' lang='lat' dir='ltr'><strong>moritur</strong></span> <span class='ocrx_word' id='word_1_23' title='bbox 1527 1453 1556 1510; x_wconf 91' lang='lat' dir='ltr'><strong>in</strong></span> <span class='ocrx_word' id='word_1_24' title='bbox 1575 1453 1689 1512; x_wconf 87' lang='lat' dir='ltr'><strong>Oriente</strong></span> <span class='ocrx_word' id='word_1_25' title='bbox 1702 1452 1811 1510; x_wconf 91' lang='lat' dir='ltr'><strong>nomini</strong></span> <span class='ocrx_word' id='word_1_26' title='bbox 1827 1451 1989 1509; x_wconf 89' lang='lat' dir='ltr'><strong>christiano</strong></span> 
     </span>
     <span class='ocr_line' id='line_1_6' title="bbox 330 1547 1991 1624; baseline -0.001 -18"><span class='ocrx_word' id='word_1_27' title='bbox 330 1547 430 1619; x_wconf 71' lang='lat' dir='ltr'><strong>deum,</strong></span> <span class='ocrx_word' id='word_1_28' title='bbox 447 1558 568 1608; x_wconf 88' lang='lat' dir='ltr'><strong>eventus</strong></span> <span class='ocrx_word' id='word_1_29' title='bbox 589 1550 683 1609; x_wconf 80' lang='lat' dir='ltr'>bellici</span> <span class='ocrx_word' id='word_1_30' title='bbox 704 1551 775 1608; x_wconf 89' lang='lat' dir='ltr'><strong>satis</strong></span> <span class='ocrx_word' id='word_1_31' title='bbox 794 1549 1033 1623; x_wconf 89' lang='lat' dir='ltr'><strong>responderevisi</strong></span> <span class='ocrx_word' id='word_1_32' title='bbox 1054 1555 1129 1606; x_wconf 82' lang='lat' dir='ltr'><strong>aunt.</strong></span> <span class='ocrx_word' id='word_1_33' title='bbox 1187 1547 1389 1607; x_wconf 89' lang='lat' dir='ltr'><strong>iniestisaimus</strong></span> <span class='ocrx_word' id='word_1_34' title='bbox 1413 1549 1460 1608; x_wconf 89' lang='lat' dir='ltr'><strong>ille</strong></span> <span class='ocrx_word' id='word_1_35' title='bbox 1484 1565 1569 1624; x_wconf 85' lang='lat' dir='ltr'><strong>quern</strong></span> <span class='ocrx_word' id='word_1_36' title='bbox 1599 1551 1701 1608; x_wconf 89' lang='lat' dir='ltr'><strong>merita</strong></span> <span class='ocrx_word' id='word_1_37' title='bbox 1732 1555 1817 1608; x_wconf 90' lang='lat' dir='ltr'><strong>vocat</strong></span> <span class='ocrx_word' id='word_1_38' title='bbox 1842 1550 1991 1608; x_wconf 90' lang='lat' dir='ltr'><strong>lloncrius</strong></span> 
     </span>
     <span class='ocr_line' id='line_1_7' title="bbox 334 1645 1990 1727; baseline -0.002 -21"><span class='ocrx_word' id='word_1_39' title='bbox 334 1647 420 1716; x_wconf 87' lang='lat' dir='ltr'><strong>Nam,</strong></span> <span class='ocrx_word' id='word_1_40' title='bbox 446 1655 476 1727; x_wconf 90' lang='lat' dir='ltr'><strong>ut</strong></span> <span class='ocrx_word' id='word_1_41' title='bbox 497 1647 559 1721; x_wconf 87' lang='lat' dir='ltr'><strong>ipae</strong></span> <span class='ocrx_word' id='word_1_42' title='bbox 582 1650 630 1717; x_wconf 89' lang='lat' dir='ltr'><strong>ait,</strong></span> <span class='ocrx_word' id='word_1_43' title='bbox 653 1647 843 1706; x_wconf 88' lang='lat' dir='ltr'><strong>Orientalibus</strong></span> <span class='ocrx_word' id='word_1_44' title='bbox 864 1647 993 1705; x_wconf 85' lang='lat' dir='ltr'><strong>scribens</strong></span> <span class='ocrx_word' id='word_1_45' title='bbox 1010 1663 1017 1704; x_wconf 95' lang='lat'>:</span> <span class='ocrx_word' id='word_1_46' title='bbox 1045 1647 1132 1718; x_wconf 79' lang='lat' dir='ltr'><strong>«lpse</strong></span> <span class='ocrx_word' id='word_1_47' title='bbox 1189 1646 1415 1719; x_wconf 83' lang='lat' dir='ltr'><strong>«impiissimum</strong></span> <span class='ocrx_word' id='word_1_48' title='bbox 1430 1646 1580 1705; x_wconf 79' lang='lat' dir='ltr'>soldanum</span> <span class='ocrx_word' id='word_1_49' title='bbox 1595 1645 1789 1720; x_wconf 90' lang='lat' dir='ltr'><strong>Sephadinum</strong></span> <span class='ocrx_word' id='word_1_50' title='bbox 1808 1647 1990 1720; x_wconf 71' lang='lat' dir='ltr'><strong>precipuum</strong></span> 
     </span>
     <span class='ocr_line' id='line_1_8' title="bbox 317 1743 1990 1819; baseline -0.001 -19"><span class='ocrx_word' id='word_1_51' title='bbox 317 1745 472 1802; x_wconf 76' lang='lat' dir='ltr'><strong>,Dominus</strong></span> <span class='ocrx_word' id='word_1_52' title='bbox 485 1744 545 1819; x_wconf 85' lang='lat' dir='ltr'><strong>jam</strong></span> <span class='ocrx_word' id='word_1_53' title='bbox 569 1745 636 1804; x_wconf 89' lang='lat' dir='ltr'><strong>lecit</strong></span> <span class='ocrx_word' id='word_1_54' title='bbox 656 1745 804 1804; x_wconf 87' lang='lat' dir='ltr'><strong>nobiscum</strong></span> <span class='ocrx_word' id='word_1_55' title='bbox 824 1745 940 1818; x_wconf 90' lang='lat' dir='ltr'><strong>signum</strong></span> <span class='ocrx_word' id='word_1_56' title='bbox 963 1745 992 1800; x_wconf 93' lang='lat' dir='ltr'><strong>in</strong></span> <span class='ocrx_word' id='word_1_57' title='bbox 1013 1743 1130 1813; x_wconf 86' lang='lat' dir='ltr'><strong>bonum,</strong></span> <span class='ocrx_word' id='word_1_58' title='bbox 1188 1744 1321 1801; x_wconf 91' lang='lat' dir='ltr'><strong>malleum</strong></span> <span class='ocrx_word' id='word_1_59' title='bbox 1334 1745 1804 1802; x_wconf 80' lang='lat' dir='ltr'><strong>TerraeSanctae.»lluicsuccessit</strong></span> <span class='ocrx_word' id='word_1_60' title='bbox 1819 1744 1990 1816; x_wconf 80' lang='lat' dir='ltr'><strong>inAEgypto</strong></span> 
     </span>
     <span class='ocr_line' id='line_1_9' title="bbox 332 1839 1990 1917; baseline 0 -19"><span class='ocrx_word' id='word_1_61' title='bbox 332 1843 542 1916; x_wconf 73' lang='lat' dir='ltr'><strong>crucesignatis</strong></span> <span class='ocrx_word' id='word_1_62' title='bbox 562 1858 611 1916; x_wconf 91' lang='lat' dir='ltr'><strong>per</strong></span> <span class='ocrx_word' id='word_1_63' title='bbox 638 1843 807 1917; x_wconf 85' lang='lat' dir='ltr'><strong>llispaniam</strong></span> <span class='ocrx_word' id='word_1_64' title='bbox 827 1841 1054 1910; x_wconf 89' lang='lat' dir='ltr'><strong>transeuntibus,</strong></span> <span class='ocrx_word' id='word_1_65' title='bbox 1075 1853 1132 1897; x_wconf 91' lang='lat' dir='ltr'><strong>non</strong></span> <span class='ocrx_word' id='word_1_66' title='bbox 1188 1839 1452 1899; x_wconf 81' lang='grc' dir='ltr'>Μοιοιι-οι-Κοιοοι.</span> <span class='ocrx_word' id='word_1_67' title='bbox 1474 1845 1507 1900; x_wconf 88' lang='grc' dir='ltr'><strong>ιο</strong></span> <span class='ocrx_word' id='word_1_68' title='bbox 1528 1841 1676 1900; x_wconf 90' lang='lat' dir='ltr'><strong>occidente</strong></span> <span class='ocrx_word' id='word_1_69' title='bbox 1698 1841 1821 1899; x_wconf 72' lang='lat' dir='ltr'><strong>decessit</strong></span> <span class='ocrx_word' id='word_1_70' title='bbox 1844 1840 1921 1898; x_wconf 87' lang='lat' dir='ltr'><strong>Otho</strong></span> <span class='ocrx_word' id='word_1_71' title='bbox 1939 1841 1990 1908; x_wconf 86' lang='lat' dir='ltr'><strong>lv,</strong></span> 
     </span>
     <span class='ocr_line' id='line_1_10' title="bbox 333 1935 1988 2011; baseline 0 -17"><span class='ocrx_word' id='word_1_72' title='bbox 333 1939 425 1996; x_wconf 78' lang='lat' dir='ltr'><strong>volum</strong></span> <span class='ocrx_word' id='word_1_73' title='bbox 447 1941 648 1998; x_wconf 91' lang='lat' dir='ltr'><strong>miraculosam</strong></span> <span class='ocrx_word' id='word_1_74' title='bbox 675 1939 825 1998; x_wconf 91' lang='lat' dir='ltr'><strong>tribuendo</strong></span> <span class='ocrx_word' id='word_1_75' title='bbox 848 1941 1009 2008; x_wconf 89' lang='lat' dir='ltr'><strong>victoriam,</strong></span> <span class='ocrx_word' id='word_1_76' title='bbox 1029 1949 1131 1996; x_wconf 90' lang='lat' dir='ltr'><strong>verum</strong></span> <span class='ocrx_word' id='word_1_77' title='bbox 1187 1939 1236 2010; x_wconf 84' lang='lat' dir='ltr'><strong>qui</strong></span> <span class='ocrx_word' id='word_1_78' title='bbox 1255 1937 1376 2011; x_wconf 85' lang='lat' dir='ltr'><strong>primurn</strong></span> <span class='ocrx_word' id='word_1_79' title='bbox 1391 1937 1465 1996; x_wconf 90' lang='lat' dir='ltr'><strong>bene</strong></span> <span class='ocrx_word' id='word_1_80' title='bbox 1479 1939 1598 1996; x_wconf 89' lang='lat' dir='ltr'><strong>meritus</strong></span> <span class='ocrx_word' id='word_1_81' title='bbox 1612 1938 1647 1996; x_wconf 93' lang='lat' dir='ltr'><strong>de</strong></span> <span class='ocrx_word' id='word_1_82' title='bbox 1662 1940 1691 1996; x_wconf 87' lang='lat' dir='ltr'><strong>S.</strong></span> <span class='ocrx_word' id='word_1_83' title='bbox 1712 1937 1795 2007; x_wconf 87' lang='lat' dir='ltr'><strong>Sede,</strong></span> <span class='ocrx_word' id='word_1_84' title='bbox 1806 1945 1906 2011; x_wconf 89' lang='lat' dir='ltr'><strong>postea</strong></span> <span class='ocrx_word' id='word_1_85' title='bbox 1923 1935 1988 1994; x_wconf 84' lang='lat' dir='ltr'><strong>iuc-</strong></span> 
     </span>
     <span class='ocr_line' id='line_1_11' title="bbox 332 2034 1990 2111; baseline -0.001 -20"><span class='ocrx_word' id='word_1_86' title='bbox 332 2036 419 2092; x_wconf 89' lang='lat' dir='ltr'><strong>etiarn</strong></span> <span class='ocrx_word' id='word_1_87' title='bbox 438 2037 500 2094; x_wconf 90' lang='lat' dir='ltr'><strong>illos</strong></span> <span class='ocrx_word' id='word_1_88' title='bbox 522 2038 710 2109; x_wconf 83' lang='lat' dir='ltr'><strong>quorumdam</strong></span> <span class='ocrx_word' id='word_1_89' title='bbox 725 2039 889 2095; x_wconf 76' lang='lat' dir='ltr'><strong>ostensione</strong></span> <span class='ocrx_word' id='word_1_90' title='bbox 907 2039 1057 2111; x_wconf 90' lang='lat' dir='ltr'><strong>signorum</strong></span> <span class='ocrx_word' id='word_1_91' title='bbox 1077 2038 1131 2095; x_wconf 92' lang='lat' dir='ltr'><strong>mi·</strong></span> <span class='ocrx_word' id='word_1_92' title='bbox 1188 2042 1231 2092; x_wconf 90' lang='lat' dir='ltr'><strong>rat</strong></span> <span class='ocrx_word' id='word_1_93' title='bbox 1244 2037 1508 2094; x_wconf 87' lang='lat' dir='ltr'><strong>excommunicatus</strong></span> <span class='ocrx_word' id='word_1_94' title='bbox 1520 2043 1549 2093; x_wconf 88' lang='lat' dir='ltr'><strong>et</strong></span> <span class='ocrx_word' id='word_1_95' title='bbox 1564 2037 1653 2093; x_wconf 90' lang='lat' dir='ltr'><strong>vitam</strong></span> <span class='ocrx_word' id='word_1_96' title='bbox 1672 2034 1763 2093; x_wconf 91' lang='lat' dir='ltr'><strong>linivit</strong></span> <span class='ocrx_word' id='word_1_97' title='bbox 1777 2035 1847 2092; x_wconf 86' lang='lat' dir='ltr'><strong>satis</strong></span> <span class='ocrx_word' id='word_1_98' title='bbox 1861 2035 1990 2091; x_wconf 84' lang='lat' dir='ltr'><strong>obscure</strong></span> 
     </span>
     <span class='ocr_line' id='line_1_12' title="bbox 331 2131 1992 2208; baseline -0.001 -18"><span class='ocrx_word' id='word_1_99' title='bbox 331 2131 738 2192; x_wconf 76' lang='lat' dir='ltr'><strong>aericorditerccnlortnndo.r</strong></span> <span class='ocrx_word' id='word_1_100' title='bbox 762 2137 803 2192; x_wconf 87' lang='lat' dir='ltr'><strong>De</strong></span> <span class='ocrx_word' id='word_1_101' title='bbox 816 2135 934 2192; x_wconf 88' lang='lat' dir='ltr'><strong>victoria</strong></span> <span class='ocrx_word' id='word_1_102' title='bbox 945 2135 1069 2208; x_wconf 83' lang='lat' dir='ltr'><strong>loquitur</strong></span> <span class='ocrx_word' id='word_1_103' title='bbox 1079 2135 1133 2192; x_wconf 85' lang='lat' dir='ltr'><strong>sibi</strong></span> <span class='ocrx_word' id='word_1_104' title='bbox 1188 2131 1216 2188; x_wconf 90' lang='lat' dir='ltr'><strong>lu</strong></span> <span class='ocrx_word' id='word_1_105' title='bbox 1231 2131 1355 2204; x_wconf 87' lang='lat' dir='ltr'><strong>quodam</strong></span> <span class='ocrx_word' id='word_1_106' title='bbox 1370 2134 1496 2191; x_wconf 88' lang='lat' dir='ltr'><strong>castello.</strong></span> <span class='ocrx_word' id='word_1_107' title='bbox 1513 2134 1596 2191; x_wconf 95' lang='lat' dir='ltr'><strong>lllum</strong></span> <span class='ocrx_word' id='word_1_108' title='bbox 1611 2133 1756 2191; x_wconf 90' lang='lat' dir='ltr'><strong>devicerat</strong></span> <span class='ocrx_word' id='word_1_109' title='bbox 1770 2132 1920 2205; x_wconf 91' lang='lat' dir='ltr'><strong>Philippus</strong></span> <span class='ocrx_word' id='word_1_110' title='bbox 1935 2133 1992 2189; x_wconf 80' lang='lat' dir='ltr'><strong>liu·</strong></span> 
     </span>
     <span class='ocr_line' id='line_1_13' title="bbox 334 2229 1730 2306; baseline 0.001 -21"><span class='ocrx_word' id='word_1_111' title='bbox 334 2231 462 2286; x_wconf 87' lang='lat' dir='ltr'><strong>nuntiata</strong></span> <span class='ocrx_word' id='word_1_112' title='bbox 484 2245 569 2303; x_wconf 83' lang='lat' dir='ltr'><strong>quam</strong></span> <span class='ocrx_word' id='word_1_113' title='bbox 588 2233 616 2288; x_wconf 93' lang='lat' dir='ltr'><strong>in</strong></span> <span class='ocrx_word' id='word_1_114' title='bbox 635 2232 779 2289; x_wconf 86' lang='lat' dir='ltr'><strong>Lusitania</strong></span> <span class='ocrx_word' id='word_1_115' title='bbox 796 2233 990 2305; x_wconf 74' lang='lat' dir='ltr'><strong>crucesignati</strong></span> <span class='ocrx_word' id='word_1_116' title='bbox 1003 2239 1130 2306; x_wconf 89' lang='lat' dir='ltr'><strong>reporta·</strong></span> <span class='ocrx_word' id='word_1_117' title='bbox 1188 2235 1290 2302; x_wconf 86' lang='lat' dir='ltr'><strong>gustus</strong></span> <span class='ocrx_word' id='word_1_118' title='bbox 1304 2244 1353 2286; x_wconf 84' lang='lat' dir='ltr'><strong>rex</strong></span> <span class='ocrx_word' id='word_1_119' title='bbox 1366 2231 1493 2288; x_wconf 72' lang='lat' dir='ltr'><strong>Francis</strong></span> <span class='ocrx_word' id='word_1_120' title='bbox 1506 2229 1581 2303; x_wconf 90' lang='lat' dir='ltr'><strong>apud</strong></span> <span class='ocrx_word' id='word_1_121' title='bbox 1597 2231 1730 2289; x_wconf 86' lang='lat' dir='ltr'><strong>Bovinas.</strong></span> 
     </span>
     <span class='ocr_line' id='line_1_14' title="bbox 332 2325 1991 2401; baseline -0.001 -17"><span class='ocrx_word' id='word_1_122' title='bbox 332 2334 444 2395; x_wconf 91' lang='lat' dir='ltr'><strong>verant,</strong></span> <span class='ocrx_word' id='word_1_123' title='bbox 455 2325 829 2386; x_wconf 86' lang='lat' dir='ltr'><strong>contrallahumetnncrum</strong></span> <span class='ocrx_word' id='word_1_124' title='bbox 842 2329 1028 2386; x_wconf 89' lang='lat' dir='ltr'><strong>exercitusax</strong></span> <span class='ocrx_word' id='word_1_125' title='bbox 1038 2328 1131 2388; x_wconf 82' lang='lat' dir='ltr'><strong>Airica</strong></span> <span class='ocrx_word' id='word_1_126' title='bbox 1224 2325 1278 2384; x_wconf 89' lang='lat' dir='ltr'><strong>Sed</strong></span> <span class='ocrx_word' id='word_1_127' title='bbox 1291 2325 1430 2396; x_wconf 77' lang='lat' dir='ltr'><strong>Andreas,</strong></span> <span class='ocrx_word' id='word_1_128' title='bbox 1453 2328 1614 2401; x_wconf 83' lang='lat' dir='ltr'><strong>ilungariae.</strong></span> <span class='ocrx_word' id='word_1_129' title='bbox 1624 2343 1683 2397; x_wconf 85' lang='lat' dir='ltr'><strong>rex,</strong></span> <span class='ocrx_word' id='word_1_130' title='bbox 1698 2327 1747 2401; x_wconf 84' lang='lat' dir='ltr'><strong>qui</strong></span> <span class='ocrx_word' id='word_1_131' title='bbox 1760 2325 1851 2383; x_wconf 90' lang='lat' dir='ltr'><strong>iuerat</strong></span> <span class='ocrx_word' id='word_1_132' title='bbox 1865 2325 1991 2384; x_wconf 87' lang='lat' dir='ltr'><strong>crucesi-</strong></span> 
     </span>
    </p>
   </div>
   <div class='ocr_carea' id='block_1_6' title="bbox 333 2423 2088 2694">
    <p class='ocr_par' dir='ltr' id='par_1_6' title="bbox 333 2423 2088 2694">
     <span class='ocr_line' id='line_1_15' title="bbox 333 2423 2088 2500; baseline -0.001 -21"><span class='ocrx_word' id='word_1_133' title='bbox 333 2432 528 2498; x_wconf 87' lang='lat' dir='ltr'><strong>erumpentes.</strong></span> <span class='ocrx_word' id='word_1_134' title='bbox 549 2427 584 2482; x_wconf 85' lang='lat' dir='ltr'><strong>Et</strong></span> <span class='ocrx_word' id='word_1_135' title='bbox 606 2425 708 2483; x_wconf 88' lang='lat' dir='ltr'><strong>eodem</strong></span> <span class='ocrx_word' id='word_1_136' title='bbox 725 2425 783 2482; x_wconf 90' lang='lat' dir='ltr'><strong>iere</strong></span> <span class='ocrx_word' id='word_1_137' title='bbox 798 2432 938 2499; x_wconf 86' lang='lat' dir='ltr'><strong>tempore,</strong></span> <span class='ocrx_word' id='word_1_138' title='bbox 959 2441 995 2484; x_wconf 86' lang='lat' dir='ltr'><strong>ex</strong></span> <span class='ocrx_word' id='word_1_139' title='bbox 1008 2429 1133 2500; x_wconf 83' lang='lat' dir='ltr'><strong>AEgyptn</strong></span> <span class='ocrx_word' id='word_1_140' title='bbox 1188 2432 1304 2498; x_wconf 84' lang='lat' dir='ltr'><strong>gnatus,</strong></span> <span class='ocrx_word' id='word_1_141' title='bbox 1321 2424 1407 2481; x_wconf 89' lang='lat' dir='ltr'><strong>etiam</strong></span> <span class='ocrx_word' id='word_1_142' title='bbox 1429 2425 1548 2482; x_wconf 88' lang='lat' dir='ltr'><strong>moritur</strong></span> <span class='ocrx_word' id='word_1_143' title='bbox 1565 2423 1622 2482; x_wconf 90' lang='lat' dir='ltr'><strong>hcc</strong></span> <span class='ocrx_word' id='word_1_144' title='bbox 1634 2439 1720 2494; x_wconf 89' lang='lat' dir='ltr'><strong>anno,</strong></span> <span class='ocrx_word' id='word_1_145' title='bbox 1736 2432 1765 2481; x_wconf 89' lang='lat' dir='ltr'><strong>et</strong></span> <span class='ocrx_word' id='word_1_146' title='bbox 1780 2423 1877 2482; x_wconf 89' lang='lat' dir='ltr'><strong>Simon</strong></span> <span class='ocrx_word' id='word_1_147' title='bbox 1890 2425 1986 2481; x_wconf 81' lang='lat' dir='ltr'><strong>hioni-</strong></span> <span class='ocrx_word' id='word_1_148' title='bbox 2087 2483 2088 2500; x_wconf 27' lang='lat'>2</span> 
     </span>
     <span class='ocr_line' id='line_1_16' title="bbox 333 2517 2088 2606; baseline -0.002 -27"><span class='ocrx_word' id='word_1_149' title='bbox 333 2520 370 2579; x_wconf 92' lang='lat' dir='ltr'><strong>ad</strong></span> <span class='ocrx_word' id='word_1_150' title='bbox 392 2522 484 2594; x_wconf 90' lang='lat' dir='ltr'><strong>ipsum</strong></span> <span class='ocrx_word' id='word_1_151' title='bbox 506 2521 607 2580; x_wconf 80' lang='lat' dir='ltr'><strong>litterae</strong></span> <span class='ocrx_word' id='word_1_152' title='bbox 633 2537 790 2596; x_wconf 90' lang='lat' dir='ltr'><strong>pervenere</strong></span> <span class='ocrx_word' id='word_1_153' title='bbox 807 2522 936 2580; x_wconf 86' lang='lat' dir='ltr'><strong>dicentes</strong></span> <span class='ocrx_word' id='word_1_154' title='bbox 950 2523 1133 2582; x_wconf 86' lang='lat' dir='ltr'><strong>Pelusiacum</strong></span> <span class='ocrx_word' id='word_1_155' title='bbox 1188 2519 1297 2591; x_wconf 89' lang='lat' dir='ltr'><strong>lortius,</strong></span> <span class='ocrx_word' id='word_1_156' title='bbox 1325 2522 1375 2594; x_wconf 88' lang='lat' dir='ltr'><strong>qui</strong></span> <span class='ocrx_word' id='word_1_157' title='bbox 1404 2521 1538 2606; x_wconf 87' lang='lat' dir='ltr'><strong>Tolosani</strong></span> <span class='ocrx_word' id='word_1_158' title='bbox 1562 2521 1721 2591; x_wconf 88' lang='lat' dir='ltr'><strong>obsidebat,</strong></span> <span class='ocrx_word' id='word_1_159' title='bbox 1748 2520 1854 2578; x_wconf 83' lang='lat' dir='ltr'><strong>athleta</strong></span> <span class='ocrx_word' id='word_1_160' title='bbox 1882 2519 1988 2580; x_wconf 87' lang='lat' dir='ltr'><strong>Christi</strong></span> <span class='ocrx_word' id='word_1_161' title='bbox 2087 2517 2088 2537; x_wconf 66' lang='lat'>¹</span> 
     </span>
     <span class='ocr_line' id='line_1_17' title="bbox 334 2618 2088 2694; baseline -0.003 -17"><span class='ocrx_word' id='word_1_162' title='bbox 334 2619 458 2677; x_wconf 88' lang='lat' dir='ltr'><strong>Pharum</strong></span> <span class='ocrx_word' id='word_1_163' title='bbox 473 2634 489 2676; x_wconf 90' lang='lat' dir='ltr'><strong>a</strong></span> <span class='ocrx_word' id='word_1_164' title='bbox 509 2618 677 2679; x_wconf 83' lang='lat' dir='ltr'><strong>Christianis</strong></span> <span class='ocrx_word' id='word_1_165' title='bbox 690 2619 825 2690; x_wconf 86' lang='lat' dir='ltr'><strong>obsideri,</strong></span> <span class='ocrx_word' id='word_1_166' title='bbox 841 2627 869 2678; x_wconf 89' lang='lat' dir='ltr'><strong>et</strong></span> <span class='ocrx_word' id='word_1_167' title='bbox 894 2620 1053 2678; x_wconf 86' lang='lat' dir='ltr'><strong>Damiatam</strong></span> <span class='ocrx_word' id='word_1_168' title='bbox 1068 2635 1133 2678; x_wconf 88' lang='lat' dir='ltr'><strong>esse</strong></span> <span class='ocrx_word' id='word_1_169' title='bbox 1187 2619 1414 2689; x_wconf 86' lang='lat' dir='ltr'><strong>strenuissimus,</strong></span> <span class='ocrx_word' id='word_1_170' title='bbox 1427 2626 1459 2676; x_wconf 92' lang='lat' dir='ltr'><strong>ut</strong></span> <span class='ocrx_word' id='word_1_171' title='bbox 1472 2620 1510 2676; x_wconf 90' lang='lat' dir='ltr'><strong>nit</strong></span> <span class='ocrx_word' id='word_1_172' title='bbox 1526 2618 1698 2693; x_wconf 86' lang='lat' dir='ltr'><strong>liaynaldus,</strong></span> <span class='ocrx_word' id='word_1_173' title='bbox 1712 2619 1755 2675; x_wconf 94' lang='lat' dir='ltr'><strong>vir</strong></span> <span class='ocrx_word' id='word_1_174' title='bbox 1763 2633 1830 2676; x_wconf 90' lang='lat' dir='ltr'><strong>acer</strong></span> <span class='ocrx_word' id='word_1_175' title='bbox 1841 2625 1870 2675; x_wconf 87' lang='lat' dir='ltr'><strong>et</strong></span> <span class='ocrx_word' id='word_1_176' title='bbox 1880 2619 1987 2685; x_wconf 89' lang='lat' dir='ltr'><strong>alacer,</strong></span> <span class='ocrx_word' id='word_1_177' title='bbox 2087 2655 2088 2694; x_wconf 18' lang='grc' dir='ltr'>ἦ</span> 
     </span>
    </p>
   </div>
   <div class='ocr_carea' id='block_1_7' title="bbox 333 2714 1993 2983">
    <p class='ocr_par' dir='ltr' id='par_1_7' title="bbox 333 2714 1993 2983">
     <span class='ocr_line' id='line_1_18' title="bbox 334 2714 1987 2792; baseline -0.001 -20"><span class='ocrx_word' id='word_1_178' title='bbox 334 2714 463 2788; x_wconf 82' lang='lat' dir='ltr'><strong>proxime</strong></span> <span class='ocrx_word' id='word_1_179' title='bbox 487 2716 637 2775; x_wconf 86' lang='lat' dir='ltr'><strong>obsidione</strong></span> <span class='ocrx_word' id='word_1_180' title='bbox 662 2717 880 2786; x_wconf 88' lang='lat' dir='ltr'><strong>circumdatam,</strong></span> <span class='ocrx_word' id='word_1_181' title='bbox 912 2732 967 2790; x_wconf 87' lang='lat' dir='ltr'><strong>qua</strong></span> <span class='ocrx_word' id='word_1_182' title='bbox 985 2725 1080 2792; x_wconf 87' lang='lat' dir='ltr'><strong>capta,</strong></span> <span class='ocrx_word' id='word_1_183' title='bbox 1103 2726 1134 2776; x_wconf 89' lang='lat' dir='ltr'><strong>ut</strong></span> <span class='ocrx_word' id='word_1_184' title='bbox 1188 2723 1218 2773; x_wconf 95' lang='lat' dir='ltr'><strong>ut</strong></span> <span class='ocrx_word' id='word_1_185' title='bbox 1234 2716 1386 2784; x_wconf 83' lang='lat' dir='ltr'><strong>aitllallis,</strong></span> <span class='ocrx_word' id='word_1_186' title='bbox 1402 2717 1477 2773; x_wconf 77' lang='lat' dir='ltr'><strong>litet.</strong></span> <span class='ocrx_word' id='word_1_187' title='bbox 1493 2716 1586 2788; x_wconf 76' lang='lat' dir='ltr'><strong>Alb-ip.</strong></span> <span class='ocrx_word' id='word_1_188' title='bbox 1611 2716 1772 2773; x_wconf 71' lang='lat' dir='ltr'><strong>amalricus</strong></span> <span class='ocrx_word' id='word_1_189' title='bbox 1796 2715 1872 2773; x_wconf 85' lang='lat' dir='ltr'><strong>filius</strong></span> <span class='ocrx_word' id='word_1_190' title='bbox 1892 2716 1987 2772; x_wconf 86' lang='lat' dir='ltr'><strong>licut·</strong></span> 
     </span>
     <span class='ocr_line' id='line_1_19' title="bbox 333 2810 1987 2887; baseline -0.002 -18"><span class='ocrx_word' id='word_1_191' title='bbox 333 2828 401 2885; x_wconf 85' lang='lat' dir='ltr'><strong>spes</strong></span> <span class='ocrx_word' id='word_1_192' title='bbox 425 2821 496 2883; x_wconf 89' lang='lat' dir='ltr'><strong>erat,</strong></span> <span class='ocrx_word' id='word_1_193' title='bbox 523 2821 581 2872; x_wconf 87' lang='lat' dir='ltr'><strong>tota</strong></span> <span class='ocrx_word' id='word_1_194' title='bbox 594 2815 675 2887; x_wconf 88' lang='lat' dir='ltr'><strong>regio</strong></span> <span class='ocrx_word' id='word_1_195' title='bbox 700 2815 729 2870; x_wconf 94' lang='lat' dir='ltr'><strong>in</strong></span> <span class='ocrx_word' id='word_1_196' title='bbox 748 2814 885 2872; x_wconf 88' lang='lat' dir='ltr'><strong>ditionem</strong></span> <span class='ocrx_word' id='word_1_197' title='bbox 905 2817 1023 2872; x_wconf 88' lang='lat' dir='ltr'><strong>veniret.</strong></span> <span class='ocrx_word' id='word_1_198' title='bbox 1052 2815 1132 2874; x_wconf 90' lang='lat' dir='ltr'><strong>Unde</strong></span> <span class='ocrx_word' id='word_1_199' title='bbox 1188 2811 1433 2882; x_wconf 88' lang='lat' dir='ltr'><strong>iortiosuccessit,</strong></span> <span class='ocrx_word' id='word_1_200' title='bbox 1449 2811 1500 2870; x_wconf 89' lang='lat' dir='ltr'><strong>sed</strong></span> <span class='ocrx_word' id='word_1_201' title='bbox 1519 2813 1592 2870; x_wconf 87' lang='lat' dir='ltr'><strong>alius</strong></span> <span class='ocrx_word' id='word_1_202' title='bbox 1607 2810 1659 2871; x_wconf 87' lang='lat' dir='ltr'><strong>luit</strong></span> <span class='ocrx_word' id='word_1_203' title='bbox 1677 2811 1819 2870; x_wconf 84' lang='lat' dir='ltr'><strong>haereticis</strong></span> <span class='ocrx_word' id='word_1_204' title='bbox 1835 2812 1987 2870; x_wconf 76' lang='lat' dir='ltr'><strong>Tolosanis</strong></span> 
     </span>
     <span class='ocr_line' id='line_1_20' title="bbox 333 2901 1993 2983; baseline -0.001 -15"><span class='ocrx_word' id='word_1_205' title='bbox 333 2909 549 2983; x_wconf 84' lang='lat' dir='ltr'><strong>archiepiscopo</strong></span> <span class='ocrx_word' id='word_1_206' title='bbox 573 2912 733 2969; x_wconf 84' lang='lat' dir='ltr'><strong>senonensi</strong></span> <span class='ocrx_word' id='word_1_207' title='bbox 758 2901 901 2969; x_wconf 80' lang='grc' dir='ltr'>ιιοιιοιιιιο</span> <span class='ocrx_word' id='word_1_208' title='bbox 923 2911 986 2969; x_wconf 76' lang='lat' dir='ltr'><strong>haec</strong></span> <span class='ocrx_word' id='word_1_209' title='bbox 1013 2912 1130 2970; x_wconf 83' lang='lat' dir='ltr'><strong>scribit:</strong></span> <span class='ocrx_word' id='word_1_210' title='bbox 1188 2909 1377 2978; x_wconf 88' lang='lat' dir='ltr'><strong>adversarius,</strong></span> <span class='ocrx_word' id='word_1_211' title='bbox 1400 2923 1504 2983; x_wconf 90' lang='lat' dir='ltr'><strong>nempe</strong></span> <span class='ocrx_word' id='word_1_212' title='bbox 1518 2909 1664 2983; x_wconf 76' lang='lat' dir='ltr'><strong>Phiiippus</strong></span> <span class='ocrx_word' id='word_1_213' title='bbox 1680 2908 1993 2979; x_wconf 79' lang='lat' dir='ltr'><strong>Francommrex,cui</strong></span> 
     </span>
    </p>
   </div>
   <div class='ocr_carea' id='block_1_8' title="bbox 335 3005 2088 3082">
    <p class='ocr_par' dir='ltr' id='par_1_8' title="bbox 335 3005 2088 3082">
     <span class='ocr_line' id='line_1_21' title="bbox 335 3005 2088 3082; baseline -0.001 -17"><span class='ocrx_word' id='word_1_214' title='bbox 335 3029 347 3057; x_wconf 75' lang='grc' dir='ltr'><strong>ι</strong></span> <span class='ocrx_word' id='word_1_215' title='bbox 363 3009 431 3065; x_wconf 84' lang='grc' dir='ltr'>ιιοιιι</span> <span class='ocrx_word' id='word_1_216' title='bbox 447 3021 604 3080; x_wconf 85' lang='lat' dir='ltr'><strong>aggressus</strong></span> <span class='ocrx_word' id='word_1_217' title='bbox 616 3015 659 3065; x_wconf 90' lang='lat' dir='ltr'><strong>est</strong></span> <span class='ocrx_word' id='word_1_218' title='bbox 670 3009 813 3066; x_wconf 87' lang='lat' dir='ltr'><strong>exercitus</strong></span> <span class='ocrx_word' id='word_1_219' title='bbox 823 3007 997 3066; x_wconf 89' lang='lat' dir='ltr'><strong>christianus</strong></span> <span class='ocrx_word' id='word_1_220' title='bbox 1008 3010 1134 3068; x_wconf 83' lang='lat' dir='ltr'><strong>existens</strong></span> <span class='ocrx_word' id='word_1_221' title='bbox 1188 3008 1354 3065; x_wconf 88' lang='lat' dir='ltr'><strong>vicesimam</strong></span> <span class='ocrx_word' id='word_1_222' title='bbox 1370 3007 1492 3065; x_wconf 86' lang='lat' dir='ltr'><strong>totaliter</strong></span> <span class='ocrx_word' id='word_1_223' title='bbox 1505 3008 1648 3065; x_wconf 81' lang='lat' dir='ltr'><strong>Honorius</strong></span> <span class='ocrx_word' id='word_1_224' title='bbox 1659 3008 1806 3065; x_wconf 87' lang='lat' dir='ltr'><strong>concessit</strong></span> <span class='ocrx_word' id='word_1_225' title='bbox 1821 3021 1884 3080; x_wconf 77' lang='lat' dir='ltr'><strong>quae</strong></span> <span class='ocrx_word' id='word_1_226' title='bbox 1897 3005 1985 3066; x_wconf 83' lang='lat' dir='ltr'><strong>debe·</strong></span> <span class='ocrx_word' id='word_1_227' title='bbox 2087 3041 2088 3082; x_wconf 60' lang='grc' dir='ltr'>ι</span> 
     </span>
    </p>
   </div>
   <div class='ocr_carea' id='block_1_9' title="bbox 333 3103 1989 3275">
    <p class='ocr_par' dir='ltr' id='par_1_9' title="bbox 333 3103 1989 3275">
     <span class='ocr_line' id='line_1_22' title="bbox 333 3103 1742 3178; baseline 0.001 -18"><span class='ocrx_word' id='word_1_228' title='bbox 333 3103 363 3160; x_wconf 94' lang='lat' dir='ltr'><strong>in</strong></span> <span class='ocrx_word' id='word_1_229' title='bbox 376 3103 503 3176; x_wconf 90' lang='lat' dir='ltr'><strong>partibus</strong></span> <span class='ocrx_word' id='word_1_230' title='bbox 513 3105 721 3173; x_wconf 86' lang='lat' dir='ltr'><strong>transmarinis,</strong></span> <span class='ocrx_word' id='word_1_231' title='bbox 737 3105 829 3178; x_wconf 85' lang='lat' dir='ltr'><strong>inqua</strong></span> <span class='ocrx_word' id='word_1_232' title='bbox 844 3105 975 3162; x_wconf 91' lang='lat' dir='ltr'><strong>consistit</strong></span> <span class='ocrx_word' id='word_1_233' title='bbox 990 3113 1038 3163; x_wconf 89' lang='lat' dir='ltr'><strong>aut</strong></span> <span class='ocrx_word' id='word_1_234' title='bbox 1048 3107 1132 3178; x_wconf 89' lang='lat' dir='ltr'><strong>plena</strong></span> <span class='ocrx_word' id='word_1_235' title='bbox 1187 3103 1269 3162; x_wconf 92' lang='lat' dir='ltr'><strong>batur</strong></span> <span class='ocrx_word' id='word_1_236' title='bbox 1289 3105 1316 3160; x_wconf 92' lang='lat' dir='ltr'><strong>iu</strong></span> <span class='ocrx_word' id='word_1_237' title='bbox 1336 3103 1494 3162; x_wconf 89' lang='lat' dir='ltr'><strong>subsidium</strong></span> <span class='ocrx_word' id='word_1_238' title='bbox 1509 3106 1604 3162; x_wconf 77' lang='lat' dir='ltr'><strong>&#39;Perre</strong></span> <span class='ocrx_word' id='word_1_239' title='bbox 1621 3106 1742 3163; x_wconf 80' lang='lat' dir='ltr'><strong>sancta.</strong></span> 
     </span>
     <span class='ocr_line' id='line_1_23' title="bbox 333 3201 1989 3275; baseline 0 -17"><span class='ocrx_word' id='word_1_240' title='bbox 333 3201 451 3258; x_wconf 89' lang='lat' dir='ltr'><strong>victoria</strong></span> <span class='ocrx_word' id='word_1_241' title='bbox 467 3208 516 3258; x_wconf 91' lang='lat' dir='ltr'><strong>aut</strong></span> <span class='ocrx_word' id='word_1_242' title='bbox 525 3201 658 3260; x_wconf 90' lang='lat' dir='ltr'><strong>vincendi</strong></span> <span class='ocrx_word' id='word_1_243' title='bbox 670 3202 832 3275; x_wconf 86' lang='lat' dir='ltr'><strong>desperatio</strong></span> <span class='ocrx_word' id='word_1_244' title='bbox 841 3201 991 3260; x_wconf 80' lang='lat' dir='ltr'><strong>manifesta</strong></span> <span class='ocrx_word' id='word_1_245' title='bbox 1003 3218 1011 3274; x_wconf 84' lang='lat'>3</span> <span class='ocrx_word' id='word_1_246' title='bbox 1023 3202 1134 3262; x_wconf 87' lang='lat' dir='ltr'><strong>obsedit</strong></span> <span class='ocrx_word' id='word_1_247' title='bbox 1223 3203 1284 3260; x_wconf 92' lang='lat' dir='ltr'><strong>lloc</strong></span> <span class='ocrx_word' id='word_1_248' title='bbox 1308 3203 1394 3259; x_wconf 85' lang='lat' dir='ltr'><strong>etiarn</strong></span> <span class='ocrx_word' id='word_1_249' title='bbox 1420 3215 1506 3272; x_wconf 89' lang='lat' dir='ltr'><strong>anno,</strong></span> <span class='ocrx_word' id='word_1_250' title='bbox 1526 3217 1626 3275; x_wconf 89' lang='lat' dir='ltr'><strong>pacem</strong></span> <span class='ocrx_word' id='word_1_251' title='bbox 1650 3201 1831 3260; x_wconf 85' lang='lat' dir='ltr'><strong>confirmavit</strong></span> <span class='ocrx_word' id='word_1_252' title='bbox 1845 3201 1989 3259; x_wconf 86' lang='lat' dir='ltr'><strong>Honorius</strong></span> 
     </span>
    </p>
   </div>
   <div class='ocr_carea' id='block_1_10' title="bbox 333 3298 2088 3580">
    <p class='ocr_par' dir='ltr' id='par_1_10' title="bbox 333 3298 2088 3580">
     <span class='ocr_line' id='line_1_24' title="bbox 333 3298 2088 3382; baseline 0.001 -28"><span class='ocrx_word' id='word_1_253' title='bbox 333 3298 410 3356; x_wconf 91' lang='lat' dir='ltr'><strong>eninr</strong></span> <span class='ocrx_word' id='word_1_254' title='bbox 422 3298 581 3357; x_wconf 89' lang='lat' dir='ltr'><strong>Damiatam</strong></span> <span class='ocrx_word' id='word_1_255' title='bbox 592 3299 909 3372; x_wconf 86' lang='lat' dir='ltr'><strong>civitatemopuleutam</strong></span> <span class='ocrx_word' id='word_1_256' title='bbox 923 3307 1130 3374; x_wconf 81' lang='lat' dir='ltr'><strong>etnragnam.»</strong></span> <span class='ocrx_word' id='word_1_257' title='bbox 1187 3299 1261 3356; x_wconf 90' lang='lat' dir='ltr'><strong>inter</strong></span> <span class='ocrx_word' id='word_1_258' title='bbox 1278 3298 1463 3369; x_wconf 84' lang='lat' dir='ltr'><strong>Ludovicum,</strong></span> <span class='ocrx_word' id='word_1_259' title='bbox 1475 3301 1648 3358; x_wconf 86' lang='lat' dir='ltr'><strong>Francorum</strong></span> <span class='ocrx_word' id='word_1_260' title='bbox 1664 3299 1741 3372; x_wconf 89' lang='lat' dir='ltr'><strong>regis</strong></span> <span class='ocrx_word' id='word_1_261' title='bbox 1752 3299 1987 3373; x_wconf 89' lang='lat' dir='ltr'><strong>primogenitum,</strong></span> <span class='ocrx_word' id='word_1_262' title='bbox 2087 3377 2088 3382; x_wconf 8' lang='grc' dir='ltr'>ἵ</span> 
     </span>
     <span class='ocr_line' id='line_1_25' title="bbox 369 3394 1987 3471; baseline 0.001 -20"><span class='ocrx_word' id='word_1_263' title='bbox 369 3394 492 3454; x_wconf 85' lang='lat' dir='ltr'><strong>Dederat</strong></span> <span class='ocrx_word' id='word_1_264' title='bbox 516 3395 646 3454; x_wconf 86' lang='lat' dir='ltr'><strong>Pantilerr</strong></span> <span class='ocrx_word' id='word_1_265' title='bbox 676 3397 795 3471; x_wconf 83' lang='lat' dir='ltr'><strong>Pelagio</strong></span> <span class='ocrx_word' id='word_1_266' title='bbox 817 3397 973 3455; x_wconf 71' lang='lat' dir='ltr'><strong>albanensi</strong></span> <span class='ocrx_word' id='word_1_267' title='bbox 997 3399 1132 3471; x_wconf 89' lang='lat' dir='ltr'><strong>episcopo</strong></span> <span class='ocrx_word' id='word_1_268' title='bbox 1187 3403 1326 3469; x_wconf 86' lang='lat' dir='ltr'><strong>etregem</strong></span> <span class='ocrx_word' id='word_1_269' title='bbox 1337 3397 1785 3470; x_wconf 81' lang='lat' dir='ltr'><strong>huglioe,husitanumregemin</strong></span> <span class='ocrx_word' id='word_1_270' title='bbox 1799 3398 1987 3469; x_wconf 91' lang='lat' dir='ltr'><strong>patrocinium</strong></span> 
     </span>
     <span class='ocr_line' id='line_1_26' title="bbox 333 3491 2088 3580; baseline 0.001 -31"><span class='ocrx_word' id='word_1_271' title='bbox 333 3491 421 3566; x_wconf 90' lang='lat' dir='ltr'><strong>legati</strong></span> <span class='ocrx_word' id='word_1_272' title='bbox 434 3509 538 3551; x_wconf 90' lang='lat' dir='ltr'><strong>munus</strong></span> <span class='ocrx_word' id='word_1_273' title='bbox 551 3493 776 3567; x_wconf 88' lang='lat' dir='ltr'><strong>adimplendum,</strong></span> <span class='ocrx_word' id='word_1_274' title='bbox 792 3493 890 3552; x_wconf 84' lang='lat' dir='ltr'><strong>aedad</strong></span> <span class='ocrx_word' id='word_1_275' title='bbox 902 3494 1132 3554; x_wconf 89' lang='lat' dir='ltr'><strong>concinnandum</strong></span> <span class='ocrx_word' id='word_1_276' title='bbox 1162 3547 1167 3574; x_wconf 45' lang='lat'><strong>3</strong></span> <span class='ocrx_word' id='word_1_277' title='bbox 1187 3493 1215 3552; x_wconf 78' lang='lat' dir='ltr'><strong>S.</strong></span> <span class='ocrx_word' id='word_1_278' title='bbox 1237 3493 1318 3554; x_wconf 88' lang='lat' dir='ltr'><strong>Sedis</strong></span> <span class='ocrx_word' id='word_1_279' title='bbox 1337 3495 1478 3567; x_wconf 81' lang='lat' dir='ltr'><strong>suscepit,</strong></span> <span class='ocrx_word' id='word_1_280' title='bbox 1505 3509 1571 3552; x_wconf 91' lang='lat' dir='ltr'><strong>cum</strong></span> <span class='ocrx_word' id='word_1_281' title='bbox 1600 3493 1744 3552; x_wconf 85' lang='lat' dir='ltr'><strong>Perrando</strong></span> <span class='ocrx_word' id='word_1_282' title='bbox 1769 3509 1838 3568; x_wconf 84' lang='lat' dir='ltr'><strong>rege</strong></span> <span class='ocrx_word' id='word_1_283' title='bbox 1858 3495 1988 3554; x_wconf 81' lang='lat' dir='ltr'><strong>castelle</strong></span> <span class='ocrx_word' id='word_1_284' title='bbox 2087 3541 2088 3580; x_wconf 34' lang='grc' dir='ltr'>ι</span> 
     </span>
    </p>
   </div>
   <div class='ocr_carea' id='block_1_11' title="bbox 332 3585 2088 3763">
    <p class='ocr_par' dir='ltr' id='par_1_11' title="bbox 332 3585 2088 3763">
     <span class='ocr_line' id='line_1_27' title="bbox 333 3585 2088 3666; baseline -0.003 -18"><span class='ocrx_word' id='word_1_285' title='bbox 333 3591 450 3648; x_wconf 88' lang='lat' dir='ltr'><strong>miserat</strong></span> <span class='ocrx_word' id='word_1_286' title='bbox 466 3592 509 3649; x_wconf 89' lang='grc' dir='ltr'>ιιι.</span> <span class='ocrx_word' id='word_1_287' title='bbox 525 3592 553 3666; x_wconf 67' lang='lat' dir='ltr'><strong>S„</strong></span> <span class='ocrx_word' id='word_1_288' title='bbox 571 3590 706 3664; x_wconf 86' lang='lat' dir='ltr'><strong>Stephani</strong></span> <span class='ocrx_word' id='word_1_289' title='bbox 722 3593 749 3648; x_wconf 94' lang='lat' dir='ltr'><strong>in</strong></span> <span class='ocrx_word' id='word_1_290' title='bbox 768 3592 856 3652; x_wconf 84' lang='lat' dir='ltr'><strong>Goelio</strong></span> <span class='ocrx_word' id='word_1_291' title='bbox 870 3601 966 3650; x_wconf 90' lang='lat' dir='ltr'><strong>monte</strong></span> <span class='ocrx_word' id='word_1_292' title='bbox 989 3592 1133 3666; x_wconf 75' lang='lat' dir='ltr'><strong>preshpte</strong></span> <span class='ocrx_word' id='word_1_293' title='bbox 1164 3625 1166 3660; x_wconf 93' lang='lat'><strong>:</strong></span> <span class='ocrx_word' id='word_1_294' title='bbox 1186 3605 1272 3664; x_wconf 84' lang='lat' dir='ltr'><strong>super</strong></span> <span class='ocrx_word' id='word_1_295' title='bbox 1287 3591 1428 3649; x_wconf 88' lang='lat' dir='ltr'><strong>natalibus</strong></span> <span class='ocrx_word' id='word_1_296' title='bbox 1439 3593 1595 3666; x_wconf 89' lang='lat' dir='ltr'><strong>illegitimis</strong></span> <span class='ocrx_word' id='word_1_297' title='bbox 1615 3585 1792 3664; x_wconf 86' lang='lat' dir='ltr'><strong>dispensavit</strong></span> <span class='ocrx_word' id='word_1_298' title='bbox 1803 3597 1837 3650; x_wconf 95' lang='lat' dir='ltr'><strong>ut</strong></span> <span class='ocrx_word' id='word_1_299' title='bbox 1853 3591 1988 3666; x_wconf 80' lang='lat' dir='ltr'><strong>Legionis</strong></span> <span class='ocrx_word' id='word_1_300' title='bbox 2087 3586 2088 3642; x_wconf 84' lang='lat' dir='ltr'><strong>l</strong></span> 
     </span>
     <span class='ocr_line' id='line_1_28' title="bbox 332 3687 2088 3763; baseline -0.001 -18"><span class='ocrx_word' id='word_1_301' title='bbox 332 3703 395 3745; x_wconf 90' lang='lat' dir='ltr'><strong>rum</strong></span> <span class='ocrx_word' id='word_1_302' title='bbox 417 3687 601 3758; x_wconf 90' lang='lat' dir='ltr'><strong>cardinalem,</strong></span> <span class='ocrx_word' id='word_1_303' title='bbox 629 3690 774 3763; x_wconf 89' lang='lat' dir='ltr'><strong>sapienter</strong></span> <span class='ocrx_word' id='word_1_304' title='bbox 795 3689 950 3762; x_wconf 89' lang='lat' dir='ltr'><strong>previdens</strong></span> <span class='ocrx_word' id='word_1_305' title='bbox 972 3704 1009 3746; x_wconf 92' lang='lat' dir='ltr'><strong>ne</strong></span> <span class='ocrx_word' id='word_1_306' title='bbox 1035 3691 1132 3763; x_wconf 90' lang='lat' dir='ltr'><strong>populi</strong></span> <span class='ocrx_word' id='word_1_307' title='bbox 1163 3693 1321 3748; x_wconf 78' lang='lat' dir='ltr'><strong>‘namnam</strong></span> <span class='ocrx_word' id='word_1_308' title='bbox 1335 3689 1486 3761; x_wconf 86' lang='lat' dir='ltr'><strong>acciperet,</strong></span> <span class='ocrx_word' id='word_1_309' title='bbox 1500 3695 1528 3746; x_wconf 91' lang='lat' dir='ltr'><strong>et</strong></span> <span class='ocrx_word' id='word_1_310' title='bbox 1539 3687 1697 3746; x_wconf 86' lang='lat' dir='ltr'><strong>Prutlrcnos</strong></span> <span class='ocrx_word' id='word_1_311' title='bbox 1712 3689 1885 3747; x_wconf 91' lang='lat' dir='ltr'><strong>christianos</strong></span> <span class='ocrx_word' id='word_1_312' title='bbox 1899 3691 1988 3748; x_wconf 89' lang='lat' dir='ltr'><strong>tuitus</strong></span> <span class='ocrx_word' id='word_1_313' title='bbox 2087 3691 2088 3738; x_wconf 70' lang='lat' dir='ltr'><strong>t</strong></span> 
     </span>
    </p>
   </div>
   <div class='ocr_carea' id='block_1_12' title="bbox 332 3783 1994 4637">
    <p class='ocr_par' dir='ltr' id='par_1_12' title="bbox 332 3783 1994 4637">
     <span class='ocr_line' id='line_1_29' title="bbox 332 3783 1985 3860; baseline -0.001 -18"><span class='ocrx_word' id='word_1_314' title='bbox 332 3783 481 3843; x_wconf 79' lang='lat' dir='ltr'><strong>christiani</strong></span> <span class='ocrx_word' id='word_1_315' title='bbox 491 3793 606 3858; x_wconf 89' lang='lat' dir='ltr'><strong>peccata</strong></span> <span class='ocrx_word' id='word_1_316' title='bbox 621 3785 884 3860; x_wconf 84' lang='lat' dir='ltr'><strong>proepediantqucd</strong></span> <span class='ocrx_word' id='word_1_317' title='bbox 896 3787 931 3844; x_wconf 90' lang='lat' dir='ltr'><strong>de</strong></span> <span class='ocrx_word' id='word_1_318' title='bbox 947 3787 998 3844; x_wconf 79' lang='lat' dir='ltr'><strong>liei</strong></span> <span class='ocrx_word' id='word_1_319' title='bbox 1015 3787 1133 3844; x_wconf 88' lang='lat' dir='ltr'><strong>misera·</strong></span> <span class='ocrx_word' id='word_1_320' title='bbox 1186 3793 1241 3856; x_wconf 85' lang='lat' dir='ltr'><strong>est,</strong></span> <span class='ocrx_word' id='word_1_321' title='bbox 1254 3801 1354 3859; x_wconf 83' lang='lat' dir='ltr'><strong>quasa</strong></span> <span class='ocrx_word' id='word_1_322' title='bbox 1370 3794 1487 3860; x_wconf 86' lang='lat' dir='ltr'><strong>sucepta</strong></span> <span class='ocrx_word' id='word_1_323' title='bbox 1512 3785 1568 3844; x_wconf 91' lang='lat' dir='ltr'><strong>ilde</strong></span> <span class='ocrx_word' id='word_1_324' title='bbox 1581 3787 1656 3844; x_wconf 89' lang='lat' dir='ltr'><strong>illius</strong></span> <span class='ocrx_word' id='word_1_325' title='bbox 1669 3787 1797 3860; x_wconf 83' lang='lat' dir='ltr'><strong>regionis</strong></span> <span class='ocrx_word' id='word_1_326' title='bbox 1813 3789 1922 3860; x_wconf 92' lang='lat' dir='ltr'><strong>pagani</strong></span> <span class='ocrx_word' id='word_1_327' title='bbox 1939 3784 1985 3843; x_wconf 89' lang='lat' dir='ltr'><strong>ab·</strong></span> 
     </span>
     <span class='ocr_line' id='line_1_30' title="bbox 332 3877 1987 3956; baseline -0.001 -16"><span class='ocrx_word' id='word_1_328' title='bbox 332 3883 411 3940; x_wconf 89' lang='lat' dir='ltr'><strong>tione</strong></span> <span class='ocrx_word' id='word_1_329' title='bbox 425 3881 550 3940; x_wconf 85' lang='lat' dir='ltr'><strong>conlisus</strong></span> <span class='ocrx_word' id='word_1_330' title='bbox 565 3883 662 3940; x_wconf 91' lang='lat' dir='ltr'><strong>nititur</strong></span> <span class='ocrx_word' id='word_1_331' title='bbox 676 3877 813 3942; x_wconf 90' lang='lat' dir='ltr'><strong>obtine&#39;re.</strong></span> <span class='ocrx_word' id='word_1_332' title='bbox 824 3884 912 3942; x_wconf 85' lang='lat' dir='ltr'><strong>Unde</strong></span> <span class='ocrx_word' id='word_1_333' title='bbox 927 3899 1038 3941; x_wconf 91' lang='lat' dir='ltr'><strong>morum</strong></span> <span class='ocrx_word' id='word_1_334' title='bbox 1051 3883 1133 3941; x_wconf 84' lang='lat' dir='ltr'><strong>elire-</strong></span> <span class='ocrx_word' id='word_1_335' title='bbox 1187 3883 1290 3941; x_wconf 87' lang='lat' dir='ltr'><strong>ducere</strong></span> <span class='ocrx_word' id='word_1_336' title='bbox 1315 3883 1487 3942; x_wconf 85' lang='lat' dir='ltr'><strong>nitebarrtur.</strong></span> <span class='ocrx_word' id='word_1_337' title='bbox 1512 3884 1615 3943; x_wconf 88' lang='lat' dir='ltr'><strong>Contra</strong></span> <span class='ocrx_word' id='word_1_338' title='bbox 1644 3897 1695 3942; x_wconf 88' lang='lat' dir='ltr'><strong>eos</strong></span> <span class='ocrx_word' id='word_1_339' title='bbox 1718 3883 1932 3956; x_wconf 84' lang='lat' dir='ltr'><strong>expeditionem</strong></span> <span class='ocrx_word' id='word_1_340' title='bbox 1949 3884 1987 3938; x_wconf 92' lang='lat' dir='ltr'><strong>in·</strong></span> 
     </span>
     <span class='ocr_line' id='line_1_31' title="bbox 332 3979 1986 4054; baseline -0.001 -19"><span class='ocrx_word' id='word_1_341' title='bbox 332 3980 421 4048; x_wconf 89' lang='lat' dir='ltr'><strong>natio,</strong></span> <span class='ocrx_word' id='word_1_342' title='bbox 434 3979 663 4052; x_wconf 88' lang='lat' dir='ltr'><strong>intemperantia,</strong></span> <span class='ocrx_word' id='word_1_343' title='bbox 679 3979 775 4049; x_wconf 90' lang='lat' dir='ltr'><strong>libido,</strong></span> <span class='ocrx_word' id='word_1_344' title='bbox 792 3982 838 4038; x_wconf 88' lang='lat' dir='ltr'><strong>vel</strong></span> <span class='ocrx_word' id='word_1_345' title='bbox 858 3981 977 4053; x_wconf 84' lang='lat' dir='ltr'><strong>flagitia,</strong></span> <span class='ocrx_word' id='word_1_346' title='bbox 992 3981 1017 4038; x_wconf 87' lang='lat' dir='ltr'><strong>si</strong></span> <span class='ocrx_word' id='word_1_347' title='bbox 1032 3994 1086 4053; x_wconf 83' lang='lat' dir='ltr'><strong>qua</strong></span> <span class='ocrx_word' id='word_1_348' title='bbox 1102 3981 1131 4038; x_wconf 92' lang='lat' dir='ltr'><strong>in</strong></span> <span class='ocrx_word' id='word_1_349' title='bbox 1185 3981 1258 4040; x_wconf 79' lang='lat' dir='ltr'><strong>dicit·</strong></span> <span class='ocrx_word' id='word_1_350' title='bbox 1271 3981 1325 4038; x_wconf 92' lang='lat' dir='ltr'><strong>illis</strong></span> <span class='ocrx_word' id='word_1_351' title='bbox 1339 3981 1550 4054; x_wconf 85' lang='lat' dir='ltr'><strong>crucesignatis</strong></span> <span class='ocrx_word' id='word_1_352' title='bbox 1563 3981 1611 4054; x_wconf 87' lang='lat' dir='ltr'><strong>qui</strong></span> <span class='ocrx_word' id='word_1_353' title='bbox 1632 3981 1685 4038; x_wconf 90' lang='lat' dir='ltr'><strong>iter</strong></span> <span class='ocrx_word' id='word_1_354' title='bbox 1699 3981 1986 4054; x_wconf 73' lang='lat' dir='ltr'><strong>hierosolymitanum</strong></span> 
     </span>
     <span class='ocr_line' id='line_1_32' title="bbox 333 4075 1565 4150; baseline 0.003 -18"><span class='ocrx_word' id='word_1_355' title='bbox 333 4075 379 4132; x_wconf 89' lang='lat' dir='ltr'><strong>lris</strong></span> <span class='ocrx_word' id='word_1_356' title='bbox 391 4076 618 4149; x_wconf 84' lang='lat' dir='ltr'><strong>expeditionibus</strong></span> <span class='ocrx_word' id='word_1_357' title='bbox 631 4075 702 4136; x_wconf 81' lang='lat' dir='ltr'><strong>forte</strong></span> <span class='ocrx_word' id='word_1_358' title='bbox 716 4077 928 4145; x_wconf 73' lang='lat' dir='ltr'><strong>caedebantur,</strong></span> <span class='ocrx_word' id='word_1_359' title='bbox 948 4077 1025 4134; x_wconf 90' lang='lat' dir='ltr'><strong>nullo</strong></span> <span class='ocrx_word' id='word_1_360' title='bbox 1047 4076 1132 4134; x_wconf 93' lang='lat' dir='ltr'><strong>modo</strong></span> <span class='ocrx_word' id='word_1_361' title='bbox 1187 4079 1333 4150; x_wconf 88' lang='lat' dir='ltr'><strong>suscipere</strong></span> <span class='ocrx_word' id='word_1_362' title='bbox 1350 4093 1408 4135; x_wconf 91' lang='lat' dir='ltr'><strong>nou</strong></span> <span class='ocrx_word' id='word_1_363' title='bbox 1422 4085 1565 4150; x_wconf 87' lang='lat' dir='ltr'><strong>poteraut.</strong></span> 
     </span>
     <span class='ocr_line' id='line_1_33' title="bbox 334 4173 1983 4248; baseline -0.002 -16"><span class='ocrx_word' id='word_1_364' title='bbox 334 4175 363 4232; x_wconf 89' lang='lat' dir='ltr'><strong>S.</strong></span> <span class='ocrx_word' id='word_1_365' title='bbox 376 4174 444 4232; x_wconf 88' lang='lat' dir='ltr'><strong>Sedi</strong></span> <span class='ocrx_word' id='word_1_366' title='bbox 456 4181 522 4232; x_wconf 92' lang='lat' dir='ltr'><strong>sunt</strong></span> <span class='ocrx_word' id='word_1_367' title='bbox 534 4175 699 4244; x_wconf 88' lang='lat' dir='ltr'><strong>tribuenda,</strong></span> <span class='ocrx_word' id='word_1_368' title='bbox 713 4191 777 4248; x_wconf 83' lang='lat' dir='ltr'><strong>quoe</strong></span> <span class='ocrx_word' id='word_1_369' title='bbox 795 4173 1131 4246; x_wconf 88' lang='lat' dir='ltr'><strong>nibilunquamomiseril</strong></span> <span class='ocrx_word' id='word_1_370' title='bbox 1223 4178 1294 4234; x_wconf 81' lang='lat' dir='ltr'><strong>llum</strong></span> <span class='ocrx_word' id='word_1_371' title='bbox 1305 4183 1403 4232; x_wconf 88' lang='lat' dir='ltr'><strong>autem</strong></span> <span class='ocrx_word' id='word_1_372' title='bbox 1414 4176 1516 4232; x_wconf 84' lang='lat' dir='ltr'><strong>omniu</strong></span> <span class='ocrx_word' id='word_1_373' title='bbox 1529 4189 1663 4248; x_wconf 89' lang='lat' dir='ltr'><strong>prospere</strong></span> <span class='ocrx_word' id='word_1_374' title='bbox 1684 4174 1877 4234; x_wconf 86' lang='lat' dir='ltr'><strong>succedebant</strong></span> <span class='ocrx_word' id='word_1_375' title='bbox 1897 4175 1927 4231; x_wconf 96' lang='lat' dir='ltr'><strong>ln</strong></span> <span class='ocrx_word' id='word_1_376' title='bbox 1942 4187 1983 4230; x_wconf 90' lang='lat' dir='ltr'><strong>re·</strong></span> 
     </span>
     <span class='ocr_line' id='line_1_34' title="bbox 333 4269 1985 4348; baseline -0.002 -18"><span class='ocrx_word' id='word_1_377' title='bbox 333 4279 363 4330; x_wconf 92' lang='lat' dir='ltr'><strong>ut</strong></span> <span class='ocrx_word' id='word_1_378' title='bbox 377 4272 522 4330; x_wconf 89' lang='lat' dir='ltr'><strong>omnesad</strong></span> <span class='ocrx_word' id='word_1_379' title='bbox 536 4273 649 4346; x_wconf 90' lang='lat' dir='ltr'><strong>pietatis</strong></span> <span class='ocrx_word' id='word_1_380' title='bbox 660 4287 748 4346; x_wconf 87' lang='lat' dir='ltr'><strong>opera</strong></span> <span class='ocrx_word' id='word_1_381' title='bbox 760 4273 930 4330; x_wconf 87' lang='lat' dir='ltr'><strong>excitentur.</strong></span> <span class='ocrx_word' id='word_1_382' title='bbox 1185 4272 1320 4348; x_wconf 89' lang='lat' dir='ltr'><strong>gionibus</strong></span> <span class='ocrx_word' id='word_1_383' title='bbox 1334 4279 1364 4330; x_wconf 91' lang='lat' dir='ltr'><strong>et</strong></span> <span class='ocrx_word' id='word_1_384' title='bbox 1377 4273 1459 4330; x_wconf 87' lang='lat' dir='ltr'><strong>terris</strong></span> <span class='ocrx_word' id='word_1_385' title='bbox 1475 4287 1495 4330; x_wconf 88' lang='lat' dir='ltr'><strong>a</strong></span> <span class='ocrx_word' id='word_1_386' title='bbox 1506 4273 1593 4346; x_wconf 89' lang='lat' dir='ltr'><strong>longe</strong></span> <span class='ocrx_word' id='word_1_387' title='bbox 1608 4271 1712 4330; x_wconf 90' lang='lat' dir='ltr'><strong>distitis</strong></span> <span class='ocrx_word' id='word_1_388' title='bbox 1727 4273 1756 4330; x_wconf 94' lang='lat' dir='ltr'><strong>in</strong></span> <span class='ocrx_word' id='word_1_389' title='bbox 1772 4271 1898 4346; x_wconf 90' lang='lat' dir='ltr'><strong>partibus</strong></span> <span class='ocrx_word' id='word_1_390' title='bbox 1921 4269 1985 4344; x_wconf 91' lang='lat' dir='ltr'><strong>ipsis</strong></span> 
     </span>
     <span class='ocr_line' id='line_1_35' title="bbox 367 4364 1994 4444; baseline -0.003 -16"><span class='ocrx_word' id='word_1_391' title='bbox 367 4371 504 4442; x_wconf 88' lang='lat' dir='ltr'><strong>Princeps</strong></span> <span class='ocrx_word' id='word_1_392' title='bbox 518 4371 607 4444; x_wconf 84' lang='lat' dir='ltr'><strong>Epiri,</strong></span> <span class='ocrx_word' id='word_1_393' title='bbox 621 4369 786 4427; x_wconf 79' lang='lat' dir='ltr'><strong>Theodorus</strong></span> <span class='ocrx_word' id='word_1_394' title='bbox 799 4369 974 4428; x_wconf 86' lang='lat' dir='ltr'><strong>Cemmenus</strong></span> <span class='ocrx_word' id='word_1_395' title='bbox 987 4371 1036 4442; x_wconf 83' lang='lat' dir='ltr'><strong>qui</strong></span> <span class='ocrx_word' id='word_1_396' title='bbox 1050 4371 1132 4444; x_wconf 88' lang='lat' dir='ltr'><strong>lega·</strong></span> <span class='ocrx_word' id='word_1_397' title='bbox 1187 4371 1275 4430; x_wconf 85' lang='lat' dir='ltr'><strong>ltaliae</strong></span> <span class='ocrx_word' id='word_1_398' title='bbox 1301 4371 1401 4443; x_wconf 89' lang='lat' dir='ltr'><strong>magni</strong></span> <span class='ocrx_word' id='word_1_399' title='bbox 1426 4369 1531 4428; x_wconf 89' lang='lat' dir='ltr'><strong>laboris</strong></span> <span class='ocrx_word' id='word_1_400' title='bbox 1554 4376 1616 4427; x_wconf 92' lang='lat' dir='ltr'><strong>erat</strong></span> <span class='ocrx_word' id='word_1_401' title='bbox 1637 4371 1740 4428; x_wconf 89' lang='lat' dir='ltr'><strong>omnia·</strong></span> <span class='ocrx_word' id='word_1_402' title='bbox 1761 4384 1942 4443; x_wconf 87' lang='lat' dir='ltr'><strong>componere</strong></span> <span class='ocrx_word' id='word_1_403' title='bbox 1952 4364 1994 4423; x_wconf 90' lang='lat' dir='ltr'><strong>ad·</strong></span> 
     </span>
     <span class='ocr_line' id='line_1_36' title="bbox 333 4466 1988 4542; baseline -0.001 -20"><span class='ocrx_word' id='word_1_404' title='bbox 333 4474 393 4527; x_wconf 87' lang='lat' dir='ltr'><strong>turn</strong></span> <span class='ocrx_word' id='word_1_405' title='bbox 407 4467 447 4524; x_wconf 90' lang='lat' dir='ltr'><strong>tit.</strong></span> <span class='ocrx_word' id='word_1_406' title='bbox 474 4467 502 4525; x_wconf 92' lang='lat' dir='ltr'><strong>S.</strong></span> <span class='ocrx_word' id='word_1_407' title='bbox 519 4466 656 4524; x_wconf 79' lang='lat' dir='ltr'><strong>Pranedis</strong></span> <span class='ocrx_word' id='word_1_408' title='bbox 674 4469 824 4536; x_wconf 87' lang='lat' dir='ltr'><strong>loannem,</strong></span> <span class='ocrx_word' id='word_1_409' title='bbox 847 4480 924 4523; x_wconf 91' lang='lat' dir='ltr'><strong>anno</strong></span> <span class='ocrx_word' id='word_1_410' title='bbox 947 4466 1129 4540; x_wconf 81' lang='lat' dir='ltr'><strong>praecedenti,</strong></span> <span class='ocrx_word' id='word_1_411' title='bbox 1185 4468 1304 4527; x_wconf 91' lang='lat' dir='ltr'><strong>bonum.</strong></span> <span class='ocrx_word' id='word_1_412' title='bbox 1319 4471 1388 4526; x_wconf 77' lang='lat' dir='ltr'><strong>llaec</strong></span> <span class='ocrx_word' id='word_1_413' title='bbox 1402 4467 1588 4542; x_wconf 83' lang='lat' dir='ltr'><strong>Raynaldus:</strong></span> <span class='ocrx_word' id='word_1_414' title='bbox 1608 4468 1708 4526; x_wconf 76' lang='lat' dir='ltr'><strong>Arcuit</strong></span> <span class='ocrx_word' id='word_1_415' title='bbox 1722 4467 1988 4526; x_wconf 83' lang='lat' dir='ltr'><strong>bdelium-commu-</strong></span> 
     </span>
     <span class='ocr_line' id='line_1_37' title="bbox 333 4562 1986 4637; baseline -0.002 -15"><span class='ocrx_word' id='word_1_416' title='bbox 333 4567 363 4622; x_wconf 87' lang='grc' dir='ltr'><strong>ιο</strong></span> <span class='ocrx_word' id='word_1_417' title='bbox 378 4565 500 4623; x_wconf 89' lang='lat' dir='ltr'><strong>vinculis</strong></span> <span class='ocrx_word' id='word_1_418' title='bbox 523 4571 664 4633; x_wconf 87' lang='lat' dir='ltr'><strong>tenuerat,</strong></span> <span class='ocrx_word' id='word_1_419' title='bbox 684 4563 792 4621; x_wconf 91' lang='lat' dir='ltr'><strong>illuma</strong></span> <span class='ocrx_word' id='word_1_420' title='bbox 815 4565 979 4636; x_wconf 86' lang='lat' dir='ltr'><strong>captivitate</strong></span> <span class='ocrx_word' id='word_1_421' title='bbox 1002 4565 1133 4622; x_wconf 86' lang='lat' dir='ltr'><strong>liberavit</strong></span> <span class='ocrx_word' id='word_1_422' title='bbox 1187 4567 1273 4623; x_wconf 92' lang='lat' dir='ltr'><strong>nicue</strong></span> <span class='ocrx_word' id='word_1_423' title='bbox 1286 4563 1491 4634; x_wconf 82' lang='lat' dir='ltr'><strong>viterbienses,</strong></span> <span class='ocrx_word' id='word_1_424' title='bbox 1507 4565 1543 4622; x_wconf 95' lang='lat' dir='ltr'><strong>ob</strong></span> <span class='ocrx_word' id='word_1_425' title='bbox 1555 4565 1674 4624; x_wconf 89' lang='lat' dir='ltr'><strong>allectos</strong></span> <span class='ocrx_word' id='word_1_426' title='bbox 1687 4564 1868 4637; x_wconf 89' lang='lat' dir='ltr'><strong>gravissimis</strong></span> <span class='ocrx_word' id='word_1_427' title='bbox 1878 4562 1986 4637; x_wconf 84' lang='lat' dir='ltr'><strong>injuriis</strong></span> 
     </span>
    </p>
   </div>
   <div class='ocr_carea' id='block_1_13' title="bbox 333 4659 2088 4736">
    <p class='ocr_par' dir='ltr' id='par_1_13' title="bbox 333 4659 2088 4736">
     <span class='ocr_line' id='line_1_38' title="bbox 333 4659 2088 4736; baseline -0.001 -17"><span class='ocrx_word' id='word_1_428' title='bbox 333 4669 362 4719; x_wconf 89' lang='lat' dir='ltr'><strong>et</strong></span> <span class='ocrx_word' id='word_1_429' title='bbox 376 4660 541 4718; x_wconf 88' lang='lat' dir='ltr'><strong>schismatis</strong></span> <span class='ocrx_word' id='word_1_430' title='bbox 560 4675 647 4734; x_wconf 90' lang='lat' dir='ltr'><strong>opera</strong></span> <span class='ocrx_word' id='word_1_431' title='bbox 669 4659 808 4734; x_wconf 88' lang='lat' dir='ltr'><strong>abjiciens</strong></span> <span class='ocrx_word' id='word_1_432' title='bbox 830 4661 858 4718; x_wconf 91' lang='lat' dir='ltr'><strong>in</strong></span> <span class='ocrx_word' id='word_1_433' title='bbox 880 4662 1086 4735; x_wconf 84' lang='lat' dir='ltr'><strong>protectionem</strong></span> <span class='ocrx_word' id='word_1_434' title='bbox 1102 4663 1130 4720; x_wconf 88' lang='lat' dir='ltr'><strong>S.</strong></span> <span class='ocrx_word' id='word_1_435' title='bbox 1188 4665 1284 4720; x_wconf 84' lang='lat' dir='ltr'><strong>varios</strong></span> <span class='ocrx_word' id='word_1_436' title='bbox 1299 4660 1779 4734; x_wconf 72' lang='lat' dir='ltr'><strong>ecclesiasticosatqueFlcrentie</strong></span> <span class='ocrx_word' id='word_1_437' title='bbox 1800 4662 1888 4736; x_wconf 89' lang='lat' dir='ltr'><strong>episc.</strong></span> <span class='ocrx_word' id='word_1_438' title='bbox 1907 4673 1988 4718; x_wconf 75' lang='lat' dir='ltr'><strong>man·</strong></span> <span class='ocrx_word' id='word_1_439' title='bbox 2087 4685 2088 4718; x_wconf 83' lang='lat'>1</span> 
     </span>
    </p>
   </div>
   <div class='ocr_carea' id='block_1_14' title="bbox 329 4757 1986 5321">
    <p class='ocr_par' dir='ltr' id='par_1_14' title="bbox 329 4757 1986 5321">
     <span class='ocr_line' id='line_1_39' title="bbox 334 4757 1986 4832; baseline -0.004 -15"><span class='ocrx_word' id='word_1_440' title='bbox 334 4757 415 4817; x_wconf 89' lang='lat' dir='ltr'><strong>Sedis</strong></span> <span class='ocrx_word' id='word_1_441' title='bbox 426 4758 570 4830; x_wconf 87' lang='lat' dir='ltr'><strong>recipitur.</strong></span> <span class='ocrx_word' id='word_1_442' title='bbox 585 4758 688 4831; x_wconf 84' lang='lat' dir='ltr'><strong>sicque</strong></span> <span class='ocrx_word' id='word_1_443' title='bbox 701 4759 798 4816; x_wconf 91' lang='lat' dir='ltr'><strong>omnia</strong></span> <span class='ocrx_word' id='word_1_444' title='bbox 813 4759 939 4817; x_wconf 84' lang='lat' dir='ltr'><strong>Honorio</strong></span> <span class='ocrx_word' id='word_1_445' title='bbox 958 4759 1130 4816; x_wconf 90' lang='lat' dir='ltr'><strong>arridebant.</strong></span> <span class='ocrx_word' id='word_1_446' title='bbox 1187 4759 1316 4817; x_wconf 88' lang='lat' dir='ltr'><strong>davitae</strong></span> <span class='ocrx_word' id='word_1_447' title='bbox 1341 4773 1426 4832; x_wconf 87' lang='lat' dir='ltr'><strong>quern</strong></span> <span class='ocrx_word' id='word_1_448' title='bbox 1448 4760 1476 4817; x_wconf 96' lang='lat' dir='ltr'><strong>in</strong></span> <span class='ocrx_word' id='word_1_449' title='bbox 1497 4759 1658 4817; x_wconf 90' lang='lat' dir='ltr'><strong>clericalem</strong></span> <span class='ocrx_word' id='word_1_450' title='bbox 1685 4759 1816 4817; x_wconf 89' lang='lat' dir='ltr'><strong>ordinem</strong></span> <span class='ocrx_word' id='word_1_451' title='bbox 1843 4761 1986 4832; x_wconf 82' lang='lat' dir='ltr'><strong>coaptaret</strong></span> 
     </span>
     <span class='ocr_line' id='line_1_40' title="bbox 333 4854 1986 4930; baseline -0.004 -16"><span class='ocrx_word' id='word_1_452' title='bbox 333 4858 362 4914; x_wconf 89' lang='lat' dir='ltr'><strong>ls</strong></span> <span class='ocrx_word' id='word_1_453' title='bbox 373 4858 512 4924; x_wconf 87' lang='lat' dir='ltr'><strong>loannes,</strong></span> <span class='ocrx_word' id='word_1_454' title='bbox 529 4869 545 4913; x_wconf 89' lang='lat' dir='ltr'><strong>a</strong></span> <span class='ocrx_word' id='word_1_455' title='bbox 561 4854 710 4913; x_wconf 87' lang='lat' dir='ltr'><strong>Theodoro</strong></span> <span class='ocrx_word' id='word_1_456' title='bbox 729 4854 875 4928; x_wconf 88' lang='lat' dir='ltr'><strong>dimissus,</strong></span> <span class='ocrx_word' id='word_1_457' title='bbox 892 4857 1130 4929; x_wconf 82' lang='lat' dir='ltr'><strong>Constantinopo-</strong></span> <span class='ocrx_word' id='word_1_458' title='bbox 1188 4857 1280 4915; x_wconf 88' lang='lat' dir='ltr'><strong>donec</strong></span> <span class='ocrx_word' id='word_1_459' title='bbox 1293 4857 1448 4914; x_wconf 86' lang='lat' dir='ltr'><strong>Florentiui</strong></span> <span class='ocrx_word' id='word_1_460' title='bbox 1470 4855 1565 4930; x_wconf 87' lang='lat' dir='ltr'><strong>legem</strong></span> <span class='ocrx_word' id='word_1_461' title='bbox 1583 4864 1751 4914; x_wconf 88' lang='lat' dir='ltr'><strong>revocarent</strong></span> <span class='ocrx_word' id='word_1_462' title='bbox 1765 4871 1851 4928; x_wconf 80' lang='lat' dir='ltr'><strong>quam</strong></span> <span class='ocrx_word' id='word_1_463' title='bbox 1867 4856 1986 4914; x_wconf 90' lang='lat' dir='ltr'><strong>tulerant</strong></span> 
     </span>
     <span class='ocr_line' id='line_1_41' title="bbox 333 4951 1985 5028; baseline -0.004 -16"><span class='ocrx_word' id='word_1_464' title='bbox 333 4954 383 5012; x_wconf 92' lang='lat' dir='ltr'><strong>lim</strong></span> <span class='ocrx_word' id='word_1_465' title='bbox 398 4954 493 5028; x_wconf 83' lang='lat' dir='ltr'><strong>pergit</strong></span> <span class='ocrx_word' id='word_1_466' title='bbox 506 4953 565 5023; x_wconf 91' lang='lat' dir='ltr'><strong>ubi,</strong></span> <span class='ocrx_word' id='word_1_467' title='bbox 582 4954 729 5013; x_wconf 83' lang='lat' dir='ltr'><strong>Pantilicia</strong></span> <span class='ocrx_word' id='word_1_468' title='bbox 748 4956 916 5012; x_wconf 88' lang='lat' dir='ltr'><strong>auctoritate</strong></span> <span class='ocrx_word' id='word_1_469' title='bbox 931 4955 1019 5012; x_wconf 89' lang='lat' dir='ltr'><strong>multa</strong></span> <span class='ocrx_word' id='word_1_470' title='bbox 1036 4955 1064 5011; x_wconf 95' lang='lat' dir='ltr'><strong>in</strong></span> <span class='ocrx_word' id='word_1_471' title='bbox 1079 4953 1130 5012; x_wconf 89' lang='lat' dir='ltr'><strong>bo·</strong></span> <span class='ocrx_word' id='word_1_472' title='bbox 1188 4961 1219 5011; x_wconf 93' lang='lat' dir='ltr'><strong>ut</strong></span> <span class='ocrx_word' id='word_1_473' title='bbox 1232 4954 1328 5011; x_wconf 88' lang='lat' dir='ltr'><strong>clerici</strong></span> <span class='ocrx_word' id='word_1_474' title='bbox 1348 4959 1496 5026; x_wconf 89' lang='lat' dir='ltr'><strong>paternam</strong></span> <span class='ocrx_word' id='word_1_475' title='bbox 1523 4951 1719 5011; x_wconf 80' lang='lat' dir='ltr'><strong>haeredilatem</strong></span> <span class='ocrx_word' id='word_1_476' title='bbox 1744 4952 1822 5012; x_wconf 88' lang='lat' dir='ltr'><strong>adire</strong></span> <span class='ocrx_word' id='word_1_477' title='bbox 1843 4967 1907 5013; x_wconf 84' lang='lat' dir='ltr'><strong>non</strong></span> <span class='ocrx_word' id='word_1_478' title='bbox 1926 4963 1985 5026; x_wconf 92' lang='lat' dir='ltr'><strong>pos·</strong></span> 
     </span>
     <span class='ocr_line' id='line_1_42' title="bbox 335 5047 1985 5124; baseline -0.006 -14"><span class='ocrx_word' id='word_1_479' title='bbox 335 5067 403 5110; x_wconf 91' lang='lat' dir='ltr'><strong>num</strong></span> <span class='ocrx_word' id='word_1_480' title='bbox 432 5051 583 5120; x_wconf 84' lang='lat' dir='ltr'><strong>convertit,</strong></span> <span class='ocrx_word' id='word_1_481' title='bbox 610 5052 722 5110; x_wconf 90' lang='lat' dir='ltr'><strong>clericis</strong></span> <span class='ocrx_word' id='word_1_482' title='bbox 748 5051 944 5110; x_wconf 90' lang='lat' dir='ltr'><strong>subveniendo</strong></span> <span class='ocrx_word' id='word_1_483' title='bbox 963 5053 1012 5124; x_wconf 87' lang='lat' dir='ltr'><strong>qui</strong></span> <span class='ocrx_word' id='word_1_484' title='bbox 1045 5053 1133 5109; x_wconf 90' lang='lat' dir='ltr'><strong>multa</strong></span> <span class='ocrx_word' id='word_1_485' title='bbox 1189 5059 1269 5123; x_wconf 90' lang='lat' dir='ltr'><strong>sent;</strong></span> <span class='ocrx_word' id='word_1_486' title='bbox 1284 5052 1423 5124; x_wconf 90' lang='lat' dir='ltr'><strong>repressit</strong></span> <span class='ocrx_word' id='word_1_487' title='bbox 1445 5051 1602 5110; x_wconf 88' lang='lat' dir='ltr'><strong>Badienses</strong></span> <span class='ocrx_word' id='word_1_488' title='bbox 1616 5051 1664 5124; x_wconf 88' lang='lat' dir='ltr'><strong>qui</strong></span> <span class='ocrx_word' id='word_1_489' title='bbox 1676 5051 1844 5124; x_wconf 87' lang='lat' dir='ltr'><strong>episcopum</strong></span> <span class='ocrx_word' id='word_1_490' title='bbox 1858 5064 1941 5107; x_wconf 90' lang='lat' dir='ltr'><strong>suum</strong></span> <span class='ocrx_word' id='word_1_491' title='bbox 1961 5047 1985 5101; x_wconf 96' lang='lat' dir='ltr'><strong>in</strong></span> 
     </span>
     <span class='ocr_line' id='line_1_43' title="bbox 336 5145 1986 5223; baseline -0.005 -15"><span class='ocrx_word' id='word_1_492' title='bbox 336 5151 411 5208; x_wconf 88' lang='lat' dir='ltr'><strong>mala</strong></span> <span class='ocrx_word' id='word_1_493' title='bbox 437 5149 472 5207; x_wconf 92' lang='lat' dir='ltr'><strong>ah</strong></span> <span class='ocrx_word' id='word_1_494' title='bbox 489 5149 586 5223; x_wconf 90' lang='lat' dir='ltr'><strong>impiis</strong></span> <span class='ocrx_word' id='word_1_495' title='bbox 604 5149 768 5208; x_wconf 90' lang='lat' dir='ltr'><strong>hominibus</strong></span> <span class='ocrx_word' id='word_1_496' title='bbox 796 5151 980 5223; x_wconf 87' lang='lat' dir='ltr'><strong>pertulerant,</strong></span> <span class='ocrx_word' id='word_1_497' title='bbox 1001 5156 1030 5207; x_wconf 91' lang='lat' dir='ltr'><strong>at</strong></span> <span class='ocrx_word' id='word_1_498' title='bbox 1048 5163 1131 5206; x_wconf 91' lang='lat' dir='ltr'><strong>sanc·</strong></span> <span class='ocrx_word' id='word_1_499' title='bbox 1189 5149 1306 5206; x_wconf 84' lang='lat' dir='ltr'><strong>exilium</strong></span> <span class='ocrx_word' id='word_1_500' title='bbox 1319 5156 1455 5222; x_wconf 88' lang='lat' dir='ltr'><strong>egerant;</strong></span> <span class='ocrx_word' id='word_1_501' title='bbox 1470 5149 1610 5221; x_wconf 88' lang='lat' dir='ltr'><strong>increpuit</strong></span> <span class='ocrx_word' id='word_1_502' title='bbox 1632 5149 1844 5220; x_wconf 84' lang='lat' dir='ltr'><strong>Bononiensea3</strong></span> <span class='ocrx_word' id='word_1_503' title='bbox 1859 5145 1986 5220; x_wconf 81' lang='lat' dir='ltr'><strong>objurga-</strong></span> 
     </span>
     <span class='ocr_line' id='line_1_44' title="bbox 329 5244 1983 5321; baseline -0.004 -16"><span class='ocrx_word' id='word_1_504' title='bbox 329 5249 596 5306; x_wconf 90' lang='lat' dir='ltr'><strong>tionescanonicas</strong></span> <span class='ocrx_word' id='word_1_505' title='bbox 612 5262 628 5305; x_wconf 91' lang='lat' dir='ltr'><strong>a</strong></span> <span class='ocrx_word' id='word_1_506' title='bbox 647 5248 753 5308; x_wconf 83' lang='lat' dir='ltr'><strong>Graecis</strong></span> <span class='ocrx_word' id='word_1_507' title='bbox 773 5247 961 5320; x_wconf 86' lang='lat' dir='ltr'><strong>pervicaciter</strong></span> <span class='ocrx_word' id='word_1_508' title='bbox 985 5247 1134 5321; x_wconf 86' lang='lat' dir='ltr'><strong>neglectas</strong></span> <span class='ocrx_word' id='word_1_509' title='bbox 1189 5247 1229 5305; x_wconf 90' lang='lat' dir='ltr'><strong>vit</strong></span> <span class='ocrx_word' id='word_1_510' title='bbox 1253 5244 1482 5305; x_wconf 80' lang='lat' dir='ltr'><strong>Mediolanenses</strong></span> <span class='ocrx_word' id='word_1_511' title='bbox 1490 5262 1499 5319; x_wconf 85' lang='lat'>3</span> <span class='ocrx_word' id='word_1_512' title='bbox 1532 5246 1713 5304; x_wconf 90' lang='lat' dir='ltr'><strong>Placentinos</strong></span> <span class='ocrx_word' id='word_1_513' title='bbox 1726 5245 1864 5303; x_wconf 80' lang='lat' dir='ltr'><strong>intentato</strong></span> <span class='ocrx_word' id='word_1_514' title='bbox 1884 5255 1983 5302; x_wconf 91' lang='lat' dir='ltr'><strong>censu·</strong></span> 
     </span>
    </p>
   </div>
   <div class='ocr_carea' id='block_1_15' title="bbox 337 5337 2088 5438">
    <p class='ocr_par' dir='ltr' id='par_1_15' title="bbox 337 5337 2088 5438">
     <span class='ocr_line' id='line_1_45' title="bbox 337 5337 2088 5438; baseline -0.004 -35"><span class='ocrx_word' id='word_1_515' title='bbox 337 5345 408 5418; x_wconf 84' lang='lat' dir='ltr'><strong>ipsis</strong></span> <span class='ocrx_word' id='word_1_516' title='bbox 426 5345 611 5418; x_wconf 90' lang='lat' dir='ltr'><strong>imponendo,</strong></span> <span class='ocrx_word' id='word_1_517' title='bbox 628 5352 657 5403; x_wconf 96' lang='lat' dir='ltr'><strong>ut</strong></span> <span class='ocrx_word' id='word_1_518' title='bbox 669 5345 767 5403; x_wconf 89' lang='lat' dir='ltr'><strong>videre</strong></span> <span class='ocrx_word' id='word_1_519' title='bbox 781 5352 826 5403; x_wconf 91' lang='lat' dir='ltr'><strong>est</strong></span> <span class='ocrx_word' id='word_1_520' title='bbox 845 5345 874 5403; x_wconf 91' lang='lat' dir='ltr'><strong>in</strong></span> <span class='ocrx_word' id='word_1_521' title='bbox 894 5344 991 5412; x_wconf 84' lang='lat' dir='ltr'><strong>Quint.</strong></span> <span class='ocrx_word' id='word_1_522' title='bbox 1015 5345 1133 5416; x_wconf 82' lang='lat' dir='ltr'><strong>Gompil.</strong></span> <span class='ocrx_word' id='word_1_523' title='bbox 1191 5359 1285 5402; x_wconf 91' lang='lat' dir='ltr'><strong>rarum</strong></span> <span class='ocrx_word' id='word_1_524' title='bbox 1311 5351 1419 5402; x_wconf 90' lang='lat' dir='ltr'><strong>terrore</strong></span> <span class='ocrx_word' id='word_1_525' title='bbox 1439 5344 1573 5417; x_wconf 84' lang='lat' dir='ltr'><strong>perculit.</strong></span> <span class='ocrx_word' id='word_1_526' title='bbox 1595 5345 1663 5402; x_wconf 83' lang='lat' dir='ltr'><strong>ileo</strong></span> <span class='ocrx_word' id='word_1_527' title='bbox 1682 5350 1711 5400; x_wconf 90' lang='lat' dir='ltr'><strong>et</strong></span> <span class='ocrx_word' id='word_1_528' title='bbox 1734 5343 1789 5401; x_wconf 90' lang='lat' dir='ltr'><strong>alla</strong></span> <span class='ocrx_word' id='word_1_529' title='bbox 1805 5343 1893 5401; x_wconf 88' lang='lat' dir='ltr'><strong>multa</strong></span> <span class='ocrx_word' id='word_1_530' title='bbox 1911 5337 1986 5400; x_wconf 83' lang='lat' dir='ltr'><strong>inde·</strong></span> <span class='ocrx_word' id='word_1_531' title='bbox 2087 5413 2088 5438; x_wconf 22' lang='grc' dir='ltr'><strong>ἦ</strong></span> 
     </span>
    </p>
   </div>
   <div class='ocr_carea' id='block_1_16' title="bbox 329 5439 1827 5516">
    <p class='ocr_par' dir='ltr' id='par_1_16' title="bbox 329 5439 1827 5516">
     <span class='ocr_line' id='line_1_46' title="bbox 329 5439 1827 5516; baseline -0.001 -14"><span class='ocrx_word' id='word_1_532' title='bbox 329 5443 384 5502; x_wconf 85' lang='grc' dir='ltr'>Ιιιι.</span> <span class='ocrx_word' id='word_1_533' title='bbox 400 5445 423 5512; x_wconf 90' lang='lat' dir='ltr'><strong>l,</strong></span> <span class='ocrx_word' id='word_1_534' title='bbox 435 5444 476 5502; x_wconf 91' lang='lat' dir='ltr'><strong>tit.</strong></span> <span class='ocrx_word' id='word_1_535' title='bbox 491 5443 553 5514; x_wconf 86' lang='lat' dir='ltr'><strong>XX,</strong></span> <span class='ocrx_word' id='word_1_536' title='bbox 566 5459 592 5501; x_wconf 92' lang='lat' dir='ltr'><strong>c.</strong></span> <span class='ocrx_word' id='word_1_537' title='bbox 609 5443 635 5512; x_wconf 89' lang='lat' dir='ltr'><strong>l,</strong></span> <span class='ocrx_word' id='word_1_538' title='bbox 652 5443 706 5500; x_wconf 91' lang='lat' dir='ltr'><strong>ccl.</strong></span> <span class='ocrx_word' id='word_1_539' title='bbox 724 5443 785 5501; x_wconf 84' lang='lat' dir='ltr'><strong>iiii.</strong></span> <span class='ocrx_word' id='word_1_540' title='bbox 1191 5441 1283 5500; x_wconf 89' lang='lat' dir='ltr'><strong>lessus</strong></span> <span class='ocrx_word' id='word_1_541' title='bbox 1296 5448 1326 5500; x_wconf 89' lang='lat' dir='ltr'><strong>et</strong></span> <span class='ocrx_word' id='word_1_542' title='bbox 1341 5443 1408 5516; x_wconf 89' lang='lat' dir='ltr'><strong>vigil</strong></span> <span class='ocrx_word' id='word_1_543' title='bbox 1421 5449 1519 5516; x_wconf 90' lang='lat' dir='ltr'><strong>pastor</strong></span> <span class='ocrx_word' id='word_1_544' title='bbox 1533 5441 1589 5499; x_wconf 91' lang='lat' dir='ltr'><strong>hoc</strong></span> <span class='ocrx_word' id='word_1_545' title='bbox 1602 5455 1677 5499; x_wconf 91' lang='lat' dir='ltr'><strong>anno</strong></span> <span class='ocrx_word' id='word_1_546' title='bbox 1691 5439 1827 5500; x_wconf 76' lang='lat' dir='ltr'><strong>absolvit.</strong></span> 
     </span>
    </p>
   </div>
   <div class='ocr_carea' id='block_1_17' title="bbox 1019 5663 1303 5681">
    <p class='ocr_par' dir='ltr' id='par_1_17' title="bbox 1019 5663 1303 5681">
     <span class='ocr_line' id='line_1_47' title="bbox 1019 5663 1303 5681; baseline 0 -3"><span class='ocrx_word' id='word_1_547' title='bbox 1019 5663 1303 5681; x_wconf 56' lang='lat' dir='ltr'><em>m</em></span> 
     </span>
    </p>
   </div>
   <div class='ocr_carea' id='block_1_18' title="bbox 0 0 2122 6436">
    <p class='ocr_par' dir='ltr' id='par_1_18' title="bbox 0 0 2122 6436">
     <span class='ocr_line' id='line_1_48' title="bbox 0 0 2122 6436; baseline 0 0"><span class='ocrx_word' id='word_1_548' title='bbox 0 0 2122 6436; x_wconf 95' lang='lat' dir='ltr'><strong> </strong></span> 
     </span>
    </p>
   </div>
  </div>
 </body>
</html>
