4162 6424
355 229 413 290 scr
628 282 633 293 ,
978 224 1154 286 nononu
1176 224 1221 286 111
1242 223 1388 288 censa.
1931 241 1968 300 aa

354 401 484 465 quoque
492 385 635 464 gratiam
646 384 686 446 ab
696 385 769 462 ipso
778 385 839 446 eta
850 383 946 446 nobis
956 384 1152 448 mereamini
1207 399 1247 446 ac
1256 383 1445 461 discerpere
1456 385 1592 462 gravius
1605 382 1781 459 moliente,
1794 391 1932 466 quatenns
1941 401 1969 459 al·

355 482 516 545 obtinere.
532 485 600 543 Nos
613 481 713 553 enim,
729 482 880 544 volentes
897 482 1076 559 procedere
1091 498 1153 544 vo-
1208 481 1330 543 dictam
1341 481 1383 542 ad
1393 497 1544 543 errorum
1555 483 1742 546 reduceret
1753 485 1881 560 invium,
1892 508 1970 567 quem.

354 580 482 641 bisoum
494 580 527 640 in
539 579 657 655 spiritu
667 579 825 652 lenitatis,
837 578 943 640 eidem
952 579 1061 656 legato
1072 595 1153 640 nos-
1207 578 1383 656 admodum
1407 579 1441 640 et
1458 580 1550 656 ipses
1572 579 1665 641 lilios
1691 581 1796 644 Israel
1811 589 1969 653 conatusest

354 677 417 739 tris
437 677 552 737 damus
572 676 693 737 litteris
713 677 760 744 ut,
777 675 807 736 si
829 676 870 738 ad
887 679 959 754 ejus
979 677 1152 739 volueritis
1207 676 1373 738 adeserto
1388 676 1548 738 reducere
1563 676 1598 738 in
1615 679 1816 756 AEgyptum.

355 774 465 835 redire
477 774 679 845 mandatum,
692 774 775 851 ipse,
792 774 916 836 archis
933 775 1053 836 idonea
1068 791 1151 835 cau·
1247 775 1385 845 Quantis
1407 775 1518 836 autem
1537 791 1765 852 personarum
1780 779 1812 839 et
1833 795 1925 841 rerum
1936 785 1971 844 la-

355 871 445 934 tione
460 873 604 948 recepta,
628 871 784 949 praelatas
799 871 981 934 sententias
997 873 1070 933 sine
1083 871 1152 932 dis·
1207 871 1343 932 boribus
1372 872 1405 933 et
1428 872 1611 950 dispendiis
1633 873 1740 936 fuerit
1759 874 1930 950 laboratum,
1949 887 1971 943 ul

357 969 502 1031 ticultate
514 969 653 1042 relaxet,
666 970 708 1041 et,
725 986 785 1033 ros
797 969 883 1031 sicut
895 970 1052 1032 Ecclesiae
1066 969 1153 1030 lilios
1208 968 1301 1039 tides,
1324 985 1398 1046 quas
1421 971 1553 1033 mortua
1568 970 1684 1032 luerat
1709 971 1745 1033 in
1766 972 1833 1033 illis
1847 978 1969 1050 pertibus,

355 1066 498 1142 benigne
507 1067 723 1143 pertractans
736 1068 900 1144 querelas,
911 1069 940 1128 si
951 1084 1024 1145 quae
1033 1067 1155 1128 subor-
1208 1066 1435 1139 revivisceret,
1451 1069 1484 1128 et
1504 1083 1581 1145 pax,
1607 1085 1688 1145 quae
1711 1068 1753 1131 de
1777 1071 1859 1132 terra
1876 1079 1970 1150 sumpla

356 1165 399 1225 tae
416 1164 492 1225 sunt
510 1164 597 1225 inter
618 1181 677 1226 vos
697 1167 729 1225 et
748 1165 901 1228 comitem
920 1165 1152 1234 memoratum,
1208 1162 1328 1234 iuerat,
1340 1163 1474 1226 tandem
1486 1164 1683 1227 desiderata
1695 1166 1829 1239 rediret,
1843 1169 1884 1230 sic
1893 1170 1970 1246 legitis

357 1261 527 1322 amicabili
548 1262 679 1323 studeat
692 1263 929 1339 compositione
942 1262 1069 1339 sopire3
1082 1262 1154 1323 etsi
1209 1261 1242 1322 et
1265 1261 1392 1336 legistis
1412 1261 1543 1339 jamdiu
1563 1263 1598 1324 in
1625 1264 1754 1325 vestris
1782 1266 1927 1342 periculis,
1948 1273 1970 1330 nt

357 1359 441 1420 sorte
460 1359 586 1436 aliquid
603 1358 807 1421 difficultatis
822 1360 958 1421 emersit
978 1360 1031 1420 vel
1046 1375 1156 1421 emer-
1209 1374 1345 1421 necesse
1364 1375 1432 1420 non
1454 1361 1497 1422 sit
1512 1376 1552 1421 ea
1569 1361 1747 1438 explicare
1766 1361 1861 1423 latius
1874 1365 1970 1440 scriptis

358 1457 439 1518 serit
453 1456 489 1516 in
503 1456 662 1529 futurum,
675 1458 760 1534 quod
775 1473 834 1534 per
844 1473 918 1518 eum
930 1460 1073 1534 nequeat
1086 1457 1156 1518 ter-
1209 1457 1334 1518 nostris
1349 1477 1356 1516 s
1374 1456 1430 1518 sed
1445 1457 1480 1517 id
1491 1459 1603 1520 tacere
1622 1473 1696 1522 non
1706 1475 1883 1536 possumus,
1901 1462 1969 1522 inno

357 1554 491 1625 minari,
505 1554 585 1616 illud
596 1555 637 1616 ad
647 1571 707 1616 nos
717 1555 843 1616 reterre
854 1556 1018 1632 procuret,
1032 1555 1069 1618 ut
1081 1571 1153 1628 nos,
1210 1553 1334 1632 absque
1356 1554 1471 1617 dolore
1493 1555 1602 1618 cordis
1624 1557 1660 1617 et
1685 1557 1901 1627 mavimenus
1918 1575 1970 1634 per-

357 1653 499 1716 reritate
514 1654 645 1730 plenius
661 1653 842 1725 intellecta,
857 1653 1085 1730 procedamus,
1103 1653 1154 1712 si·
1210 1649 1399 1712 turbatione
1409 1653 1552 1714 recitare
1564 1653 1811 1730 compellimur,
1827 1654 1908 1730 quod,
1920 1671 1969 1715 cun

359 1752 414 1812 cut
428 1751 608 1812 secundum
626 1753 729 1814 Deum
744 1753 777 1813 et
792 1751 958 1829 justitiam
974 1749 1155 1812 viderimus
1211 1764 1269 1827 per
1284 1749 1431 1812 studium
1450 1750 1651 1827 Apostolicae
1678 1751 1775 1812 Sedis
1796 1753 1827 1813 et
1847 1755 1967 1821 vestrum

360 1848 614 1924 procedendum.
640 1852 758 1911 Datum
779 1848 945 1920 Laterani,
961 1850 1004 1909 IV
1020 1845 1087 1908 kal.
1101 1849 1158 1924 ja·
1211 1861 1251 1908 ac
1263 1847 1407 1908 maxime
1419 1863 1477 1924 per
1489 1849 1628 1912 sudores
1640 1849 1675 1910 et
1688 1848 1834 1925 pericula
1842 1847 1968 1909 nobiliset

360 1945 482 2017 nuarii,
500 1946 711 2023 pontificatus
725 1947 830 2007 nostri
845 1961 933 2007 anno
949 1945 1106 2006 secundo.
1211 1943 1339 2006 suenni
1365 1945 1434 2008 viri
1464 1947 1502 2008 S.
1527 1947 1660 2008 comitis
1691 1945 1906 2015 Montisiortis,
1925 1947 1968 2005 dis·

1212 2041 1320 2102 cussis
1336 2057 1485 2104 errorum
1497 2041 1658 2115 tenebris,
1676 2045 1711 2106 et
1722 2042 1848 2104 bellicis
1859 2041 1968 2103 cladibus

1211 2138 1434 2216 propulsatis,
1451 2142 1528 2216 jam
1548 2140 1642 2217 pacis
1672 2141 1707 2202 et
1725 2140 1801 2201 ildei
1821 2139 1969 2200 riderentur

1211 2235 1360 2312 tempora
1383 2236 1534 2309 rediisse,
1559 2237 1615 2299 ille
1632 2237 1692 2316 qui
1713 2235 1858 2299 felicibus
1878 2235 1968 2296 inridet
2013 2239 2014 2250 ¹

1212 2330 1357 2404 actibus,
1377 2334 1426 2394 sic
1445 2335 1588 2398 armavit
1606 2335 1648 2400 in,
1665 2335 1757 2398 cives
1779 2334 1934 2394 Tolosanos
1948 2333 1968 2389 et

1212 2445 1330 2491 eorum
1342 2431 1518 2509 complices
1540 2433 1653 2509 partes
1675 2449 1766 2505 suas
1791 2433 1834 2502 ut,
1855 2427 1968 2506 praeteri·

663 2557 856 2643 LXXXIX
1211 2528 1319 2591 torum
1335 2529 1556 2602 immemores
1569 2530 1601 2591 et
1613 2529 1795 2607 improvidi
1815 2527 1965 2590 bitumum,

1212 2624 1323 2687 omnia
1351 2626 1386 2686 in
1406 2627 1577 2703 antiquam
1599 2627 1826 2690 contusionem
1848 2623 1966 2684 reducere

361 2699 412 2758 Ad
427 2701 600 2771 Gorsium,
622 2701 841 2760 Amanum
851 2701 1155 2772 mmmmm·
1212 2721 1392 2783 moliantur
1405 2725 1520 2784 contra
1536 2723 1714 2800 praelatum
1729 2723 1880 2790 comitem,
1898 2718 1966 2776 imm

621 2829 657 2888 30
668 2827 798 2886 decemb.
816 2829 894 2886 1217.
1212 2819 1328 2881 contra
1344 2818 1441 2880 iidem
1452 2820 1665 2894 catholicam,
1681 2823 1778 2898 cujus
1789 2815 1966 2896 propugnator

361 2941 501 3006 [coequos
512 2943 616 2994 assueti
631 2943 675 2992 aa
689 2942 749 2992 nist.
762 2949 781 2992 t.
795 2941 863 2999 xrx,
882 2957 908 3006 p,
923 2940 978 2990 ott.
997 2942 1097 3004 aegest.
1110 2939 1156 2991 tib.
1213 2917 1326 2980 existit
1338 2939 1346 2994 ;
1358 2933 1405 2988 se,
1416 2919 1586 2996 assumpto
1597 2917 1792 2981 rebellionis
1800 2910 1967 2992 spiritseri-

660 3022 690 3080 11,
703 3022 778 3085 epist.
789 3021 857 3082 tit]
1212 3015 1338 3093 gentes,
1355 3015 1416 3093 qui.
1429 3015 1534 3077 etiam
1552 3016 1605 3079 tot
1623 3016 1750 3080 babere
1764 3012 1902 3076 dicuntur
1919 3021 1964 3065 suc

360 3119 510 3175 Tolosanis
525 3118 662 3176 adversus
680 3121 825 3178 simonem
843 3118 878 3176 de
893 3117 1054 3178 lienteicrti
1075 3117 1155 3176 inva-
1213 3113 1359 3174 lautores
1383 3113 1552 3190 nequitiae,
1570 3114 1618 3186 ut,
1641 3114 1711 3176 nisi
1733 3110 1874 3173 celeriter
1886 3101 1965 3178 inpiis
2012 3099 2013 3102 ’

396 3207 580 3276 lescentibus,
596 3209 769 3267 auxitanum
790 3207 1037 3282 archiepiscopum
1054 3213 1083 3264 et
1097 3204 1155 3264 sul·
1213 3225 1327 3274 eorum
1338 3209 1510 3271 conatibus
1521 3210 1624 3272 luerit
1636 3211 1816 3280 obviatum,
1827 3201 1963 3267 timendum

395 3294 550 3368 traganeos
565 3298 639 3354 illius
653 3299 758 3355 excitat
773 3298 916 3356 Honorius
929 3296 964 3354 ad
978 3297 1060 3356 omni
1072 3295 1158 3354 modo
1213 3307 1256 3369 sit
1270 3323 1312 3369 ne
1327 3307 1412 3385 quod
1426 3308 1525 3386 longo
1542 3309 1699 3385 tempore·
1713 3290 1837 3386 partum
1849 3301 1898 3368 est,
1913 3297 1965 3356 hii·

395 3393 488 3441 ”¹³¹¹st
490 3385 562 3442 1111111
578 3387 674 3443 ⁰⁰ffllll
687 3387 795 3444 Sl¹¹¹⁰¹¹¹
812 3385 926 3443 illini·
1112 3415 1117 3422 '
1214 3405 1348 3468 sissimo
1364 3405 1540 3477 dilabatur,
1556 3406 1685 3468 etflant
1701 3401 1869 3466 novissima
1882 3396 1963 3472 pellit
2012 3382 2013 3397 ἵ

400 3511 568 3572 Honorius
585 3513 809 3590 episcopus...,
825 3510 1072 3574 venerabilibus
1088 3510 1159 3573 ira·
1213 3502 1392 3582 prioribus,
1403 3519 1442 3565 ac
1453 3503 1638 3583 praesertim
1649 3504 1685 3564 iu
1695 3499 1838 3566 Ecclesia
1848 3489 1963 3556 eteocle·

359 3606 464 3670 tribus
480 3609 728 3686 archiepiscopo
742 3611 963 3672 Auxitanensi
978 3607 1026 3688 (2)
1043 3607 1159 3670 etsul-
1213 3600 1365 3663 siasticos
1389 3601 1480 3662 uiros
1503 3616 1589 3662 nora
1614 3597 1802 3676 persecutio
1829 3589 1961 3693 excitetur,

360 3703 527 3781 traganeis
542 3710 625 3784 ejus
641 3724 681 3769 ac
696 3707 825 3768 dilectis
842 3707 920 3767 liliis
935 3705 1109 3767 abbatibus
1125 3707 1158 3767 et
1212 3713 1287 3758 cum
1303 3712 1369 3759 non
1390 3698 1553 3773 ignoretis
1568 3713 1642 3774 quae
1663 3695 1809 3774 cogitant
1827 3691 1859 3750 in
1871 3701 1919 3793 nos
1929 3697 1963 3755 qr
2012 3766 2014 3791 ἲ

361 3803 437 3864 aliis
452 3805 668 3865 ecclesiarum
682 3804 828 3880 praelatis
841 3804 877 3865 in
890 3804 1058 3866 auxitana
1074 3819 1156 3881 pro»-
1213 3809 1284 3867 sos,
1298 3795 1366 3872 qui,
1384 3795 1530 3871 legatum
1555 3795 1755 3873 Apostolicae
1775 3787 1869 3856 sedis,
1893 3789 1961 3840 mm
2013 3814 2014 3860 t

360 3899 472 3960 vincia
487 3901 690 3971 constitutis,
708 3903 771 3962 etc.
1211 3893 1325 3956 uerius
1340 3892 1448 3956 nosin
1462 3893 1547 3970 ipso,
1564 3893 1650 3954 sicut
1662 3907 1723 3970 per
1735 3901 1830 3966 opera
1841 3873 1961 3979 indicant

402 3997 551 4073 Populus
563 3996 693 4058 israela
705 3998 881 4058 Pharaone
891 3997 1105 4059 vehementer
1112 3995 1158 4056 ai-
1213 3991 1471 4062 contemnentes,
1495 3990 1558 4051 hoc
1573 3990 1739 4062 attentare
1756 3987 1791 4048 in
1804 3985 1868 4060 ejus
1886 3970 1959 4036 oculu

361 4093 497 4170 fligitur,
511 4111 584 4155 cum
593 4097 785 4172 AEgyptum,
796 4094 920 4171 Moysis
938 4109 1018 4156 voce
1031 4093 1156 4166 audita,
1213 4102 1278 4150 non
1294 4089 1461 4150 verentur.

361 4190 514 4252 deserere
535 4192 723 4264 meditatur,
738 4192 815 4270 quia
830 4191 987 4269 nequitiae
1008 4191 1156 4268 spiritus,
1253 4183 1414 4260 Quoniam
1440 4184 1544 4260 igitur
1569 4185 1690 4246 melius
1718 4183 1767 4244 est
1792 4180 1826 4240 in
1853 4175 1961 4268 tempore
2012 4251 2013 4268 ἵ

360 4288 1157 4368 separandusabeoquemsemelsibidomicilium
1212 4295 1388 4344 occurrere
1410 4297 1508 4360 quam
1531 4297 1606 4344 sera
1629 4261 1960 4358 posttempusremedn
2011 4269 2013 4321 l

361 4386 488 4459 iecerit,
514 4388 607 4448 illum
629 4387 737 4448 allidit
762 4387 911 4462 graviter
934 4388 969 4446 et
987 4385 1155 4462 discerpit,
1213 4379 1413 4447 mendicare,
1426 4379 1678 4442 tuuversitatem
1688 4379 1826 4440 vestram
1835 4369 1959 4440 rogamus,

361 4483 488 4544 habens
500 4485 583 4545 iram
593 4500 757 4559 magnam,
768 4484 844 4562 quia
855 4482 1157 4558 modicumtempus
1213 4491 1385 4538 monemus
1414 4477 1447 4538 et
1475 4476 1688 4540 obsecramus
1717 4475 1750 4536 in
1776 4462 1961 4562 Dominoaler

361 4579 632 4650 habetetturens
644 4579 777 4656 eoquod
790 4579 1029 4656 superveniens
1041 4579 1159 4640 sortior
1212 4573 1402 4651 Apostolica
1417 4573 1514 4636 robis
1529 4574 1652 4651 scripta
1667 4554 1958 4665 in,virtuteobedtt¹1·
2011 4589 2013 4652 3

361 4676 476 4753 diripit
490 4693 570 4739 rasa
586 4680 668 4754 ejus,
682 4678 736 4738 Sic
746 4676 903 4737 nimirum
916 4675 1040 4737 lactum
1051 4676 1110 4746 est,
1125 4677 1159 4736 ut
1212 4673 1267 4734 tiae
1276 4673 1388 4733 stricte
1399 4671 1622 4750 praecipiendo
1635 4665 1833 4734 mandantes,
1842 4659 1960 4723 acropus·
2011 4691 2013 4740 p

274 4799 282 4815 r
361 4789 444 4850 gens
455 4776 495 4835 de
506 4774 655 4852 partibus
666 4773 915 4845 Tolosanisdiu
925 4773 1099 4835 attendens
1110 4789 1159 4833 er·
1212 4770 1327 4846 gentes
1357 4766 1391 4828 in
1410 4769 1596 4830 vestrorum
1621 4765 1765 4830 remedia
1785 4752 1957 4848 peccatorum,
2012 4779 2013 4790 ,

362 4887 476 4933 rorum
492 4872 662 4948 spiritibus
675 4873 708 4934 et
728 4871 967 4934 demoniorum
983 4870 1156 4943 doctrinis,
1213 4868 1395 4944 quatenus,
1427 4866 1594 4928 communi
1620 4863 1764 4943 periculo
1792 4837 1960 4918 communiter

362 4969 486 5032 afflicta
505 4970 641 5046 gravius
665 4969 765 5031 luerit
780 4986 822 5030 ex
846 4985 910 5046 quo
932 4969 973 5032 ad
996 4968 1159 5045 praedica·
1214 4963 1398 5036 obviantes
1412 4963 1548 5040 praelato
1564 4963 1677 5024 comiti
1688 4963 1867 5022 succursum
1879 4945 1959 5018 perse

361 5069 485 5131 tionem
511 5068 696 5144 legatorum
720 5067 918 5144 apostolicae
947 5065 1041 5127 Sedis
1068 5066 1157 5126 riam
1213 5077 1331 5123 narum
1353 5061 1387 5122 et
1407 5077 1520 5122 rerum,
1533 5061 1566 5122 et
1580 5061 1846 5122 etiamterrarum
1865 5033 1958 5150 vettii·

361 5165 462 5244 coepit
489 5165 642 5226 deserere
669 5165 898 5235 tenebrarum,
925 5163 982 5224 illo
1007 5163 1063 5240 qui
1086 5178 1159 5224 eam
1213 5175 1299 5227 rum,
1323 5173 1398 5220 crim
1413 5155 1618 5236 opustuerit,
1643 5128 1957 5244 fideliterimpendatn,

362 5263 456 5339 quasi
472 5279 567 5324 suum
593 5263 717 5324 lecerat
739 5263 872 5330 atrium,
890 5261 998 5336 ipsam
1020 5259 1159 5320 allidere
1215 5258 1248 5317 et
1261 5255 1293 5318 ei
1307 5272 1366 5333 per
1380 5272 1439 5317 vos
1461 5271 1500 5316 ac
1524 5255 1672 5316 subditos
1693 5249 1813 5316 vestros
1835 5221 1957 5298 assistata

400 2079 438 2137 In
450 2078 600 2138 eumdem
609 2079 741 2139 modum
753 2079 912 2154 scriptum
925 2078 1082 2154 estsuper
1094 2077 1157 2138 boc

361 2174 552 2235 consulibus
570 2177 603 2237 et
618 2176 739 2253 populo
754 2175 1031 2247 Massiliensibus
1049 2175 1082 2235 et
1096 2174 1158 2236 bc-

361 2270 1154 2344 minibusTarasconensibus,bellicadrensibus,

361 2368 552 2430 consulibus
569 2369 601 2430 et
613 2369 733 2446 populo
745 2369 832 2432 villae
849 2369 963 2430 Sancti
973 2369 1085 2445 Egidii
1095 2365 1154 2448 (1).

400 5429 441 5502 (l)
458 5433 497 5486 De
517 5428 693 5488 fervescente
711 5428 738 5486 in
759 5427 1025 5488 Provinoiubellico
1040 5425 1161 5484 tumultu
1215 5439 1275 5496 seq.
1291 5427 1362 5482 ltem
1373 5423 1584 5480 Gulllelmusde
1596 5383 1957 5480 contentiosissimus-²¹¹·

364 5514 448 5570 qucm
460 5500 539 5557 lavor
555 5501 707 5559 ltaimundl
718 5500 841 5572 junioris
855 5499 988 5556 l'cloenoi
999 5497 1160 5554 concitave-
1217 5495 1381 5572 (bouquet.)

363 5577 417 5640 ret,
436 5571 533 5627 scribit
549 5573 659 5629 Sarnali
678 5571 837 5629 monachus
852 5583 948 5642 supera,
971 5582 1039 5641 pag.
1063 5567 1114 5625 105
1134 5574 1162 5625 et
1253 5566 1294 5640 (i)
1309 5565 1416 5623 Garsirc
1428 5565 1461 5621 de
1476 5564 1559 5621 l'Ort.
