4214 6400
311 309 371 370 439
457 325 463 336 ·
657 309 710 369 DE
732 307 863 370 PRIMO
885 307 1062 370 HONORII
1084 307 1130 368 ΙΙΙ
1151 307 1454 372 PONTIFICATUS
1475 310 1604 374 ANNO.
1897 317 1959 376 lto

203 520 205 526 .
313 469 394 540 pueri
418 473 547 529 sanatam
560 466 706 526 eivitalem
724 467 777 524 soli
803 466 972 544 liberabunt.
995 465 1104 524 Pariter
1196 466 1321 525 initalia
1334 467 1957 540 paeeminterturbuleutosoivesoonoiliare

313 563 474 622 sentiebant
488 565 535 638 qui
555 563 641 638 paulo
663 570 727 637 post
744 563 852 622 obitum
877 563 994 621 lionorii
1014 569 1103 620 totam
1158 569 1257 632 tentat,
1267 565 1328 622 sive
1343 565 1372 621 in
1384 563 1525 635 insubria,
1539 563 1587 622 ubi
1601 564 1687 623 eivile
1701 564 1806 624 bellum
1825 566 1955 638 vigebat,

313 661 424 721 ltaliam
446 661 626 734 repleverunt
652 660 852 734 Flagellantes.
878 663 943 733 lpse
974 659 1104 718 Pontifex
1158 660 1219 718 siva
1233 659 1308 734 apud
1323 663 1550 731 beneventanos,
1566 662 1629 718 siva
1641 661 1717 734 apud
1732 663 1889 720 Patavinos
1906 665 1958 735 qui

316 759 421 832 pluries
437 746 524 828 dixit,
541 759 570 816 in
593 757 654 816 suis
676 758 786 828 litteris,
806 759 847 815 uti
861 757 1001 816 videbitur
1019 757 1102 827 inira,
1158 763 1262 815 statuta
1277 757 1401 814 tulerant
1415 759 1551 816 Enelesiae
1561 756 1683 816 libertati
1698 757 1786 816 nimis
1798 761 1957 816 eontraria.

312 856 428 914 Terram
453 856 586 914 Sanctam
605 869 670 914 esse
693 853 855 914 infidelibus
874 855 1024 925 traditam,
1042 876 1055 907 ι
1075 853 1103 912 id
1194 853 1836 929 berengarisavidnoe,queinerantdnglorum
1846 857 1959 930 regine

314 953 495 1026 exigentibus
521 953 646 1026 pensatis
674 953 818 1011 nostrisa.
842 951 898 1010 sed
924 951 969 1010 his
991 959 1021 1010 et
1042 951 1105 1010 aliis
1158 965 1276 1010 oausam
1290 952 1417 1025 suseipit,
1429 961 1457 1010 el
1467 959 1561 1011 tuetur
1572 951 1720 1025 pactiones
1730 952 1767 1012 de
1779 952 1846 1012 dote
1858 955 1957 1012 initas.

313 1050 453 1108 similibus
463 1051 557 1108 verbis
572 1049 653 1108 abusi
663 1057 730 1108 sunt
743 1050 869 1108 sectarii.
1159 1047 1293 1108 Btauoam
1307 1027 1424 1122 'quoque
1438 1049 1602 1124 Campaniae
1624 1051 1801 1109 comitissam
1818 1049 1959 1110 adversus

349 1147 431 1206 Unde
443 1163 501 1205 non
510 1149 602 1206 solum
613 1147 686 1206 bella
698 1155 756 1207 tam
768 1155 885 1206 externa
894 1161 980 1220 qnam
992 1146 1105 1204 interna
1159 1145 1299 1204 Erardum
1313 1145 1448 1216 defendit,
1459 1153 1594 1220 quaerat
1606 1147 1712 1206 Sanobi
1723 1148 1803 1221 regis
1818 1149 1960 1208 llavarrae

314 1245 601 1317 portismescabautur
615 1252 645 1303 et
663 1246 692 1302 iu
704 1246 840 1303 societate
856 1245 932 1302 civili
951 1245 1104 1313 novitates,
1159 1257 1249 1300 soror.

312 1343 364 1400 sed
375 1343 446 1400 iuter
461 1343 524 1400 illos
535 1344 584 1415 qui
597 1341 768 1402 videbantur
781 1342 887 1400 bonum
902 1342 1035 1415 persequi
1050 1355 1106 1398 ma·
1195 1331 1303 1397 Eodem
1319 1353 1406 1410 anno,
1419 1341 1554 1399 institutae
1573 1354 1589 1398 a
1604 1340 1633 1398 S.
1650 1341 1800 1399 Dominieo
1811 1343 1959 1416 religiose

312 1440 371 1498 lilia
380 1441 485 1498 erroris
497 1441 634 1514 paulatim
646 1439 780 1512 serpebat
788 1445 817 1496 et
829 1437 1022 1512 gradiebatur.
1031 1439 1107 1496 Talis
1160 1436 1316 1511 discipline
1337 1436 1456 1496 lormula
1469 1435 1506 1496 ab
1522 1437 1660 1508 Honorio,
1673 1437 1837 1511 apostoliea
1855 1447 1958 1498 aueto-

313 1542 375 1594 erat
385 1535 506 1612 publiooe
519 1537 560 1593 rei
574 1543 665 1594 status
682 1551 769 1610 quum
787 1536 970 1594 innocentius
985 1537 1026 1594 111
1042 1550 1103 1592 mo·
1161 1535 1244 1592 ritate
1254 1533 1449 1594 eondrmatur.

313 1633 396 1714 ritur,
410 1633 457 1691 vel
471 1648 558 1706 nuum
575 1633 718 1691 Honorius
731 1634 772 1691 ΙΙΙ
786 1634 812 1690 ei
822 1647 971 1690 successor
980 1631 1105 1705 eligitur.
1197 1633 1318 1704 lioperto
1334 1631 1432 1700 etiam,
1448 1638 1520 1690 testa
1539 1631 1672 1701 baronio,
1685 1647 1805 1705 eorpora
1821 1633 1849 1691 S.
1861 1633 1958 1690 Alexii

350 1730 493 1788 Statimae
505 1729 703 1788 Pontificatum
714 1728 888 1802 adeptusest
898 1729 1041 1786 lionorius
1053 1731 1105 1796 ΙΙΙ,
1162 1734 1189 1784 el
1207 1727 1355 1798 Bonilaoii,
1369 1728 1398 1785 in
1414 1743 1515 1786 aarum
1534 1729 1667 1799 eeclesia,
1687 1731 1796 1801 Romae,
1811 1729 1842 1788 in
1856 1737 1957 1788 moute

314 1825 350 1882 de
364 1841 416 1884 sua
429 1828 607 1900 promotione
624 1827 762 1884 eertiores
776 1826 841 1884 lenit
860 1840 910 1899 per
922 1826 1030 1884 litteras
1048 1831 1107 1883 tum
1162 1825 1316 1883 Aventino.

315 1923 462 1995 presules,
479 1931 538 1981 tum
553 1923 704 1996 religiosos
719 1924 805 1992 viros,
821 1931 882 1981 tum
893 1931 1016 1997 regeset
1029 1925 1106 1997 prin·
1197 1924 1230 1979 lo
1243 1923 1332 1980 Gallia
1351 1921 1521 1995 repullulare
1536 1922 1598 1982 visa
1611 1930 1655 1980 est
1676 1919 1796 1981 audaoia
1813 1922 1955 1996 albigen-

315 2020 411 2092 eipes,
434 2029 462 2077 et
485 2020 754 2093 ierosolymitanum
776 2035 890 2094 regem,
910 2020 985 2094 apud
1008 2037 1109 2079 omnes
1162 2018 1247 2075 sium.
1263 2020 1337 2077 Nam
1348 2017 1532 2092 llaymundus
1539 2019 1646 2091 junior,
1655 2020 1793 2078 soeietate
1807 2019 1877 2077 inita
1890 2035 1959 2076 eum

316 2123 488 2188 protestatus
509 2132 567 2174 uon
590 2132 642 2191 per
662 2125 783 2174 mortem
807 2117 968 2175 iunocentii
991 2133 1108 2176 omnem
1162 2115 1398 2184 Massiliensibus,
1414 2130 1480 2172 oum
1499 2117 1748 2174 avenionensibus
1763 2123 1793 2174 et
1812 2116 1876 2173 aliis
1890 2117 1957 2174 lini·

316 2227 381 2270 esso
394 2213 518 2272 ablatam
533 2217 614 2287 sp'em
627 2212 816 2287 expeditionis
827 2215 1035 2273 transmarine.
1163 2215 1250 2284 limis,
1268 2212 1462 2272 Montiortinm
1479 2213 1634 2290 superavit,
1648 2213 1724 2287 apud
1738 2211 1882 2272 aiaitmem
1894 2214 1958 2272 Bel-

351 2308 396 2368 Ad
409 2311 563 2369 Galliarum
575 2311 726 2385 episcopos
738 2312 895 2383 praesertim
910 2305 1016 2383 soribil,
1037 2327 1110 2384 qnos
1163 2309 1332 2384 liquadrum.
1353 2312 1414 2380 Quo
1436 2309 1511 2368 iacto
1526 2310 1652 2384 eognito,
1669 2309 1765 2382 plures
1782 2307 1960 2368 delectiones

317 2405 483 2464 adhortatur
496 2413 527 2464 ut
538 2409 667 2465 omnium
683 2395 794 2464 an'imos
815 2409 948 2466 excitent.
961 2412 997 2467 Et
1009 2411 1038 2466 in
1051 2417 1109 2466 toto
1163 2416 1269 2466 seoutae
1291 2416 1365 2479 sunt,
1387 2406 1454 2466 dum
1478 2408 1571 2480 ipsam
1590 2407 1723 2464 Tolosam
1750 2405 1804 2464 sibi
1819 2407 1960 2466 alienaret

316 2503 363 2560 illo
379 2503 470 2575 primo
486 2518 571 2572 anno,
592 2511 668 2562 totus
689 2513 732 2563 est
756 2501 791 2562 ad
810 2505 1002 2578 comparanda
1017 2506 1108 2564 subsi·
1163 2504 1342 2574 bautonius,
1360 2519 1459 2577 quana
1483 2504 1622 2563 exhausta
1650 2505 1772 2577 poeonia
1784 2503 1815 2562 in
1829 2503 1959 2562 diversas

315 2599 362 2657 dia
373 2602 466 2658 Terre
478 2602 598 2660 Sanetae.
1164 2601 1302 2661 bellorum
1328 2602 1483 2675 impensas,
1513 2601 1657 2660 civitatem
1685 2602 1803 2675 triginta
1835 2602 1960 2660 millibus

223 2753 229 2760 .
352 2700 463 2756 interea
482 2697 856 2773 delunetusestimperator
870 2701 1107 2774 Constantinopo·
1165 2713 1325 2758 marearum
1338 2700 1496 2757 muletavit.

315 2795 422 2852 litanus
446 2796 645 2865 Hadrianeia
666 2797 860 2870 euiusloeum
884 2799 984 2856 Petrus
1013 2814 1111 2857 oomm
1200 2799 1268 2854 lime
1277 2804 1320 2854 est
1333 2796 1423 2854 series
1438 2794 1576 2854 laetorum
1594 2795 1631 2854 ad
1654 2795 1777 2868 primum
1790 2797 1910 2854 Honorii
1918 2799 1960 2856 ΙΙΙ

316 2889 584 2950 Autissiodorensis.
597 2891 705 2966 (Pierre
717 2892 753 2951 de
763 2893 925 2968 Courteoai)
942 2896 1066 2970 eligitur.
1165 2894 1349 2952 pontificatus
1361 2907 1469 2951 annum
1483 2892 1958 2966 pertinentiumsedmajmtatem,

354 2988 449 3046 Evila
472 2990 557 3046 oessit
576 2990 663 3046 eliam
683 2988 738 3047 boo
753 3005 829 3048 anno
850 2993 977 3050 loannes
998 2993 1111 3066 angliae
1165 2999 1195 3050 et
1208 2990 1433 3065 amplitudinem,
1443 3005 1477 3050 ao
1487 2989 1656 3065 dignitatem
1669 2989 1796 3049 historiae
1808 3005 1866 3050 non
1881 2992 1960 3050 inve·

318 3097 378 3140 rex.
407 3084 497 3157 Hujus
522 3085 610 3144 lilium
641 3088 805 3158 ilenrioum‚
835 3087 929 3147 adbue
961 3089 1110 3162 parvulum
1165 3089 1299 3148 alaudam
1318 3097 1396 3164 puto,
1419 3089 1475 3147 uisi
1496 3089 1526 3147 iu
1545 3089 1615 3162 ipsis
1629 3089 1764 3162 genuinis
1779 3087 1960 3147 documentis

319 3179 447 3238 Pontilox
462 3183 562 3256 recipit
579 3181 633 3241 sub
645 3197 697 3241 suo
709 3192 738 3244 et
748 3185 896 3244 beatorum
909 3187 1110 3260 Apostolorum
1166 3202 1229 3262 qnae
1243 3186 1315 3245 inira
1327 3185 1483 3258 tradentur,
1495 3186 1605 3245 sellioet
1619 3185 1648 3244 ln
1663 3187 1756 3261 primo
1768 3185 1960 3260 Epistolarum

318 3279 394 3336 Petri
405 3286 433 3336 et
444 3279 525 3338 Pauli
540 3281 698 3354 patrocinio
715 3289 742 3340 el
753 3297 853 3356 regem
865 3283 963 3342 Gallie
977 3283 1108 3344 dehorta-
1166 3286 1299 3359 sequenti
1311 3285 1393 3344 libro.

318 3382 363 3434 tur
378 3375 414 3434 ab
427 3376 588 3438 invadenda
598 3380 758 3454 Anglorum
769 3387 854 3440 terra.
