4162 6424
99 221 169 282 673

375 367 379 376 ’
413 403 607 495 clxvin

169 563 223 623 Ad
241 562 498 624 Ariminensem
519 559 552 623 et
567 561 854 636 Senooclttensene

407 659 592 733 cremnos.

390 789 427 850 2³
439 797 524 848 mart
541 789 622 848 itit.

316 913 435 982 [Ugbeld.
443 913 521 965 italie
532 927 613 972 mors,
626 914 646 973 l,
654 911 724 980 dod]

99 1031 256 1107 Significat
274 1047 307 1090 se
319 1045 419 1090 cerum
439 1031 549 1090 litteras
562 1045 649 1104 super
662 1031 779 1106 negotio
791 1033 904 1090 lenen-

143 1123 184 1180 sis
215 1129 245 1181 et
280 1122 579 1195 Forosempronlensis
604 1120 792 1180 ecclesiarum
819 1120 904 1179 totel-

143 1211 265 1282 lexime3
281 1209 332 1268 sed
353 1217 449 1270 nmen
466 1209 614 1284 negotium
632 1209 727 1284 ipsum
742 1209 779 1268 nd
793 1223 844 1268 eos
858 1223 903 1268 re·

141 1299 244 1370 mittit,
269 1307 301 1358 ut
329 1298 440 1358 civibus
468 1297 657 1358 aniemibus
684 1298 846 1374 injungent,
874 1307 907 1357 ut

139 1385 319 1447 mtlstaciant
341 1389 466 1447 Fenenai
491 1389 626 1463 episcopo
651 1393 681 1446 et
700 1388 903 1461 Forcsempro·

144 1477 238 1536 niemi
252 1476 354 1536 electo

147 1592 315 1656 Honorius
349 1592 543 1672 episcopus,
580 1608 697 1657 cervus
732 1607 904 1656 sorvorum

101 1690 178 1762 Dei,
194 1691 337 1763 dilectis,
345 1693 421 1760 etc«,
432 1691 615 1754 Ariminen.
630 1692 665 1756 et
679 1691 902 1768 senogallien.

98 1788 282 1866 episcopis.

146 1885 300 1960 Litteras,
323 1901 407 1965 quas
433 1884 530 1949 nobis
557 1900 659 1964 supra
684 1885 819 1962 negotio
840 1887 905 1948 lia-

100 1982 214 2055 nensi,
228 1985 261 2045 et
278 1983 609 2061 Ferocempronienei
634 1983 787 2046 eccleslae
800 1983 905 2047 desti-

98 2080 205 2152 natis,
228 2079 455 2142 intelleximus
481 2081 668 2157 diligenter.
684 2079 778 2144 Licet
793 2081 903 2142 autem

97 2176 239 2254 quidam
250 2177 341 2240 cives
356 2179 537 2250 Fanenses,
557 2177 614 2256 qui
635 2178 770 2256 propter
784 2176 848 2240 hbe
861 2178 903 2239 ad

99 2274 317 2351 praesentiam
327 2277 475 2337 nostram
486 2276 707 2348 accesserant,
718 2273 903 2336 communis

100 2372 159 2434 sui
173 2372 307 2434 nomine
332 2372 440 2434 vitare
462 2373 631 2434 voluerint
657 2373 781 2435 nostris
802 2388 903 2449 supra

99 2469 169 2530 hoc
197 2468 331 2531 obedire
354 2469 531 2542 mandatis,
554 2486 616 2532 nos
642 2471 754 2532 umen
775 2470 905 2533 cautio-

100 2581 180 2628 nem
196 2565 385 2644 hujusmodi
409 2583 618 2645 nequaquam
635 2567 853 2629 sufficientem
868 2567 904 2629 in

100 2664 197 2726 tanto
220 2663 354 2748 negotio
377 2665 582 2742 reputantes,
604 2665 774 2741 negotium
796 2663 903 2741 ipsum

100 2761 146 2824 ad
156 2779 216 2824 vos
226 2761 382 2823 duximus
390 2761 636 2834 remittendum,
649 2760 904 2840 parapostolioa

100 2859 198 2922 vobis
221 2859 345 2938 scripta
368 2858 580 2934 mandantes,
596 2861 759 2938 quatenus
773 2858 902 2922 civibus

100 2955 312 3018 Fanensibus
325 2956 520 3036 injungatis,
533 2957 570 3020 ut
586 2955 795 3020 satisfaciant
806 2971 903 3020 vene-

99 3054 203 3115 rabili
218 3053 314 3117 iratri
329 3055 443 3117 nostro
458 3053 603 3116 Fanensi
616 3053 783 3132 episcopo,
799 3053 833 3115 et
850 3053 903 3114 di-

97 3151 188 3214 lecto
206 3151 275 3214 filio
290 3150 621 3230 Ferocemproniensi
639 3151 756 3224 electo,
777 3151 810 3215 et
828 3153 901 3229 ejus

96 3249 253 3311 ecclesiae
281 3248 322 3311 de
345 3248 475 3313 damnis
500 3249 699 3321 manifestis
722 3248 900 3326 dequibus

98 3347 176 3408 sine
199 3346 362 3408 dilatione
387 3348 495 3424 potest
522 3345 707 3410 satisfactio
735 3346 898 3418 exbiberi,

98 3444 325 3520 astringentes
339 3457 376 3505 se
390 3457 411 3504 a
425 3441 683 3520 quartodecimo
698 3457 786 3504 anno
799 3457 901 3522 supra

98 3542 250 3622 praestito
265 3540 484 3618 corporaliter
497 3540 699 3616 iuramento,
723 3541 757 3602 et
778 3540 901 3616 pigno·

97 3639 231 3711 rativa,
258 3638 315 3702 vel
346 3638 464 3700 saltem
490 3637 701 3714 fidejussoria
728 3638 897 3710 cautione,

100 3736 189 3815 quod
216 3735 351 3800 stabunt
375 3733 541 3796 mandatis
567 3734 690 3796 nostris
714 3751 815 3813 supra
843 3734 898 3807 iis,

99 3851 176 3914 quae
197 3835 276 3898 licet
294 3835 361 3896 sint
383 3832 570 3905 manifesta,
592 3832 764 3895 emendari
788 3833 899 3896 tamm

100 3935 177 3996 sine
204 3932 363 3995 dilatione
384 3946 451 3992 non
472 3931 620 4009 possunt,
647 3931 682 3993 et
699 3931 786 4009 quod
801 3946 901 4009 pare-

98 4029 185 4091 bunt
195 4028 264 4106 juri
276 4042 376 4104 super
390 4027 499 4090 dubiis
511 4042 625 4089 coram
636 4024 743 4100 nobis,
757 4027 809 4091 vel
820 4027 898 4106 qui-

98 4123 162 4187 bus
183 4126 247 4188 hoc
259 4124 452 4186 duxerimus
463 4124 744 4197 committendum,
765 4125 898 4202 potius-

19 4249 20 4256 *
99 4239 165 4302 que
188 4224 246 4285 aut
279 4221 546 4299 adimpleverint,
570 4238 644 4301 quan
663 4223 902 4300 praemisimus,-

99 4320 260 4384 relaxetis
278 4319 459 4383 sententias
471 4321 590 4400 quibus
602 4321 737 4398 propter
750 4321 814 4383 boc
828 4321 898 4382 Fa-

740 213 969 286 briscona.
993 215 1071 278 bib.
1096 216 1139 276 ΙΙ.

1702 217 1761 274 671

1290 399 1442 488 CLXIX

981 545 1033 606 Ad
1052 541 1239 606 [ecbertum
1259 543 1456 618 episcopum
1474 541 1739 606 olomucensem.

1244 664 1279 724 tl
1293 671 1379 724 mart.
1396 662 1476 723 tera.

982 779 1115 844 ffiomck,
1123 779 1210 832 Codex
1220 779 1328 846 diplom.
1343 777 1472 840 florario,
1483 778 1545 842 til,
1559 791 1585 844 p.
1593 776 1741 844 iidata]

962 885 1101 956 lieberto,
1113 887 1295 946 olomucensi
1310 887 1455 960 episcopo,
1471 883 1606 944 mandate
1620 883 1657 942 de
1672 886 1760 944 inter·

969 991 970 994 ¹
1067 975 1145 1035 dicto
1158 976 1188 1034 to
1201 975 1337 1034 bobemta
1349 973 1528 1034 observando
1542 975 1654 1047 repetit.

1001 1092 1182 1166 Honorius,
1198 1094 1274 1161 etc..
1289 1090 1476 1156 venerabili
1494 1090 1592 1154 tratri
1605 1091 1761 1170 episcopo

959 1191 1183 1264 Olomncensi,
1197 1191 1350 1264 salutem,
1365 1189 1428 1252 etc.

1000 1288 1220 1351 Praesentinm
1239 1287 1300 1352 tibi
1320 1286 1660 1363 auctoritatemque
1680 1301 1763 1348 oon-

959 1386 1064 1449 cessis
1079 1384 1138 1467 (1).
1163 1385 1321 1464 Alioquin
1339 1383 1470 1447 dilectis
1495 1383 1612 1446 tiliis...
1634 1383 1761 1446 deceno

871 1516 875 1524 ·
960 1487 1031 1546 et...
1048 1483 1248 1547 scholastico
1262 1483 1533 1546 wratislaviensi
1547 1481 1666 1544 damus
1680 1497 1762 1542 nos-

958 1582 1021 1644 tris
1033 1582 1155 1646 litteris
1169 1581 1204 1644 in
1219 1581 1396 1653 mandatis,
1414 1582 1451 1642 ut
1462 1581 1528 1642 tea
1548 1579 1760 1656 susceptione

959 1679 1147 1742 litterarum
1170 1681 1361 1742 nostrarum
1384 1677 1472 1740 inira
1491 1677 1611 1755 viginti
1625 1677 1697 1738 dies
1718 1675 1761 1738 ad

959 1777 992 1838 id
1015 1777 1263 1856 emendandum
1286 1775 1495 1839 districtione
1517 1791 1583 1854 qua
1605 1774 1762 1838 convenit

960 1861 1183 1953 appellatione
1195 1876 1322 1938 remota
1337 1874 1548 1952 compellant.
1563 1874 1682 1936 batum
1695 1874 1762 1934 Le·

958 1973 1069 2035 terant
1081 1973 1125 2034 VI
1135 1972 1296 2034 kalendas
1306 1972 1423 2050 aprilis
1433 1971 1645 2049 pontificatus
1653 1969 1761 2032 nostri

958 2085 1048 2132 anno
1062 2071 1219 2132 secundo.

997 2213 1041 2276 In
1054 2215 1214 2276 mendam
1237 2215 1377 2275 modum
1402 2209 1634 2290 scriptumest
1660 2223 1760 2287 super

957 2306 1759 2373 hoc...decan0et...scholasticowratislaviensi

958 2423 1064 2484 usque
1091 2405 1127 2468 in
1151 2407 1261 2480 duem,
1292 2405 1404 2469 verbis
1427 2405 1653 2482 competenter
1679 2420 1758 2466 mu-

958 2505 1192 2680 ιθ1111169631)
1205 2597 1345 2662 Honorii
1360 2601 1417 2674 ΙΙΙ,
1429 2599 1511 2661 anni
1521 2599 1563 2672 ΙΙ,
1577 2597 1672 2677 epist
1684 2599 1756 2672 991,

958 2698 993 2760 in
1004 2695 1182 2761 tabulariis
1196 2693 1395 2778 Vaticanis.)

1293 2863 1426 2954 CLXX

1081 3009 1135 3070 Ad
1149 3008 1338 3084 centulum
1358 3010 1630 3084 Ausdecenses.

1241 3121 1275 3180 27
1290 3128 1374 3180 man.
1390 3121 1470 3179 lale.

1032 3227 1160 3292 muner,
1172 3228 1338 3280 ltonnmenta
1353 3223 1496 3290 linngeria,
1509 3226 1530 3289 l,
1541 3241 1570 3287 u,
1586 3239 1614 3277 n.
1627 3226 1678 3289 18.]

955 3333 1113 3392 Annuntiat
1132 3332 1258 3407 pontifex
1289 3332 1538 3406 archiepiscopum
1566 3333 1753 3392 colocensem

1074 3419 1218 3479 adsedem
1232 3420 1455 3494 Aquilegensem
1471 3417 1629 3479 nonsierrl.

995 3537 1162 3601 Honorius
1175 3537 1349 3616 episcopus
1364 3553 1481 3599 servus
1491 3553 1665 3600 servorum
1681 3537 1753 3611 Dei,
1816 3535 1820 3548 '

956 3635 1085 3698 dilectis
1111 3635 1191 3697 tiliis
1211 3635 1356 3714 capitulo
1370 3634 1595 3713 aquilegensi,
1614 3634 1755 3698 salutem

955 3733 988 3796 et
998 3733 1215 3811 apostolicam
1230 3732 1506 3796 benedictionem.

994 3827 1440 3911 QuumnuperAquilegenst
1461 3830 1754 3896 ecclesiavacante

955 3930 1097 4008 pastore,
1119 3930 1252 4009 quidam
1278 3945 1321 3991 ex
1349 3926 1442 3990 vobis
1471 3925 1507 3990 in
1529 3929 1754 3991 venerabilem

954 4025 1091 4091 fratrem
1105 4026 1319 4090 nostrum....'.
1336 4025 1549 4089 colocensem
1567 4025 1755 4105 archiepis-

953 4139 1072 4202 copum
1106 4123 1339 4204 postulandum
1376 4140 1397 4185 a
1425 4123 1520 4186 nobis
1553 4125 1755 4188 contulerint

952 4221 1030 4285 vota
1040 4237 1112 4294 sua,
1124 4221 1223 4284 etalii
1237 4221 1386 4283 Ulricum
1399 4219 1596 4283 canonicum
1605 4223 1752 4283 vestrum

954 4318 1110 4382 duxerint
1134 4318 1335 4394 eligendum,
1352 4317 1485 4396 utrique
1499 4333 1599 4396 super
1612 4315 1655 4379 iis
1673 4334 1754 4397 pro·

98 4419 215 4481 nensis
240 4417 370 4491 civitas,
389 4419 422 4481 et
447 4417 595 4480 lautores
623 4420 696 4498 ejus
724 4418 899 4496 subjacere
953 4417 1124 4479 curatores
1145 4416 1282 4478 idoneos
1306 4411 1347 4477 ad
1372 4416 1521 4478 nostram
1539 4413 1751 4492 praesentiam

99 4516 293 4589 noscuntur,
309 4516 541 4593 Albrigettum,
563 4517 598 4578 et
611 4515 697 4578 alios
714 4517 812 4593 juxta
828 4516 898 4578 ior·
952 4515 1220 4586 transmiserunt,
1243 4513 1361 4590 quibus
1375 4510 1554 4590 benignam
1582 4513 1753 4576 concessi·

99 4629 188 4675 mam
205 4613 361 4676 Ecclesiae
385 4613 594 4675 absolventes
620 4612 820 4691 specialiter,
842 4614 899 4692 qui
953 4629 1026 4673 mus
1052 4607 1273 4684 audientiam,
1301 4607 1336 4673 et
1357 4611 1535 4688 diligenter
1563 4607 1751 4704 audivimus

99 4727 160 4789 pro
173 4710 300 4772 offensa
315 4710 444 4788 praefati
457 4709 604 4790 episcopi
619 4711 654 4772 ln
670 4711 899 4773 excommuni-
953 4726 1025 4788 quae
1049 4712 1250 4772 curaverunt
1284 4724 1470 4787 preponere
1497 4725 1609 4771 coram
1643 4709 1750 4772 nobis.

99 4807 276 4880 cntionem,
292 4806 346 4868 vel
361 4822 521 4870 canonem
535 4807 613 4870 latae
626 4808 899 4871 sententiaeinci-
953 4809 1036 4881 Quia
1062 4823 1140 4870 vero
1169 4807 1291 4870 exhinc
1316 4807 1394 4868 inde
1415 4807 1593 4885 propositis
1620 4807 1751 4883 plenius

100 4905 231 4976 derunt,
256 4903 389 4966 easdem
415 4921 495 4967 vero
521 4905 714 4976 sententias,
736 4906 764 4967 si
785 4905 898 4966 forsan
953 4905 1129 4968 intellectis
1162 4905 1335 4974 constitit,
1372 4906 1440 4966 tam
1474 4904 1749 4982 postulationem,

99 5003 172 5064 baec
187 5001 369 5079 adimplere
390 5001 570 5075 noluerint,
592 5002 786 5065 solemniter
800 5001 899 5065 iuna
952 5019 1051 5080 quam
1066 5002 1262 5065 electionem
1279 5000 1465 5080 predictas,
1480 5003 1595 5062 contra
1611 5000 1751 5063 termam

98 5100 200 5172 vetis,
230 5100 264 5161 et
285 5098 417 5162 faciatis
442 5115 547 5176 usque
570 5099 611 5160 ad
637 5099 897 5164 satisfactionem
952 5100 1092 5162 concilii
1101 5099 1270 5176 generalis
1281 5097 1383 5161 inisse
1397 5099 1677 5175 praesumpsere
1688 5097 1752 5177 ira·

99 5197 297 5275 condignam
310 5195 548 5259 inviolabiliter
560 5195 742 5260 observari.
951 5199 1040 5260 trum
1059 5200 1249 5260 nostrornm
1274 5196 1415 5258 consilio
1441 5195 1637 5257 electionem
1657 5211 1750 5257 enm-

138 5297 256 5358 Datum
277 5292 433 5358 Laterani
448 5295 488 5357 10
502 5293 663 5360 kalendas
678 5295 794 5374 aprilis
810 5311 897 5358 anno
952 5295 1026 5357 dem
1041 5295 1257 5368 cassavimus,
1281 5295 1315 5356 et
1335 5293 1591 5371 postulationem
1613 5310 1679 5355 non
1694 5295 1751 5356 ad-

100 5393 255 5458 secundo.
540 5393 545 5402 “

137 5544 175 5618 ll)
194 5541 550 5614 vicecomitissam.
567 5543 629 5601 coa.

103 5736 120 5745 „
241 5670 491 5727 earconbercti.

952 5393 1103 5454 misimus
1130 5391 1249 5456 iactam
1285 5391 1326 5454 de
1349 5391 1602 5470 archiepiscopo
1630 5408 1751 5477 snpra-
