4162 6424
372 255 431 315 547
663 252 666 258 ’
987 256 1163 320 HONORII
1185 259 1230 318 111
1251 257 1399 322 OPERA·
1926 271 1963 334 511

374 411 502 476 1661616
515 413 644 490 plenius
658 411 838 486 intellecta,
854 413 949 476 vobis
962 415 1120 493 injunxit,
1134 417 1171 480 ut
1224 417 1333 494 passis
1358 418 1391 479 61
1416 411 1617 494 patientibus
1642 423 1832 497 procuretis,
1858 427 1885 488 et
1901 430 1930 490 ad
1945 434 1964 495 id

374 510 514 572 nuncios
529 513 561 572 ot
576 510 806 586 procuratores
828 510 975 586 idoneos,
997 513 1054 591 qui
1074 529 1171 575 man·
1225 514 1965 602 pleniusexsequendumpostsusceptionenpra

374 611 451 672 data
465 609 577 670 nostra
592 608 789 684 reciperent,
807 609 848 670 ad
862 611 1010 672 nostram
1023 627 1171 688 praesen-
1225 611 1965 686 66666616666166666166Ρ16661116666166

373 707 454 769 tiam
468 705 653 778 mitteretis,
666 706 699 769 et
712 706 784 782 ipse
796 707 1003 783 postmodum
1016 709 1057 772 ad
1070 712 1171 786 Apos-
1188 788 1190 794 ,
1224 711 1242 772 J
1245 725 1419 782 66666666,
1430 712 1463 772 61
1471 725 1531 772 vos
1542 714 1560 773 J
1563 726 1730 773 anuenses
1740 714 1864 776 totidem
1871 719 1966 782 Pisanos

372 804 506 865 tolicam
536 802 653 864 Sedem
677 803 821 876 rediero,
838 805 934 866 nobis
959 806 992 871 et
1012 805 1170 869 imtribus
1225 807 1965 892 6661666616666(11666166616666116661166111,

374 901 497 963 nostris
513 900 667 978 exposuit
681 901 829 978 6166666
841 902 983 966 fideliter
998 905 1169 966 universa.
1226 919 1307 980 quos
1332 905 1405 982 post
1423 921 1536 977 eorum
1550 905 1748 968 electionem
1761 908 1842 970 inira
1855 913 1966 985 triduum

373 1001 443 1062 Nos
456 999 560 1074 igitur
580 1013 641 1074 per
655 1000 728 1075 ejus
753 999 882 1061 fidelem
906 1001 1071 1064 rationem
1095 1002 1170 1062 ius·
1226 1002 1312 1078 quod
1327 1001 1367 1064 de
1381 1003 1566 1065 manifestis
1581 1003 1669 1064 intra
1685 1004 1896 1082 quadraginta,
1912 1013 1968 1073 etde

374 1097 486 1168 tructi,
516 1096 647 1156 nunciis
678 1097 711 1158 et
736 1099 1007 1173 procuratoribus
1033 1100 1169 1171 6661616,
1226 1098 1335 1162 dubiis
1347 1115 1426 1162 vero
1439 1101 1514 1176 post
1527 1101 1698 1177 querelam
1713 1105 1895 1180 propositam
1911 1109 1968 1168 intra

373 1193 530 1256 videlicet
543 1191 710 1254 nobilibus
732 1195 814 1255 viris
829 1194 980 1257 Gisberto
995 1195 1124 1272 Albigo,
1140 1197 1172 1258 61
1226 1197 1401 1272 sexaginta
1428 1196 1499 1260 dica
1525 1199 1756 1274 pronuncient,
1781 1203 1812 1263 61
1827 1203 1967 1280 potestates,

374 1296 463 1354 Leon
489 1308 549 1368 pro
575 1291 669 1353 vobis
698 1292 843 1366 Pisanis,
869 1294 902 1355 ct
927 1293 1073 1356 Huberto
1097 1293 1172 1372 Spi-
1225 1295 1383 1365 rectores,
1401 1307 1461 1356 666
1472 1295 1626 1356 consules
1640 1298 1780 1369 vestros,
1796 1299 1846 1374 qui
1862 1303 1969 1376 proten·

373 1391 473 1463 nulae,
500 1390 638 1451 Fulconi
660 1389 804 1462 castelli,
835 1391 972 1452 Daniele
995 1387 1117 1465 Dorias,
1139 1391 1173 1453 et
1226 1407 1306 1468 pore
1324 1391 1462 1464 fuerint,
1491 1394 1528 1454 ut
1548 1393 1581 1454 id
1601 1394 1689 1470 quod
1720 1393 1760 1454 ab
1784 1395 1844 1456 illis
1862 1413 1968 1474 pronun-

374 1491 513 1564 Hugoue
529 1486 729 1548 cancellario
743 1503 812 1572 pro
836 1488 929 1549 vobis
949 1489 1172 1551 Januensibus
1227 1490 1350 1552 6161661
1364 1487 1613 1562 scantianam,
1629 1493 1704 1566 post
1723 1495 1968 1568 pronuntiationem

374 1587 415 1646 ad
429 1601 489 1646 nos
505 1599 604 1660 super
616 1584 659 1644 iis
671 1599 713 1645 ex
721 1585 814 1660 66116
826 1585 937 1646 vestra
952 1585 1169 1656 transmissis,
1226 1585 1314 1646 iutra
1339 1585 1457 1661 viginti
1478 1586 1548 1648 dies
1572 1588 1762 1650 executioni
1780 1590 1914 1662 mandari,
1930 1607 1967 1650 es-

373 1684 409 1744 16
432 1683 546 1744 nostra
572 1681 750 1758 praesentia
772 1682 971 1751 constitutis,
993 1681 1088 1744 vobis
1112 1681 1172 1743 sub
1226 1683 1382 1759 tringatis
1411 1683 1545 1746 vinculo
1578 1686 1772 1760 juramenti.
1802 1689 1869 1748 llaec
1895 1689 1968 1747 auten

374 1779 485 1842 debito
501 1779 684 1856 juramenti
698 1778 739 1840 dc
754 1781 920 1841 communi
934 1779 1073 1842 fratrum
1089 1795 1171 1841 nos·
1226 1780 1321 1842 vobis
1333 1780 1375 1842 ad
1390 1795 1549 1858 presens,
1560 1782 1664 1844 6611116
1679 1783 1826 1844 omnibus
1839 1783 1899 1846 aliis
1911 1799 1968 1844 nau·

373 1880 500 1938 trorum
513 1876 651 1937 consilio
663 1877 883 1953 praecipimus
893 1893 966 1954 quae
978 1877 1170 1954 sequuntur.
1228 1879 1313 1940 datis
1325 1878 1459 1951 nostrie,
1471 1877 1626 1942 duximus
1642 1881 1968 1957 injungendalldums

374 1977 441 2035 Vos
478 1975 601 2050 itaque,
625 1975 827 2046 Januenses,
856 1975 1029 2051 postquam
1059 1974 1171 2038 666611
1227 1975 1327 2038 611616
1341 1975 1436 2040 vobis
1450 1976 1674 2039 lerinensibus
1690 1981 1745 2054 jus
1765 1977 1968 2056 6166666661

374 2070 477 2132 vestri
492 2071 533 2130 ad
549 2070 683 2146 propria
702 2070 897 2133 remeabunt
917 2071 1005 2134 inibe
1027 2082 1173 2136 mensem
1228 2074 1262 2136 in
1280 2072 1431 2150 judicatu
1450 2072 1600 2135 arboreae
1615 2091 1675 2137 vos
1692 2076 1810 2138 babere
1824 2075 1967 2152 proponitis,

375 2167 678 2234 custodiamssastri
685 2166 848 2230 bonifacii
857 2168 963 2242 nobis,
973 2169 1006 2232 et
1016 2171 1173 2232 Romanae
1228 2169 1450 2242 salvumlore,
1467 2171 1515 2232 ita
1527 2170 1564 2233 ut
1575 2171 1662 2232 nihil
1676 2173 1900 2251 consequamini
1911 2171 1967 2230 ultra

375 2264 533 2327 Ecclesiae
550 2265 738 2340 assignetis,
751 2265 884 2326 tenendi
898 2282 1002 2344 usque
1016 2265 1057 2328 ad
1072 2265 1174 2330 bene-
1228 2269 1361 2337 sortem,
1377 2268 1461 2331 6166
1474 2272 1628 2346 percepta
1640 2271 1695 2332 rel
1709 2271 1737 2332 si
1748 2274 1815 2348 jam
1827 2267 1968 2348 percepisis

373 2362 532 2440 placitum
558 2363 706 2424 nostrum
735 2378 794 2439 per
821 2378 898 2435 eos,
928 2379 1010 2440 quos
1041 2363 1083 2426 ad
1110 2363 1174 2424 boc
1228 2365 1388 2438 eamdem,
1405 2366 1441 2427 ut
1463 2381 1503 2427 ea
1529 2368 1686 2444 percepta
1706 2369 1757 2430 vel
1779 2369 1874 2445 sijau
1889 2380 1967 2442 perce·
2009 2357 2010 2416 1

373 2459 568 2522 duxerimus
590 2459 806 2536 deputandos,
822 2460 868 2521 ita
893 2461 1002 2536 61661·
1019 2461 1082 2524 1166
1096 2461 1175 2522 nul·
1228 2463 1323 2541 pistis
1340 2461 1500 2533 eamdem,
1517 2463 1748 2540 166666616611
1765 2465 1872 2526 dictum
1886 2462 1966 2538 pignus

374 2557 442 2618 lum
458 2559 616 2620 Romanae
639 2556 796 2618 Ecclesiae
816 2557 1046 2634 praejudicium
1066 2573 1173 2634 geue·
1228 2560 1416 2624 absolutum
1430 2559 1554 2638 absque
1570 2561 1764 2626 difficultate
1783 2557 1965 2639 6116661161-

375 2655 479 2726 retur,
495 2655 528 2716 et
550 2669 610 2715 vos
626 2651 673 2732 (1)
685 2654 883 2716 Pisanorum
899 2654 1067 2731 praedietis
1082 2671 1173 2716 nun-
1228 2657 1318 2721 tatis.

373 2751 435 2813 ciis
449 2755 590 2814 tanuen.
613 2767 674 2828 pro
695 2752 858 2815 Januensi
877 2752 1022 2825 civitate,
1045 2753 1079 2816 61
1103 2769 1176 2814 om·
1268 2755 1359 2817 Nulli
1373 2770 1452 2830 ergo
1467 2755 1602 2816 omnino
1616 2757 1786 2818 hominum
1808 2753 1965 2826 liceatbujus

373 2849 471 2910 nibus
486 2848 859 2921 civibusJanuensibus‚
876 2851 909 2912 61
922 2865 982 2926 pro
994 2849 1172 2922 universis,
1229 2852 1333 2914 nostri
1354 2853 1511 2930 praecepti
1526 2853 1682 2930 paginam
1704 2853 1879 2929 infringere,
1897 2847 1933 2908 161
1946 2845 1964 2904 ei

374 2947 431 3024 qui
444 2947 521 3007 sunt
532 2946 574 3007 de
588 2961 703 3008 eorum
715 2945 867 3008 districtu
877 2947 913 3008 in
925 2947 1017 3010 terra
1031 2949 1064 3010 61
1076 2948 1172 3020 mari,
1229 2967 1313 3012 ausu
1322 2949 1500 3012 temerario
1512 2951 1692 3032 contraire.
1710 2951 1742 3014 Si
1757 2951 1823 3029 quis
1831 2949 1916 3011 auten
1927 2945 1964 3003 boc

374 3046 408 3106 et
422 3059 481 3107 vos
497 3043 612 3106 Pisani
630 3043 799 3121 provehis
816 3045 850 3106 61
869 3044 989 3106 vestris
1009 3045 1171 3117 omnibus,
1229 3049 1392 3110 6111661666
1406 3049 1667 3125 praesumpserit,
1683 3047 1913 3126 indignationem
1924 3055 1965 3101 on·

374 3141 548 3218 postquam
563 3140 677 3200 nuncii
691 3140 795 3202 vestri
817 3140 987 3202 redierint.
999 3143 1175 3206 16666661-
1229 3145 1408 3223 nipoientis
1437 3145 1496 3206 Dei
1518 3161 1557 3207 66
1576 3145 1748 3210 beatorum
1769 3143 1849 3208 Petri
1866 3135 1964 3202 etPauli

374 3237 466 3299 sibus
479 3237 513 3300 et
524 3229 593 3298 suis
608 3236 761 3303 omnibus
774 3253 899 3310 veram,
917 3239 1049 3316 plenam
1064 3239 1097 3300 et
1111 3239 1173 3301 fir·
1229 3244 1453 3321 apostolorum
1468 3245 1540 3321 ejus
1555 3259 1591 3304 66
1606 3245 1738 3307 noverit
1753 3246 1933 3306 incursurum·

373 3351 460 3396 mam
474 3351 588 3413 pacem
603 3335 750 3398 reddatis
765 3337 798 3397 et
814 3336 1028 3412 inposterum
1043 3352 1174 3400 consen
1269 3343 1386 3403 Datum
1398 3342 1564 3414 Laterani,
1577 3341 1731 3404 kalendis
1741 3337 1906 3406 decembris,
1915 3346 1963 3408 pou-

373 3435 472 3511 vetis,
502 3434 535 3496 61
562 3433 625 3496 1166
653 3433 877 3510 praecipimus,
900 3435 1001 3498 salvis
1021 3435 1174 3498 omnibus
1229 3439 1492 3502 titicatusuostri
1504 3455 1592 3502 auno
1608 3441 1765 3503 secundo.

374 3532 451 3594 aliis
467 3531 632 3593 mandatis
647 3531 770 3593 nostris
783 3547 883 3609 super
900 3532 953 3604 116,
969 3549 1042 3610 quae
1058 3534 1099 3594 ad
1113 3549 1175 3610 66-

374 3645 446 3692 cem
461 3628 572 3691 iacere
583 3629 833 3705 dignoscuntur,
849 3629 953 3706 utper
965 3645 1026 3692 nos
1039 3630 1176 3694 univer-
1577 3607 1681 3695 LXX

374 3727 421 3788 sis
433 3726 563 3788 demum
575 3726 750 3786 discordiis
761 3723 848 3787 inira
861 3728 989 3803 tempus
1005 3728 1175 3806 praeligen-
1230 3763 1281 3820 Ad
1293 3759 1443 3820 Petrum
1455 3759 1610 3820 abbatem
1623 3761 1659 3821 S·
1676 3759 1817 3834 Remmip
1828 3745 1960 3816 666666,

374 3824 452 3884 dum
468 3840 487 3882 a
500 3822 597 3884 nobis
608 3823 748 3882 Domino
758 3825 958 3900 cooperante
971 3826 1098 3904 6661116,
1109 3843 1176 3902 pax

374 3920 463 3980 inter
476 3898 536 3980 vos
549 3921 708 3996 perpetua
723 3918 833 3981 valeat
852 3923 1054 3994 conservari,
1067 3923 1100 3986 et
1115 3939 1175 3986 vos
1310 3996 1316 4006 ¹
1426 3994 1431 4005 ‚
1531 3879 1626 4005 ’,ἀφ’
1644 3882 1724 4007 ΙΨ·
1802 3992 1806 4002 ,

375 4015 491 4078 Ρ16661
506 4031 621 4092 pacem
639 4016 788 4078 eamdem
810 4017 962 4079 omnibus
977 4019 1096 4081 vestris
1111 4035 1174 4082 cu·
1246 3996 1344 4061 [Vm
1356 3994 1478 4046 trebues
1490 3994 1710 4048 ²⁶¹²¹¹¹¹¹¹³²f³¹¹v⁰⁵
1724 3995 1754 4046 ‘¹0
1766 3975 1952 4048 6666161111

373 4115 455 4176 retis
491 4113 615 4191 absque
654 4130 756 4175 morae
784 4115 959 4192 dispendio
997 4117 1173 4190 66611666,
1230 4104 1263 4162 Ei
1279 4077 1460 4176 1111111101,ῦῖ
1479 4103 1666 4160 1161111016
1679 4082 1960 4176 6161161661116111

374 4229 498 4290 vosque
523 4214 711 4274 Januenses
739 4213 854 4274 nuncii
874 4213 1009 4274 nomine
1027 4214 1175 4278 omnium
1266 4191 1490 4264 predecessores
1505 4180 1961 4288 16166166[666661611111661661111

372 4309 930 4374 16666661661116116Ρ166666616
959 4312 1091 4374 nunciis
1116 4328 1174 4389 pro
1266 4279 1403 4349 sewun&
1417 4279 1692 4352 ¹08¹‘imssfevoeere
1707 4284 1801 4352 66666.
1948 4380 1952 4390 Ι

374 4409 508 4470 civitate
523 4407 645 4469 Pisana
658 4407 802 4480 Pisanis,
820 4409 853 4470 61
874 4408 1026 4470 omnibus
1045 4410 1125 4482 suis,
1143 4413 1176 4473 et
1270 4406 1437 4468 Honorius
1447 4404 1632 4483 episcopus,
1643 4388 1960 4498 66616666661661111

374 4523 434 4568 vos
455 4507 641 4566 Jauuenses
667 4520 727 4580 pro
748 4504 854 4576 robis,
878 4507 911 4568 et
931 4508 1051 4568 vestris
1066 4509 1176 4570 omni·
1230 4504 1349 4568 dilecto
1360 4502 1429 4566 tilio
1444 4502 1554 4566 abbati
1571 4506 1603 4566 S·
1621 4501 1763 4580 Remigii
1773 4499 1922 4561 1166166616,
1932 4491 1962 4538 sl·

374 4602 447 4674 bus,
461 4602 547 4662 61661
562 4601 596 4660 16
609 4601 743 4663 Ρ166616
755 4603 806 4664 661
815 4602 949 4676 dictum,
958 4605 1106 4674 eamdem
1116 4621 1176 4682 per
1230 4603 1331 4664 lutem
1346 4602 1379 4665 et
1392 4597 1896 4679 apostolicambenedictionem...

376 4699 488 4774 omnia
510 4698 653 4761 faciatis.
676 4699 725 4760 Ad
747 4699 819 4762 baec
842 4703 1054 4779 praecipimus
1081 4703 1175 4764 vobis
1270 4703 1319 4762 Ex
1330 4700 1387 4763 tua
1403 4714 1483 4762 sane
1493 4698 1655 4762 relatione
1670 4694 1846 4772 accepimus
1857 4677 1919 4761 ‘1¹¹⁰d
1930 4673 1960 4733 Pl

375 4797 520 4866 Pisanis,
549 4799 585 4859 ut
613 4795 717 4858 nobili
742 4797 815 4860 viro
834 4799 943 4875 judici
967 4799 1115 4861 Turitan.
1143 4803 1176 4864 61
1229 4795 1409 4874 etquidem
1430 4796 1488 4859 6111
1508 4796 1768 4874 praedecessores
1787 4787 1841 4856 tui,
1859 4771 1960 4883 11111111

375 4899 447 4974 ep’us
463 4895 531 4956 tilio
544 4895 708 4972 rebusque
723 4896 870 4973 ipsorum
881 4897 1018 4960 interra
1030 4898 1063 4961 et
1077 4899 1172 4970 mari,
1230 4895 1315 4958 bona
1337 4893 1531 4962 monasterii
1554 4895 1587 4954 S.
1614 4891 1755 4967 Remigii
1778 4885 1926 4948 gemenas,
1941 4874 1961 4965 Ψ

374 5011 498 5066 veram,
516 4993 657 5065 firmam,
675 4994 706 5056 61
728 4994 861 5070 plenam
881 5009 1003 5072 pacem¹
1015 4995 1172 5068 reddatis,
1230 5007 1332 5067 grave
1352 4991 1456 5068 166166
1486 4989 1675 5052 alienarunt
1702 4963 1960 5078 66666166111611·

375 5095 473 5171 atque
488 5091 639 5154 servetis.
657 5092 775 5153 Omnia
789 5107 881 5165 vero,
899 5109 972 5170 quae
988 5109 1007 5154 a
1028 5095 1175 5171 tempore
1229 5089 1387 5152 mentum.
1404 5091 1450 5149 Ea
1465 5089 1609 5166 propter,
1629 5084 1746 5151 dilecte
1760 5081 1794 5142 in
1806 5053 1961 5138 bonuoib

374 5191 469 5252 nobis
505 5189 646 5267 praestiti
674 5190 857 5265 juramenti
889 5192 966 5255 6661
993 5191 1175 5258 hincinde
1230 5187 1296 5248 tuis
1319 5187 1472 5265 precibus
1496 5187 1590 5261 grato
1610 5178 1835 5248 concurrentes
1858 5165 1962 5300 amenti}

375 5288 496 5360 ablata,
530 5287 584 5348 vel
619 5287 775 5364 deinceps
813 5287 939 5350 auferri
979 5288 1190 5365 contigerit,
1231 5261 1954 5360 666166161611111666666116611611111611111111

373 5387 549 5449 restituere
564 5401 623 5448 vos
638 5384 754 5446 Ρ16661
766 5386 799 5447 61
810 5388 997 5448 Jauuenses
1019 5385 1175 5450 damnum
1230 5383 1450 5447 alienationes
1475 5380 1654 5458 praedictas
1676 5346 1962 5530 11111166616611ῖ11

1943 5483 1962 5524 111

411 5517 450 5590 tlt
465 5517 622 5586 necandum
636 5515 804 5572 crediderim
817 5533 826 5571 :
837 5517 872 5572 Et
884 5531 935 5572 vos
946 5518 1066 5574 166666.
1079 5516 1176 5573 666611
1231 5515 1398 5572 Pisanomm
1415 5527 1466 5586 pro
1476 5511 1581 5570 Pisana
1599 5511 1713 5570 civitate
1727 5514 1754 5565 et
1765 5495 1881 5562 omnibus
1891 5477 1930 5553 clli

375 5589 471 5646 statim
487 5587 603 5644 alumine
616 5586 745 5644 omnium
761 5589 882 5646 tanuen.
904 5586 1047 5659 predictis
1063 5588 1176 5647 6666116
1232 5586 1353 5644 Pisanis.
1371 5583 1576 5658 (Coqueliness
