4214 6400
963 367 1138 430 HONORII
1161 369 1205 430 III
1228 371 1375 432 OPERA.
1944 381 1976 440 iiii

705 537 793 622 Lvt

351 745 402 802 Ad
418 743 553 802 nbbrvtcs
569 743 604 801 S.
621 741 721 802 Petri
735 741 768 801 et
783 743 818 802 S.
837 741 987 800 Arvernae
1001 755 1041 800 nc
1053 742 1145 814 prio·

404 863 477 908 rrcnr
495 849 529 908 S.
545 848 694 908 Martini
714 849 914 908 Viennensis
928 847 1089 907 ciuitatis.

642 961 673 1016 ll
690 975 756 1016 nov.
777 957 854 1016 tite.

459 1102 611 1164 [Bullatium
627 1101 724 1152 ordinis
738 1100 918 1159 Cicutaeensis,
932 1111 957 1166 p.
973 1099 1038 1163 ibt]

352 1246 566 1303 conservatoria
581 1244 698 1300 Honorii
713 1245 798 1316 Papae
812 1246 863 1313 lll,
878 1242 985 1300 directa
999 1241 1148 1302 abbatibus

388 1334 416 1390 S.
440 1334 513 1390 Petri
537 1341 565 1389 et
589 1333 617 1390 S.
640 1333 786 1401 Andreae,
810 1347 844 1389 nc
869 1331 956 1404 priori
984 1331 1011 1390 S.
1034 1331 1147 1390 llartinl

341 1439 351 1462 ·
386 1423 560 1479 Viennensis
580 1421 724 1479 civitatis:
742 1435 792 1493 pro
807 1421 990 1477 revocatione
1012 1435 1146 1492 quarum·

386 1511 452 1567 darn
479 1511 655 1583 prioratuum
677 1524 711 1567 ac
732 1509 922 1566 decanatuum
948 1509 977 1565 in
1002 1509 1148 1580 provincia

387 1600 543 1658 Viennensi
557 1597 724 1670 quibusdam
741 1598 893 1670 episcopis,
912 1595 1071 1666 abbatibus,
1089 1597 1146 1654 cle·

387 1689 463 1758 vicis,
480 1701 514 1746 nc
529 1689 614 1746 etiarn
638 1687 728 1756 laicis,
747 1700 859 1743 necnon
878 1691 906 1743 et
928 1686 1098 1759 pensionum
1114 1681 1149 1744 ad

386 1763 474 1836 vitam
491 1790 704 1834 concessorum.

393 1921 558 1980 Honorius
592 1920 781 1996 episcopor,
819 1933 936 1980 servus
977 1931 1149 1980 servorum

354 2017 424 2089 Dei,
451 2017 581 2078 dilectis
604 2017 682 2076 tiliis
705 2019 738 2076 S.
764 2016 854 2076 Petri
883 2017 925 2078 et.
951 2017 983 2075 S.
1009 2016 1149 2076 Andreae

354 2113 538 2186 abbatibus,
555 2114 588 2175 et
602 2115 706 2190 priori
726 2116 759 2174 S.
785 2113 921 2175 Martini
937 2113 1148 2185 Viennensis

354 2212 494 2274 salutem
509 2211 541 2274 et
554 2211 768 2288 apostolicam
781 2211 1054 2273 benedictionem.

393 2309 442 2370 ud
466 2309 668 2370 audientiam
685 2310 831 2370 nostram
855 2308 1015 2369 noveritis
1032 2323 1151 2385 perve-

354 2408 454 2479 nisse,
480 2407 567 2484 quod
591 2407 724 2484 quidam
746 2407 980 2467 Cluniacenses
1002 2405 1147 2478 abbates,

353 2520 393 2566 ac
417 2505 516 2566 etiam
536 2503 663 2581 priores
684 2503 811 2564 ordinis
834 2504 1036 2571 eorumdem,
1059 2504 1152 2580 prio-

354 2603 445 2662 ratus
460 2601 619 2678 quosdam
635 2603 668 2663 et
682 2601 861 2662 decanatus
877 2601 917 2662 ad
933 2601 1151 2662 Cluniacense

354 2700 592 2762 monasterium
616 2699 818 2776 pertinentes
833 2697 1029 2775 quibusdam
1051 2698 1152 2759 cleri-

354 2798 413 2868 cis,
428 2797 578 2864 etlaicis,
591 2796 739 2857 ascilam
753 2794 925 2858 abbatibus
940 2798 972 2856 et
987 2796 1150 2872 episcopis

355 2895 389 2954 in
405 2891 585 2956 Vtennensi
609 2893 779 2968 provincia
803 2896 1049 2964 cotrcesseruut,
1073 2895 1150 2953 dum

354 2991 515 3062 viverent,
528 2989 757 3066 possidendos
768 3005 787 3050 a
798 2988 992 3066 quibusdam
1004 2991 1150 3066 ipsorum

356 3088 561 3164 prioratuum
584 3086 755 3147 monacbis
778 3102 915 3163 prorsus
943 3088 1071 3148 amotis.
1102 3090 1152 3149 Ex

355 3199 420 3262 quo
435 3183 555 3262 praeter
577 3183 759 3260 temporale
783 3183 1002 3260 dispendium,
1019 3185 1152 3262 pericu-

355 3283 424 3341 lum
439 3295 568 3358 quoque
581 3280 762 3341 incurritur
776 3281 980 3356 animarum3
995 3298 1069 3343 curn
1085 3298 1151 3344 mo-

356 3379 480 3440 naclros
491 3379 525 3438 in
537 3375 737 3454 prioratibus
748 3377 937 3455 hujusmodi
949 3393 1152 3440 commoran-

354 3479 417 3547 tes,
430 3491 495 3536 non
509 3475 616 3536 solum
629 3475 663 3535 in
677 3489 736 3535 esu
749 3475 910 3548 carnium,
922 3490 1038 3538 verum
1051 3477 1151 3538 etiarn

354 3573 389 3635 iu
408 3573 496 3641 aliis,
513 3588 587 3649 quae
611 3572 805 3633 monasticae
828 3571 1012 3649 disciplinae
1033 3574 1150 3651 regula

355 3668 533 3741 interdicit,
559 3669 730 3744 contingat
754 3669 919 3731 interdum
945 3671 1027 3748 ipsis
1053 3671 1150 3732 laicis

356 3769 390 3828 et
408 3767 484 3828 aliis
508 3764 724 3827 saecularibus
745 3765 956 3829 conformari.
982 3769 1062 3828 Cum
1086 3769 1152 3845 igi-

356 3865 412 3925 tur
424 3863 596 3924 intendere
620 3866 811 3939 satagamus
826 3863 867 3924 ad
883 3864 1151 3927 reformationem

357 3961 482 4023 ordinis
506 3959 707 4032 eorumdem,
732 3960 924 4022 discretioni
949 3963 1069 4024 vestrae
1093 3979 1152 4040 per

356 4057 539 4134 apostolica
579 4057 703 4134 scripta
739 4058 952 4130 mandamus,
990 4061 1151 4138 qrratcuus

357 4155 523 4233 prioratus
535 4155 710 4232 episcopie,
724 4155 854 4216 clericis
868 4156 899 4218 et
909 4157 1060 4232 personis
1074 4158 1150 4218 aliis

356 4252 573 4315 saecularibus
590 4253 649 4314 tali
669 4252 765 4314 modo
785 4269 972 4327 concessos,
988 4254 1150 4330 capitibus

356 4351 425 4411 suis
449 4349 598 4412 absolute
619 4351 751 4413 restitui
778 4351 908 4411 faciatis
932 4367 991 4429 per
1014 4351 1150 4414 dilectos

355 4449 442 4510 lilios
457 4449 708 4510 cluniacensem
727 4447 889 4520 abbatem,
907 4449 939 4510 et
953 4449 1092 4526 priores,
1110 4451 1150 4511 ad

356 4561 496 4623 quorum
515 4545 674 4606 ecclesias
694 4547 869 4621 pertinent,
886 4543 1065 4606 secundum
1083 4547 1152 4609 ins-

356 4643 453 4704 tituta
474 4642 656 4703 monastica
672 4641 904 4718 disponendos.
923 4644 1152 4708 Cotttradicto-

356 4755 421 4810 res,
438 4739 538 4818 siqui
559 4737 692 4809 itterint,
714 4739 769 4799 vel
792 4735 945 4811 rebelles,
970 4741 1150 4803 monitione

356 4835 538 4915 praemissa,
548 4849 607 4912 per
620 4850 792 4896 censuram
808 4835 1078 4910 ecclesiasticam,
1091 4853 1152 4916 ap—

354 4933 533 5013 pellatione
554 4932 748 5010 postposita,
772 4929 900 4995 ratione
920 4934 1045 5010 praevia
1060 4951 1151 4996 com-

353 5031 528 5111 pescendo.
550 5031 599 5091 Ad
623 5031 695 5091 haec
710 5045 784 5091 cum
807 5047 826 5091 a
849 5031 1149 5108 praedecessoribus

353 5131 501 5208 ejrrsdem
530 5128 674 5200 abbatis,
700 5128 733 5189 et
758 5127 954 5205 quibusdam
983 5129 1149 5206 prioribus

352 5229 479 5290 ordinis
507 5226 575 5298 sui,
605 5227 782 5302 pensiones
816 5227 966 5304 quiedam
998 5227 1149 5304 personis

353 5324 569 5388 saecularibus
585 5323 652 5386 sint
669 5339 848 5394 concessae,
868 5325 902 5384 in
921 5325 1149 5385 ClunIaceusis

353 5421 546 5483 monasterii
564 5436 764 5498 suorumque
787 5421 993 5497 prioratuum
1015 5421 1151 5498 dispen-

353 5520 443 5580 dium
467 5522 500 5580 et
527 5535 723 5594 gravamen,
750 5519 956 5590 mandamus,
987 5520 1148 5595 quatenus

353 5619 439 5678 iliric
455 5615 577 5686 abbati,
592 5631 631 5676 ac
647 5615 785 5676 subditis
806 5616 869 5676 sibi
883 5615 1048 5692 prioribus
1063 5633 1147 5678 auc-

353 5715 486 5778 toritate
510 5716 620 5774 nostra
647 5713 833 5774 inhibentes
859 5729 1016 5792 expresse
1040 5731 1081 5776 ne
1108 5715 1160 5775 de·

1200 531 1320 591 caetero
1356 529 1538 591 concedant
1577 530 1767 609 hujusmodi
1806 537 1975 610 pensiones,

1200 627 1483 703 superexactione
1494 627 1723 706 illarum,quae
1734 631 1768 691 in
1780 633 1977 696 ecclesiarum

1201 741 1336 784 suarum
1365 741 1545 800 gravamen
1567 727 1691 788 temere
1714 731 1792 790 sunt
1816 745 1976 806 concessa,

1200 821 1290 898 ipsos
1314 837 1373 882 seu
1397 837 1512 884 corum
1536 823 1695 885 ecclesias
1717 841 1783 886 non
1799 830 1978 903 permittatis

1201 919 1369 995 abaliquo
1393 921 1574 993 molestari,
1591 921 1820 985 molestatores
1841 925 1977 1004 injustos,

1202 1017 1232 1077 si
1258 1017 1314 1094 qui
1340 1017 1473 1091 luerint,
1495 1018 1701 1082 districtione
1727 1021 1841 1094 simili,
1867 1023 1979 1086 scublaio

1202 1115 1434 1191 appellationis
1443 1115 1624 1189 obstaculo,
1634 1121 1889 1195 compescentes.
1903 1120 1979 1192 Quod

1202 1212 1231 1272 si
1260 1228 1325 1273 non
1359 1228 1474 1274 ornnes
1502 1215 1544 1274 iis
1577 1216 1798 1293 exsequendis
1827 1220 1980 1293 potueritis

1202 1306 1376 1382 iuteresse,
1386 1309 1605 1373 duovestrurn
1616 1329 1656 1374 ea
1671 1313 1887 1376 nihilominus
1898 1331 1980 1378 exse-

1203 1409 1357 1483 quantur.
1373 1409 1491 1469 Datum
1513 1411 1680 1483 Laterani,
1699 1413 1745 1471 111
1767 1411 1840 1472 idus
1860 1429 1979 1475 noveru-

1203 1503 1283 1576 bris,
1302 1505 1513 1581 poutiflcatus
1528 1508 1633 1570 nostri
1647 1524 1735 1569 anno
1749 1509 1865 1586 primo.

1543 1719 1653 1809 LVII

1343 1899 1396 1958 Ad
1414 1897 1569 1960 abbatem
1588 1901 1857 1963 Circniacensrrn.

1493 2013 1526 2070 ti
1543 2025 1608 2070 nov.
1631 2013 1711 2072 tite.

1248 2131 1354 2198 [liegest.
1370 2135 1415 2188 lib.
1436 2135 1455 2196 l,
1464 2137 1537 2202 epist.
1550 2135 1590 2188 δί.
1603 2139 1661 2188 llas.
1673 2139 1708 2188 La
1723 2140 1797 2190 Poris
1811 2138 1845 2189 du
1859 2139 1940 2200 Thali]

1205 2265 1974 2342 Abbaticluniacensimandat,utomaiuureodesipruu

1246 2354 1441 2418 cluniacensis
1451 2359 1558 2418 ordinis
1570 2362 1743 2434 vigesimam
1759 2369 1865 2435 partem
1874 2375 1973 2436 proven·

1240 2459 1319 2510 tuum
1335 2451 1451 2524 colligat
1460 2451 1489 2506 in
1502 2448 1660 2508 subsidium
1672 2453 1767 2507 'terre
1778 2451 1892 2520 Sanam,
1907 2457 1974 2522 prout

1240 2541 1269 2598 io
1282 2540 1403 2598 concilio
1421 2539 1607 2598 lateranensi
1620 2546 1759 2596 statuurm
1775 2538 1865 2596 luerit.

1245 2665 1422 2737 Honorius,
1435 2663 1510 2736 etc,
1525 2664 1645 2726 dilecto
1658 2665 1728 2726 lilio
1745 2664 1852 2726 abbati
1864 2661 1978 2724 Cluuia·

1205 2781 1276 2826 cen.

1245 2865 1325 2923 Cum
1344 2863 1549 2940 approbante
1564 2861 1715 2937 generali
1733 2861 1875 2922 concillo
1894 2857 1977 2919 fucrit

1205 2961 1404 3033 ordinatum,
1422 2962 1458 3022 ut
1478 2960 1696 3022 ecclesiastici
1720 2958 1789 3021 viri
1811 2958 1977 3021 vicesimam

1205 3058 1506 3120 ecclesiasticorum
1533 3059 1756 3135 proventuum
1771 3057 1805 3117 in
1820 3053 1977 3116 subsidium
2056 3049 2057 3054 ’

1205 3157 1378 3218 conserant
1402 3159 1514 3217 Terrae
1542 3155 1694 3228 Sanctae,
1715 3153 1903 3216 discretioni
1925 3151 1976 3212 tue

1206 3269 1265 3332 per
1276 3255 1464 3330 Arrestollca
1479 3253 1602 3330 scripta
1615 3253 1824 3321 mandamus,
1840 3249 1976 3328 quatoms

1206 3352 1369 3414 acunctis
1387 3351 1537 3412 ecclesiis
1555 3349 1751 3411 cluniacen.
1776 3348 1895 3410 ordinis
1908 3345 1976 3406 vioe
2054 3433 2055 3436 Ἴ

1206 3451 1323 3510 simam
1337 3450 1443 3525 ipsam
1456 3449 1584 3523 integre
1596 3447 1700 3510 iacias
1713 3447 1874 3518 exitiberi,
1888 3460 1921 3504 ac
1931 3441 1974 3501 di·
2054 3445 2055 3448 ’

1206 3547 1290 3608 lecto
1314 3546 1383 3607 tilio
1398 3546 1493 3607 tratri
1510 3546 1645 3606 Aimaro
1664 3544 1810 3607 fideliter
1823 3539 1973 3616 assignari.

1163 3643 1168 3654 '
1205 3643 1340 3721 Aliquot
1353 3643 1526 3704 monachis
1540 3643 1617 3714 tuis,
1635 3657 1674 3703 ac
1687 3643 1825 3704 totidem
1839 3637 1973 3701 iratribus

1206 3742 1334 3802 Militiae
1364 3739 1490 3816 Templi
1524 3737 1671 3817 providis
1693 3741 1728 3800 et
1754 3737 1914 3806 fidelibus,
1943 3730 1973 3792 ad

1206 3839 1403 3915 exigendam
1427 3839 1459 3899 et
1485 3837 1710 3913 recipiendam
1739 3836 1881 3898 eamdem
1909 3829 1974 3890 diii·
2052 3855 2053 3872 .

1206 3938 1296 4013 genti
1312 3936 1419 3998 studio
1440 3935 1614 4012 deputatis.
1638 3935 1759 3996 Datum
1780 3929 1933 3999 Laterani,
1953 3926 1974 3986 ll

1206 4036 1279 4096 idus
1304 4033 1513 4106 novembris,
1543 4032 1756 4108 pontificatus
1784 4029 1884 4094 nostri
1904 4039 1973 4087 anno
2051 4023 2052 4038 .

1207 4149 1324 4209 pruno.

1538 4291 1667 4378 LVIII

1278 4461 1328 4522 Au
1343 4462 1526 4520 Ainianrm
1542 4457 1802 4520 tnesarrrerinm
1816 4457 1925 4516 annin

1423 4557 1540 4630 testanti
1557 4558 1781 4617 Parisicnsis.

1499 4667 1533 4725 ti
1547 4682 1613 4725 nov.
1628 4668 1707 4724 itte.

1250 4795 1362 4856 [begeat.
1375 4792 1421 4844 lib.
1434 4793 1453 4850 l,
1464 4791 1537 4856 epist.
1548 4790 1588 4842 si.
1608 4790 1667 4841 bos.
1682 4791 1720 4842 La
1729 4787 1847 4841 Portada
1858 4781 1939 4840 Thalli

1205 4927 1320 4985 blandai
1329 4926 1354 4983 ei
1370 4932 1401 4983 ut
1414 4923 1449 4982 ab
1459 4923 1561 4982 abbate
1575 4923 1753 4982 cluniacensi
1775 4920 1896 4996 pecunie
1912 4925 1972 4969 sun·

1241 5031 1317 5072 uram
1336 5015 1484 5071 collectam
1498 5014 1528 5070 in
1543 5011 1700 5070 subsidium
1716 5014 1809 5070 l'errae
1826 5009 1925 5066 Sancte
1938 5013 1970 5054 tc·
2045 5043 2046 5066 ,

1239 5105 1335 5177 clpiat.

1201 5278 1204 5284 .
1243 5229 1410 5291 Honorius
1421 5229 1606 5305 episcopua,
1619 5236 1905 5288 servasservorum
1916 5211 1970 5277 boi.

1205 5329 1324 5390 dilecto
1363 5327 1431 5388 sulio
1468 5327 1614 5397 timere,
1646 5321 1854 5386 thesaurario
1876 5317 1970 5376 dorrrus
2043 5325 2044 5405 p

1204 5427 1317 5502 teurpli
1343 5424 1559 5496 parisiensis,
1576 5423 1763 5484 salutemet
1781 5413 1969 5496 apostolicam
2042 5457 2043 5476 ,

1203 5523 1478 5586 benedictionem.

1242 5624 1323 5682 Cum
1339 5619 1459 5681 dilecto
1473 5618 1542 5680 filio
1555 5615 1765 5680 cluniacensi
1778 5608 1882 5674 abbati
1894 5600 1969 5706 daile

1202 5720 1307 5780 rinurs
1327 5719 1361 5779 iu
1387 5717 1562 5788 nrandatis,
1587 5719 1621 5776 ut
1648 5731 1667 5776 a
1691 5711 1815 5776 cunctis
1841 5703 1966 5767 ecclesus
