4200 6394
141 299 182 360 29
529 289 585 352 111.
600 317 641 336 -
655 288 701 351 IN
714 283 1067 352 ANNUNTIATIONE
1078 283 1233 347 BEATAE
1245 287 1407 352 MARIAE.
1583 283 1585 288 ¹
1751 295 1794 357 30

143 455 237 520 tloris
268 452 379 516 colore
410 449 491 512 dicit
521 448 700 512 Psalmista
726 470 735 508 :
762 449 942 524 Spectatus
1037 445 1075 505 In
1102 445 1300 524 genealogia
1332 448 1497 526 siquidem
1528 448 1651 513 chrmti
1676 452 1794 531 viginti

143 557 347 630 sornaaproe
357 549 439 622 fittts
452 549 630 611 nominum
650 543 754 625 (Psal.
775 549 824 618 44,
845 547 875 618 3,
894 541 939 622 5).
997 542 1070 602 octo
1088 543 1167 605 sunt
1186 544 1309 620 gradus
1329 547 1535 610 ascensionis
1550 548 1591 610 de
1605 549 1718 612 radice
1730 567 1794 614 us-

144 650 335 726 Spectatus
350 648 384 708 et
397 645 654 721 puwarttuatne
677 645 773 706 tua...
789 647 838 704 Tu
853 642 942 703 enim
997 655 1060 715 que
1075 640 1118 700 ad
1132 641 1273 718 virgam,
1287 643 1383 716 idest,
1396 661 1416 705 a
1427 645 1531 707 iravid
1545 661 1650 724 usque
1661 647 1793 712 advir-

146 765 182 812 es
193 749 241 810 sol
252 745 404 824 justitiae,
419 746 456 806 tu
469 758 506 805 es
523 743 582 804 lux
593 758 674 806 vera
690 758 763 820 quae
776 739 943 802 illuminat
997 736 1107 812 ginem
1128 739 1279 813 Mariam,
1296 741 1337 802 de
1351 757 1417 820 qua
1436 743 1533 804 natus
1554 745 1604 807 est
1619 747 1716 807 Jesus
1737 747 1794 825 qui

146 861 276 908 omnem
293 843 463 905 hominem
478 841 667 904 venientem
688 840 723 901 in
739 839 829 900 huno
845 853 944 899 mun-
996 834 1135 896 vocatur
1151 835 1316 913 Christus:
1340 840 1373 901 et
1387 855 1447 916 per
1465 839 1526 902 hos
1539 841 1662 916 gradus
1675 858 1795 906 escen-

148 943 236 1015 dum,
251 945 346 1019 cujus
362 938 645 1017 pulchritudinem
666 936 716 999 sol
733 937 766 998 et
784 936 865 998 luna
879 935 944 996 mi·
998 930 1102 992 sionis
1120 933 1181 994 iios
1198 933 1239 995 de
1254 936 1367 998 radice
1381 938 1532 1001 ascendit
1546 938 1587 1000 ad
1600 937 1741 1016 virgam,
1757 941 1793 1003 in

146 1042 275 1112 rantur,
301 1039 336 1099 in
351 1053 449 1115 quem
474 1036 664 1098 desiderant
682 1035 794 1112 angeli
809 1033 943 1111 prospi-
998 1045 1063 1106 qua
1073 1029 1272 1094 terminatur
1282 1050 1451 1096 ascensus.
1464 1036 1504 1098 nt
1514 1038 1664 1114 quamvis
1675 1054 1795 1101 secun-

147 1153 233 1200 oere.
250 1140 297 1200 De
312 1137 411 1213 hujus
432 1135 525 1196 floris
540 1134 642 1196 odore
664 1149 786 1211 sponsa
810 1131 890 1193 dicit
907 1131 943 1192 iu
998 1127 1076 1188 dum
1094 1131 1558 1205 naturamcarnis,Gi1ristus
1580 1134 1796 1199 descenderet

146 1235 281 1296 Cantica
307 1254 315 1294 :
340 1233 517 1294 «Meliora
544 1231 621 1293 sunt
642 1231 745 1292 ubera
767 1231 826 1292 tua
851 1231 941 1299 vino,
998 1225 1039 1287 de
1058 1226 1174 1299 David,
1191 1228 1262 1304 ipse
1284 1231 1396 1291 tamen
1417 1231 1724 1309 incomparabiliter
1738 1250 1796 1295 su.

147 1331 333 1406 fragrantia
361 1328 539 1405 unguentis
569 1328 714 1404 optimis.
744 1329 781 1389 In
809 1327 944 1389 odoram
998 1323 1166 1400 perillum
1190 1326 1372 1387 seeundum
1391 1329 1623 1390 excellentiam
1644 1330 1793 1408 dignita-

147 1423 941 1504 unguentorumtuorumcurrimus.»(Cant.1,3).
997 1421 1041 1482 tis
1066 1421 1226 1484 ascendit.
1256 1423 1351 1485 Unde
1381 1422 1465 1484 hene
1500 1424 1624 1487 dictum
1657 1428 1707 1489 est
1735 1443 1795 1505 per

145 1527 208 1586 Hio
226 1525 276 1586 est
302 1525 389 1586 euim
408 1523 468 1585 Dei
492 1523 658 1600 sapientia
677 1522 718 1584 de
739 1537 776 1584 se
805 1521 941 1582 dicens:
999 1518 1218 1596 Prophetam:
1234 1523 1347 1595 Super
1367 1523 1492 1584 sottum
1504 1526 1617 1584 Dauid
1635 1525 1669 1584 et
1688 1540 1795 1600 super

145 1623 242 1686 Sicart
255 1625 512 1684 cinnamomum
532 1619 567 1681 et
586 1621 776 1682 betramum
798 1633 942 1682 aroma-
998 1631 1148 1694 reanum
1161 1621 1237 1691 ejus
1246 1619 1375 1680 sedebit
1388 1617 1445 1698 (Is.
1455 1634 1502 1691 rx,
1515 1617 1560 1698 7).
1576 1621 1607 1682 N
1609 1636 1651 1681 on
1665 1621 1746 1684 dicit
1758 1626 1796 1684 tn

148 1721 261 1782 tizans
279 1722 421 1782 odorem
443 1719 532 1789 derit,
555 1719 655 1792 quast
671 1721 818 1792 marma
840 1717 945 1780 electa
998 1718 1092 1786 sotio,
1109 1713 1166 1776 sed
1180 1718 1438 1788 :supersedium
1454 1731 1520 1777 non
1535 1720 1690 1794 taraone
1702 1717 1792 1792 dicit,

146 1819 225 1878 :teat
247 1816 459 1879 minuitatem
482 1816 600 1877 odoris
624 1812 739 1893 (Eccli.
759 1829 851 1887 xxiv,
876 1811 942 1894 20).
999 1811 1056 1872 sed
1068 1825 1347 1888 supermontem·
1359 1811 1396 1874 ut
1406 1813 1600 1875 ostendatur
1614 1815 1699 1893 quod
1712 1816 1795 1877 illud

146 1915 253 1991 liunus
276 1912 369 1975 floris
391 1912 526 1974 odorem
550 1911 770 1989 praesentiens
789 1914 885 1973 Isaac
908 1913 944 1973 in
999 1908 1061 1971 luit
1074 1908 1244 1970 terrenum
1259 1911 1291 1971 et
1309 1909 1503 1988 temporale,
1520 1911 1607 1973 istud
1620 1913 1731 1974 autem
1744 1914 1796 1976 est
1838 1920 1847 1934 '

149 2011 275 2088 Spiritu
290 2011 412 2072 Sancto
432 2009 584 2072 dicebat:
598 2013 686 2071 Eece
701 2011 786 2072 odor
799 2011 861 2082 [tiit
876 2013 945 2070 met
999 2006 1160 2068 aeternum
1181 2008 1216 2068 et
1229 2007 1374 2069 coeleste.
1399 2008 1493 2070 Unde
1516 2007 1597 2071 dicit
1618 2010 1795 2073 Salomon:

148 2109 238 2170 stom
249 2111 333 2170 odor
347 2109 427 2184 aaut
442 2110 545 2181 uteru,
564 2109 620 2168 cut
639 2107 815 2169 benedixit
825 2109 946 2168 Domt-
998 2105 1107 2166 Facta
1128 2105 1180 2166 est
1204 2107 1305 2179 puast
1330 2109 1431 2167 naots
1453 2108 1627 2170 tnstttorts
1652 2123 1729 2183 aare
1755 2113 1797 2172 oe

148 2221 215 2267 nus
239 2203 333 2284 (Gen.
358 2221 465 2277 xxva,
485 2202 552 2283 27),
574 2206 670 2282 cujus
699 2203 800 2266 odore
826 2219 944 2266 resur·
998 2206 1096 2278 louge
1107 2203 1227 2277 portat
1235 2217 1367 2276 panem
1380 2202 1713 2284 snumtpromm,
1730 2204 1794 2287 14).

147 2303 230 2379 gunt
253 2303 386 2376 mortui,
408 2303 571 2364 sanantur
597 2302 726 2380 aegroti,
747 2301 781 2363 et
807 2301 943 2364 conlor-
1000 2298 1135 2360 Institor
1165 2299 1228 2386 θεῖ
1244 2300 1432 2376 negotiator
1457 2302 1527 2364 sive
1555 2303 1731 2373 mercator,
1764 2305 1796 2368 et

149 2401 262 2462 tantur
275 2400 411 2462 infirmi.
433 2403 481 2462 De
505 2400 606 2478 hujus
625 2399 719 2461 floris
734 2415 854 2477 sapore
866 2399 946 2461 dicit
999 2397 1035 2456 in
1070 2396 1134 2458 hoc
1165 2396 1238 2459 loco
1275 2397 1442 2473 significat
1476 2399 1597 2460 Filium
1629 2401 1704 2474 Dei,
1739 2401 1796 2478 qui

149 2499 309 2560 Dominus
334 2520 344 2559 :
369 2502 442 2574 Ego
464 2513 543 2560 sum
566 2501 674 2572 nanu
695 2501 796 2560 vaura
819 2500 877 2572 aut
904 2500 945 2559 de
1000 2494 1111 2556 attulit
1135 2494 1230 2556 nobis
1254 2511 1382 2556 merces
1409 2497 1583 2572 pretiosas,
1604 2499 1637 2560 et
1657 2501 1799 2576 sumpsit

148 2601 231 2657 aceto
245 2599 412 2666 descendi,
434 2595 561 2657 habeus
575 2595 611 2656 iu
630 2611 666 2656 se
681 2609 780 2656 omne
795 2594 944 2658 delecta-
999 2592 1131 2654 nostras
1156 2591 1299 2654 caducas
1324 2594 1358 2653 et
1383 2593 1479 2656 viles.
1508 2594 1627 2657 Attulit
1655 2612 1797 2673 namque

149 2693 299 2752 mentum
313 2693 347 2752 et
360 2693 469 2753 omnis
485 2693 613 2768 saporis
631 2693 830 2755 suavitatem
846 2708 945 2770 super
1000 2689 1095 2750 nobis
1110 2705 1180 2750 suae
1196 2689 1380 2750 divinitatis
1395 2689 1624 2764 aeternitatem,
1639 2693 1672 2754 et
1684 2709 1799 2772 sump-

153 2787 219 2847 mel
240 2789 274 2848 et
296 2786 420 2859 larum,
448 2788 554 2848 dulcis
579 2789 698 2852 animae
725 2790 876 2866 diligenti
905 2791 945 2851 de
1000 2787 1044 2848 sit
1060 2788 1184 2848 nostrae
1205 2785 1316 2847 carnis
1330 2788 1577 2850 mortalitatem.
1594 2791 1689 2851 Dedit
1702 2790 1798 2852 nohis

153 2899 219 2960 quo
234 2883 411 2947 Psalmista
426 2905 434 2944 :
450 2885 591 2948 Gustate
604 2887 764 2950 etoidete
783 2891 945 2962 quoniam
1000 2899 1095 2945 suam
1118 2883 1272 2959 gratiam,
1294 2885 1327 2946 et
1351 2885 1498 2962 suscepit
1523 2886 1670 2948 nostram
1696 2887 1799 2948 mise-

148 2983 270 3043 suaor's
287 2982 342 3043 est
361 2981 646 3063 Dominustpsal.
671 2987 722 3058 33,
739 2983 784 3064 9).
814 2988 859 3047 De
883 2985 945 3048 hoo
1000 2982 1096 3055 nam,
1122 2979 1211 3042 sicut
1236 2981 1315 3043 dicit
1341 2982 1470 3044 isaias:
1507 2987 1592 3046 Vere
1614 2990 1799 3060 languores

150 3093 270 3155 sapore
287 3078 367 3141 dicit
389 3079 555 3157 sapientia
572 3103 581 3144 ι
596 3085 661 3150 oui
682 3083 787 3145 edunt
800 3099 867 3156 me,
884 3087 947 3146 ad-
1000 3081 1138 3142 nostros
1156 3083 1230 3154 r'pse
1253 3079 1340 3152 tulit,
1359 3081 1394 3142 et
1414 3083 1546 3142 dotores
1563 3083 1701 3144 nostros
1725 3085 1799 3157 ipse

147 3180 214 3238 nuc
235 3177 401 3250 esurient,
417 3179 453 3240 et
473 3182 533 3253 aut
554 3181 668 3241 bidurtt
691 3195 758 3254 me,
775 3185 947 3244 adarmat-
995 3177 1153 3252 portarit
1175 3175 1233 3256 (Ia.
1253 3193 1324 3251 nur,
1348 3176 1394 3257 4).
1415 3178 1576 3252 Portavit,
1597 3195 1663 3242 non
1678 3179 1713 3241 ut
1727 3180 1800 3257 ipse

151 3273 237 3335 ttent
249 3271 365 3352 (Eccli.
381 3289 478 3345 xxiv,
491 3273 558 3356 29),
571 3277 649 3354 quia
662 3277 754 3339 tanta
777 3279 829 3341 esi
846 3279 946 3356 huius
1001 3273 1149 3347 haberet,
1167 3274 1225 3335 sed
1241 3275 1277 3337 ut
1291 3291 1310 3336 a
1326 3275 1422 3336 nobis
1437 3275 1594 3337 auferret.

149 3370 243 3432 floris
259 3371 410 3443 dulcedo,
431 3373 518 3450 quod
540 3374 697 3437 saturitas
719 3377 877 3451 provocat
891 3375 946 3438 la·
1041 3373 1146 3433 Navis
1170 3372 1270 3449 huJus
1293 3373 1457 3434 institoris
1483 3373 1546 3436 tuit
1570 3375 1672 3436 Beata
1696 3375 1799 3452 Virgo

150 3483 247 3541 mem,
264 3469 298 3530 et
310 3469 454 3532 ebrietas
468 3471 558 3533 sitim
573 3472 712 3536 inducit.
1001 3469 1121 3542 Maria,
1134 3469 1220 3546 quod
1233 3469 1319 3531 sicut
1329 3470 1425 3531 navis
1435 3470 1558 3530 transit
1571 3485 1674 3546 aquas
1685 3473 1799 3541 maris,

189 3567 283 3628 Beati
301 3566 391 3628 oculi
416 3568 473 3645 qui
503 3569 660 3646 poterunt
686 3570 800 3632 videre
830 3564 947 3632 florem
1001 3565 1049 3628 ita
1061 3568 1164 3627 Beata
1178 3565 1286 3626 Maria
1298 3565 1453 3626 transivit
1465 3579 1525 3641 per
1534 3563 1621 3624 bona
1633 3566 1801 3642 tempora-

152 3663 266 3740 istum;
281 3665 378 3726 modo
393 3665 544 3728 videmus
559 3683 635 3728 eum
654 3685 714 3745 per
728 3669 900 3745 speculum
911 3667 957 3744 in
1001 3662 1059 3734 lia,
1077 3662 1164 3738 quod
1179 3677 1246 3722 non
1261 3660 1384 3730 amisit,
1401 3659 1458 3720 sed
1473 3659 1651 3738 aequisivit
1662 3663 1798 3726 aeterna.

151 3762 338 3837 aenigmate,
356 3765 413 3824 sed
428 3764 507 3825 tunc
522 3765 708 3826 videbimus
722 3782 798 3826 eum
810 3761 948 3825 faciead
1003 3759 1089 3819 Nam
1109 3756 1194 3816 siout
1209 3755 1304 3818 nuris
1324 3755 1431 3818 salvat
1451 3758 1647 3834 navigantes
1669 3759 1704 3820 in
1726 3776 1800 3823 saa

151 3857 282 3920 saniem.
298 3862 348 3922 Ne
365 3861 500 3921 mireris
513 3861 542 3920 si
564 3861 626 3921 iios
640 3861 703 3922 iste
720 3859 948 3922 descendendo
1003 3852 1159 3915 fluctibus
1174 3853 1207 3914 et
1225 3853 1379 3930 procellis
1400 3855 1513 3926 maris,
1540 3856 1572 3917 et
1592 3857 1743 3934 perducit
1758 3859 1800 3920 ad

150 3957 312 4026 ascendit,
337 3956 392 4017 vel
421 3955 630 4034 ascendendo
650 3955 834 4028 descendit,
862 3957 948 4034 qrrod
1002 3952 1133 4029 portum
1153 3951 1282 4024 salutis,
1301 3951 1349 4013 ita
1365 3952 1467 4014 Beata
1484 3953 1591 4015 Maria
1606 3955 1715 4017 salvat
1727 3973 1802 4017 om-

151 4069 227 4114 cum
246 4054 318 4128 ipse
347 4051 391 4112 sit
410 4065 511 4112 verus
546 4054 633 4113 Deus
658 4055 691 4114 et
713 4068 812 4114 verus
836 4053 946 4126 horno,
1003 4065 1062 4112 nes
1078 4049 1249 4126 sperantes
1262 4050 1295 4112 θῖ
1308 4050 1509 4112 confidentes
1522 4049 1562 4112 de
1576 4067 1612 4112 se
1625 4053 1800 4115 atrihula-

149 4149 239 4210 idem
261 4148 332 4224 ipse
355 4148 524 4212 descendit
549 4149 764 4226 inquantum
789 4151 840 4213 est
860 4153 947 4212 Deus
1001 4146 1147 4210 tionibus
1169 4147 1202 4208 et
1216 4146 1374 4224 periculis
1398 4147 1499 4225 hujus
1523 4149 1648 4220 mundi,
1666 4151 1698 4210 et
1720 4167 1801 4226 per-

150 4247 262 4319 homo,
289 4245 322 4308 et
344 4245 496 4307 ascendit
524 4245 559 4308 in
590 4249 749 4323 quantum
773 4248 824 4309 est
848 4249 947 4309 homo
1003 4245 1093 4307 ducit
1107 4244 1148 4306 ad
1163 4245 1492 4306 terramrirentium.
1510 4245 1592 4306 Item
1607 4245 1800 4309 sicutnaris

150 4346 250 4404 Deus.
272 4345 319 4404 De
339 4359 403 4420 quo
428 4359 569 4405 ascensu
588 4344 782 4422 diciturper
798 4345 949 4423 Prophe·
1003 4341 1165 4404 institoris
1197 4342 1249 4403 est
1282 4341 1381 4418 plena
1412 4341 1517 4402 variis
1548 4341 1723 4414 mersione,
1752 4343 1800 4406 ita

150 4442 218 4503 tam
239 4441 432 4502 :Ascendet
449 4445 618 4504 Dominus
639 4446 764 4504 nubem
786 4449 896 4506 terem
915 4444 948 4506 ct
1002 4441 1104 4502 Beata
1125 4429 1241 4499 Maria
1267 4437 1329 4499 luit
1354 4438 1454 4515 plena
1481 4439 1585 4500 variis
1608 4440 1797 4503 virtutibus.

150 4539 368 4612 irroredtetur
391 4541 581 4615 AEguptum
613 4537 670 4618 (Is.
694 4556 770 4610 mr,
795 4538 838 4619 1).
862 4543 948 4617 Ergo
1003 4539 1082 4598 Haec
1096 4535 1193 4598 naris
1208 4535 1248 4596 de
1271 4535 1368 4612 longe
1388 4536 1532 4613 portavit
1552 4549 1671 4614 panem
1691 4556 1799 4603 suum.

151 4635 214 4696 flos
227 4635 267 4696 de
280 4635 392 4697 radice
407 4639 481 4713 eJus
496 4637 664 4699 ascendet.
683 4638 746 4699 ilio
765 4638 801 4699 in
814 4639 948 4701 Cantica
1004 4634 1105 4698 Panis
1120 4633 1287 4711 significat
1303 4634 1511 4696 dulcedinem
1524 4636 1585 4697 Dei
1600 4636 1707 4715 deque
1722 4638 1801 4702 dicit

152 4732 192 4793 de
203 4749 238 4793 se
249 4733 349 4794 dicit:
366 4737 439 4810 Epo
453 4735 517 4806 llos
533 4737 658 4809 campi,
682 4736 717 4797 et
736 4737 847 4797 tutum
869 4751 951 4797 cor:-
1004 4732 1128 4794 David:
1149 4735 1258 4798 duam
1273 4747 1402 4810 acapna
1420 4734 1602 4796 multitudo
1616 4738 1801 4799 dulcedinis

152 4833 293 4892 audium
308 4829 416 4908 (Cant.
431 4847 467 4903 11,
483 4829 527 4910 1).
544 4832 629 4904 Quid
643 4831 693 4893 est
705 4832 769 4894 hoc
784 4833 870 4910 quod
887 4833 949 4894 ilos
1005 4832 1084 4903 tuoe,
1098 4833 1243 4892 Dorntne
1260 4828 1363 4909 (Psal.
1376 4846 1457 4902 xxx,
1473 4829 1539 4910 20).

152 4943 220 4988 non
235 4927 355 4990 dicitur
370 4928 559 4992 ascendisse
583 4929 623 4992 de
644 4931 750 5006 virga,
764 4929 821 4991 sed
839 4931 949 5008 potius
1043 4928 1146 4990 Beata
1160 4943 1239 5004 ergo
1264 4928 1372 4989 Maria
1393 4927 1434 4988 de
1455 4927 1553 5004 longe
1576 4929 1720 5005 portarit
1740 4946 1802 5007 pa-

153 5024 194 5086 de
215 5025 336 5097 radice,
353 5025 394 5085 de
418 5041 483 5102 qua
497 5028 530 5089 et
543 5027 639 5103 virga
664 5029 843 5104 prooessitl
863 5029 950 5089 Sane
1004 5041 1081 5087 nem
1104 5042 1211 5098 suum,
1239 5025 1325 5103 quod
1346 5041 1367 5086 a
1391 5041 1519 5088 summo
1544 5026 1638 5098 coelo,
1662 5025 1758 5100 idest,
1780 5045 1801 5090 a

153 5121 258 5184 isaias
279 5111 405 5199 Spiritu
428 5124 549 5186 Sancto
568 5125 686 5200 plenus
701 5125 812 5187 dicere
834 5125 951 5187 maluit
1006 5125 1083 5186 sinu
1104 5124 1214 5184 Patris
1235 5123 1295 5184 Dei
1307 5122 1470 5185 altissimi
1492 5123 1633 5200 sumpsit
1652 5126 1801 5188 sanctam

153 5219 240 5297 quod
269 5219 330 5281 ilos
356 5219 397 5281 de
422 5220 535 5282 radice
566 5222 766 5285 ascenderit·
784 5239 884 5300 quam
910 5222 950 5284 de
1005 5220 1224 5293 dulcedinem,
1242 5236 1307 5297 qua
1320 5237 1449 5298 semper
1463 5219 1676 5282 reficiebatur
1690 5222 1801 5284 anima

150 5319 260 5394 virga,
285 5317 450 5390 videlicet,
477 5319 518 5380 ad
534 5318 802 5395 distinguendum
827 5321 951 5397 gradus
1006 5319 1805 5396 emanarantreptuaamatrrstutsrerdexte-

153 5414 373 5490 ascensionis,
400 5417 441 5478 ad
470 5417 713 5494 designandum
737 5418 950 5482 sublimitatis
1006 5415 1803 5492 ramDeisignificanturooelestia3persinistram

153 5513 343 5582 dastidium,
373 5514 406 5576 et
433 5516 476 5577 ad
507 5515 737 5594 perimendum
767 5516 859 5579 virus
897 5533 952 5580 er·
1006 5513 1214 5592 temporalia.
1232 5513 1549 5591 Undeipsadicitin
1564 5501 1699 5576 Cantica
1713 5517 1802 5577 Can-

153 5611 253 5672 roris.
1006 5613 1279 5676 ticorum:Loeou
1290 5615 1365 5685 ejus
1374 5614 1435 5674 suo
1449 5613 1561 5688 capite
1573 5627 1659 5685 meo,
1673 5614 1707 5674 et
1716 5617 1804 5675 dea-
