<?xml version="1.0" encoding="UTF-8"?>
<!DOCTYPE html PUBLIC "-//W3C//DTD XHTML 1.0 Transitional//EN"
    "http://www.w3.org/TR/xhtml1/DTD/xhtml1-transitional.dtd">
<html xmlns="http://www.w3.org/1999/xhtml" xml:lang="en" lang="en">
 <head>
  <title>
</title>
<meta http-equiv="Content-Type" content="text/html;charset=utf-8" />
  <meta name='ocr-system' content='tesseract 3.04.00' />
  <meta name='ocr-capabilities' content='ocr_page ocr_carea ocr_par ocr_line ocrx_word'/>
</head>
<body>
  <div class='ocr_page' id='page_1' title='image "./mediiaevibiblio02unkngoog_0464.png"; bbox 0 0 4234 6442; ppageno 0'>
   <div class='ocr_carea' id='block_1_1' title="bbox 137 231 1790 314">
    <p class='ocr_par' dir='ltr' id='par_1_1' title="bbox 137 231 1790 314">
     <span class='ocr_line' id='line_1_1' title="bbox 137 231 1790 314; baseline 0.007 -21"><span class='ocrx_word' id='word_1_1' title='bbox 137 233 199 293; x_wconf 71' lang='lat' dir='ltr'><strong>tta</strong></span> <span class='ocrx_word' id='word_1_2' title='bbox 772 231 1000 292; x_wconf 81' lang='lat' dir='ltr'>EPISTOLAE.</span> <span class='ocrx_word' id='word_1_3' title='bbox 1025 232 1104 293; x_wconf 87' lang='lat' dir='ltr'><strong>LIB.</strong></span> <span class='ocrx_word' id='word_1_4' title='bbox 1128 234 1153 294; x_wconf 90' lang='grc' dir='ltr'><strong>Ι.</strong></span> <span class='ocrx_word' id='word_1_5' title='bbox 1723 241 1790 314; x_wconf 62' lang='lat' dir='ltr'><strong>tta</strong></span> 
     </span>
    </p>
   </div>
   <div class='ocr_carea' id='block_1_2' title="bbox 113 387 1791 960">
    <p class='ocr_par' dir='ltr' id='par_1_2' title="bbox 136 387 1784 568">
     <span class='ocr_line' id='line_1_2' title="bbox 136 387 1784 470; baseline 0.006 -18"><span class='ocrx_word' id='word_1_6' title='bbox 136 407 201 470; x_wconf 88' lang='lat' dir='ltr'><strong>que</strong></span> <span class='ocrx_word' id='word_1_7' title='bbox 218 389 465 454; x_wconf 88' lang='lat' dir='ltr'><strong>successoribus</strong></span> <span class='ocrx_word' id='word_1_8' title='bbox 479 387 511 452; x_wconf 91' lang='lat' dir='ltr'><strong>et</strong></span> <span class='ocrx_word' id='word_1_9' title='bbox 520 387 649 452; x_wconf 82' lang='lat' dir='ltr'><strong>illibata</strong></span> <span class='ocrx_word' id='word_1_10' title='bbox 656 393 884 468; x_wconf 84' lang='lat' dir='ltr'><strong>permaneant</strong></span> <span class='ocrx_word' id='word_1_11' title='bbox 896 393 933 453; x_wconf 92' lang='lat' dir='ltr'><strong>ln</strong></span> <span class='ocrx_word' id='word_1_12' title='bbox 1027 393 1096 468; x_wconf 79' lang='lat' dir='ltr'><strong>ligo</strong></span> <span class='ocrx_word' id='word_1_13' title='bbox 1108 394 1259 456; x_wconf 81' lang='lat' dir='ltr'><strong>Joarzaes</strong></span> <span class='ocrx_word' id='word_1_14' title='bbox 1276 391 1311 454; x_wconf 86' lang='lat' dir='ltr'><strong>in</strong></span> <span class='ocrx_word' id='word_1_15' title='bbox 1327 395 1507 456; x_wconf 76' lang='lat' dir='ltr'><strong>cornicata</strong></span> <span class='ocrx_word' id='word_1_16' title='bbox 1525 394 1685 458; x_wconf 88' lang='lat' dir='ltr'><strong>diaconus</strong></span> <span class='ocrx_word' id='word_1_17' title='bbox 1705 413 1784 462; x_wconf 89' lang='lat' dir='ltr'><strong>car-</strong></span> 
     </span>
     <span class='ocr_line' id='line_1_3' title="bbox 138 486 1122 568; baseline 0 -18"><span class='ocrx_word' id='word_1_18' title='bbox 138 490 257 568; x_wconf 89' lang='lat' dir='ltr'><strong>quibus</strong></span> <span class='ocrx_word' id='word_1_19' title='bbox 281 490 353 551; x_wconf 85' lang='lat' dir='ltr'><strong>haec</strong></span> <span class='ocrx_word' id='word_1_20' title='bbox 376 486 520 567; x_wconf 90' lang='lat' dir='ltr'><strong>propriis</strong></span> <span class='ocrx_word' id='word_1_21' title='bbox 544 487 700 551; x_wconf 83' lang='lat' dir='ltr'><strong>duximus</strong></span> <span class='ocrx_word' id='word_1_22' title='bbox 717 491 933 568; x_wconf 86' lang='lat' dir='ltr'><strong>exprimenda</strong></span> <span class='ocrx_word' id='word_1_23' title='bbox 989 489 1122 551; x_wconf 88' lang='lat' dir='ltr'><strong>dinalis.</strong></span> 
     </span>
    </p>

    <p class='ocr_par' dir='ltr' id='par_1_3' title="bbox 113 563 1791 960">
     <span class='ocr_line' id='line_1_4' title="bbox 113 563 1109 676; baseline 0.005 -29"><span class='ocrx_word' id='word_1_24' title='bbox 113 563 453 648; x_wconf 62' lang='lat' dir='ltr'><strong>&#39;vocabulimlocum</strong></span> <span class='ocrx_word' id='word_1_25' title='bbox 467 585 588 664; x_wconf 90' lang='lat' dir='ltr'><strong>ipsum,</strong></span> <span class='ocrx_word' id='word_1_26' title='bbox 602 585 638 668; x_wconf 89' lang='lat' dir='ltr'><strong>in</strong></span> <span class='ocrx_word' id='word_1_27' title='bbox 653 603 717 664; x_wconf 87' lang='lat' dir='ltr'><strong>quo</strong></span> <span class='ocrx_word' id='word_1_28' title='bbox 728 589 866 665; x_wconf 85' lang='lat' dir='ltr'><strong>praelata</strong></span> <span class='ocrx_word' id='word_1_29' title='bbox 879 605 935 650; x_wconf 90' lang='lat' dir='ltr'><strong>eo-</strong></span> <span class='ocrx_word' id='word_1_30' title='bbox 1104 665 1109 676; x_wconf 33' lang='grc' dir='ltr'>Ι</span> 
     </span>
     <span class='ocr_line' id='line_1_5' title="bbox 138 666 1789 763; baseline 0.002 -17"><span class='ocrx_word' id='word_1_31' title='bbox 138 685 242 747; x_wconf 93' lang='lat' dir='ltr'><strong>clesia</strong></span> <span class='ocrx_word' id='word_1_32' title='bbox 270 685 334 747; x_wconf 89' lang='lat' dir='ltr'><strong>sita</strong></span> <span class='ocrx_word' id='word_1_33' title='bbox 363 685 413 744; x_wconf 91' lang='lat' dir='ltr'><strong>est</strong></span> <span class='ocrx_word' id='word_1_34' title='bbox 440 699 514 744; x_wconf 91' lang='lat' dir='ltr'><strong>cum</strong></span> <span class='ocrx_word' id='word_1_35' title='bbox 543 683 695 746; x_wconf 89' lang='lat' dir='ltr'><strong>omnibus</strong></span> <span class='ocrx_word' id='word_1_36' title='bbox 722 686 934 763; x_wconf 71' lang='lat' dir='ltr'><strong>pertinentiis</strong></span> <span class='ocrx_word' id='word_1_37' title='bbox 1027 666 1789 749; x_wconf 52' lang='lat' dir='ltr'><strong>Add¹diffl01¹0511¹⁸l³08tb01101¹11mdesignati&amp;</strong></span> 
     </span>
     <span class='ocr_line' id='line_1_6' title="bbox 140 762 1791 855; baseline 0.008 -35"><span class='ocrx_word' id='word_1_38' title='bbox 140 784 210 844; x_wconf 62' lang='lat' dir='ltr'><strong>suis</strong></span> <span class='ocrx_word' id='word_1_39' title='bbox 226 804 234 842; x_wconf 89' lang='lat'><strong>:</strong></span> <span class='ocrx_word' id='word_1_40' title='bbox 249 797 401 842; x_wconf 67' lang='lat' dir='ltr'><strong>mansum</strong></span> <span class='ocrx_word' id='word_1_41' title='bbox 414 781 454 842; x_wconf 64' lang='lat' dir='ltr'><strong>de</strong></span> <span class='ocrx_word' id='word_1_42' title='bbox 469 781 621 855; x_wconf 50' lang='lat' dir='ltr'><strong>pineum,</strong></span> <span class='ocrx_word' id='word_1_43' title='bbox 636 799 788 844; x_wconf 62' lang='lat' dir='ltr'><strong>mansum</strong></span> <span class='ocrx_word' id='word_1_44' title='bbox 804 784 844 845; x_wconf 67' lang='lat'><strong>,10</strong></span> <span class='ocrx_word' id='word_1_45' title='bbox 861 787 934 846; x_wconf 66' lang='lat' dir='ltr'><strong>Ha.</strong></span> <span class='ocrx_word' id='word_1_46' title='bbox 991 778 1065 824; x_wconf 92' lang='lat' dir='ltr'><strong>nem</strong></span> <span class='ocrx_word' id='word_1_47' title='bbox 1075 785 1081 822; x_wconf 93' lang='lat'><strong>:</strong></span> <span class='ocrx_word' id='word_1_48' title='bbox 1091 762 1222 841; x_wconf 86' lang='lat' dir='ltr'><strong>pietatis</strong></span> <span class='ocrx_word' id='word_1_49' title='bbox 1237 764 1360 827; x_wconf 87' lang='lat' dir='ltr'><strong>intuitu</strong></span> <span class='ocrx_word' id='word_1_50' title='bbox 1376 766 1596 840; x_wconf 89' lang='lat' dir='ltr'><strong>contulerunt,</strong></span> <span class='ocrx_word' id='word_1_51' title='bbox 1607 770 1664 845; x_wconf 88' lang='lat' dir='ltr'><strong>jus</strong></span> <span class='ocrx_word' id='word_1_52' title='bbox 1679 771 1791 847; x_wconf 88' lang='lat' dir='ltr'><strong>patro-</strong></span> 
     </span>
     <span class='ocr_line' id='line_1_7' title="bbox 139 861 1787 960; baseline 0.008 -43"><span class='ocrx_word' id='word_1_53' title='bbox 139 879 285 950; x_wconf 88' lang='lat' dir='ltr'><strong>selbach,</strong></span> <span class='ocrx_word' id='word_1_54' title='bbox 306 893 423 940; x_wconf 65' lang='lat' dir='ltr'><strong>nemus</strong></span> <span class='ocrx_word' id='word_1_55' title='bbox 441 877 606 956; x_wconf 70' lang='lat' dir='ltr'><strong>quoddam</strong></span> <span class='ocrx_word' id='word_1_56' title='bbox 630 880 664 939; x_wconf 69' lang='lat' dir='ltr'><strong>in</strong></span> <span class='ocrx_word' id='word_1_57' title='bbox 685 879 871 960; x_wconf 60' lang='lat' dir='ltr'><strong>Eyjswefler</strong></span> <span class='ocrx_word' id='word_1_58' title='bbox 894 881 935 942; x_wconf 67' lang='lat' dir='ltr'><strong>ad</strong></span> <span class='ocrx_word' id='word_1_59' title='bbox 991 861 1099 929; x_wconf 89' lang='lat' dir='ltr'><strong>natus,</strong></span> <span class='ocrx_word' id='word_1_60' title='bbox 1112 861 1338 938; x_wconf 82' lang='lat' dir='ltr'><strong>quodnabetis</strong></span> <span class='ocrx_word' id='word_1_61' title='bbox 1354 863 1389 925; x_wconf 92' lang='lat' dir='ltr'><strong>in</strong></span> <span class='ocrx_word' id='word_1_62' title='bbox 1402 863 1787 942; x_wconf 84' lang='lat' dir='ltr'><strong>ecclesiadeNulsbacb‚</strong></span> 
     </span>
    </p>
   </div>
   <div class='ocr_carea' id='block_1_3' title="bbox 61 958 1879 2803">
    <p class='ocr_par' dir='ltr' id='par_1_4' title="bbox 61 958 1879 2803">
     <span class='ocr_line' id='line_1_8' title="bbox 139 958 1789 1058; baseline 0.008 -45"><span class='ocrx_word' id='word_1_63' title='bbox 139 975 354 1053; x_wconf 62' lang='lat' dir='ltr'><strong>plantandam</strong></span> <span class='ocrx_word' id='word_1_64' title='bbox 364 977 496 1038; x_wconf 64' lang='lat' dir='ltr'><strong>vineam</strong></span> <span class='ocrx_word' id='word_1_65' title='bbox 505 992 524 1036; x_wconf 65' lang='lat' dir='ltr'>a</span> <span class='ocrx_word' id='word_1_66' title='bbox 534 976 821 1039; x_wconf 60' lang='lat' dir='ltr'><strong>terminoflenrpci</strong></span> <span class='ocrx_word' id='word_1_67' title='bbox 833 995 936 1058; x_wconf 65' lang='lat' dir='ltr'><strong>usque</strong></span> <span class='ocrx_word' id='word_1_68' title='bbox 991 958 1024 1019; x_wconf 91' lang='lat' dir='ltr'><strong>et</strong></span> <span class='ocrx_word' id='word_1_69' title='bbox 1039 959 1203 1036; x_wconf 89' lang='lat' dir='ltr'><strong>hospitale</strong></span> <span class='ocrx_word' id='word_1_70' title='bbox 1223 961 1412 1023; x_wconf 88' lang='lat' dir='ltr'><strong>sanctorum</strong></span> <span class='ocrx_word' id='word_1_71' title='bbox 1427 964 1577 1024; x_wconf 79' lang='lat' dir='ltr'><strong>Statonia</strong></span> <span class='ocrx_word' id='word_1_72' title='bbox 1592 963 1624 1024; x_wconf 89' lang='lat' dir='ltr'><strong>et</strong></span> <span class='ocrx_word' id='word_1_73' title='bbox 1637 966 1656 1026; x_wconf 90' lang='lat' dir='ltr'>J</span> <span class='ocrx_word' id='word_1_74' title='bbox 1659 965 1731 1026; x_wconf 87' lang='lat' dir='ltr'><strong>udae</strong></span> <span class='ocrx_word' id='word_1_75' title='bbox 1747 965 1789 1027; x_wconf 89' lang='lat' dir='ltr'><strong>ad</strong></span> 
     </span>
     <span class='ocr_line' id='line_1_9' title="bbox 139 1059 1789 1152; baseline 0.008 -41"><span class='ocrx_word' id='word_1_76' title='bbox 139 1072 180 1134; x_wconf 62' lang='lat' dir='ltr'><strong>ad</strong></span> <span class='ocrx_word' id='word_1_77' title='bbox 193 1073 352 1136; x_wconf 63' lang='lat' dir='ltr'><strong>terminos</strong></span> <span class='ocrx_word' id='word_1_78' title='bbox 367 1073 549 1150; x_wconf 50' lang='lat' dir='ltr'><strong>affirmem,</strong></span> <span class='ocrx_word' id='word_1_79' title='bbox 566 1074 647 1135; x_wconf 59' lang='lat' dir='ltr'><strong>pem</strong></span> <span class='ocrx_word' id='word_1_80' title='bbox 665 1074 699 1135; x_wconf 69' lang='lat' dir='ltr'><strong>in</strong></span> <span class='ocrx_word' id='word_1_81' title='bbox 717 1075 836 1152; x_wconf 63' lang='lat' dir='ltr'><strong>payude</strong></span> <span class='ocrx_word' id='word_1_82' title='bbox 854 1076 936 1138; x_wconf 70' lang='lat' dir='ltr'><strong>duos</strong></span> <span class='ocrx_word' id='word_1_83' title='bbox 992 1059 1308 1120; x_wconf 81' lang='lat' dir='ltr'><strong>Gameuaeusburst</strong></span> <span class='ocrx_word' id='word_1_84' title='bbox 1322 1075 1397 1120; x_wconf 92' lang='lat' dir='ltr'><strong>cum</strong></span> <span class='ocrx_word' id='word_1_85' title='bbox 1412 1059 1565 1121; x_wconf 88' lang='lat' dir='ltr'><strong>omnibus</strong></span> <span class='ocrx_word' id='word_1_86' title='bbox 1580 1061 1789 1138; x_wconf 82' lang='lat' dir='ltr'><strong>pertinentiis</strong></span> 
     </span>
     <span class='ocr_line' id='line_1_10' title="bbox 139 1155 1788 1251; baseline 0.001 -19"><span class='ocrx_word' id='word_1_87' title='bbox 139 1186 273 1232; x_wconf 88' lang='lat' dir='ltr'><strong>mansos</strong></span> <span class='ocrx_word' id='word_1_88' title='bbox 289 1171 361 1232; x_wconf 90' lang='lat' dir='ltr'><strong>sine</strong></span> <span class='ocrx_word' id='word_1_89' title='bbox 372 1186 473 1231; x_wconf 87' lang='lat' dir='ltr'><strong>censu</strong></span> <span class='ocrx_word' id='word_1_90' title='bbox 486 1173 519 1232; x_wconf 87' lang='lat' dir='ltr'><strong>et</strong></span> <span class='ocrx_word' id='word_1_91' title='bbox 532 1171 683 1248; x_wconf 86' lang='lat' dir='ltr'><strong>quartam</strong></span> <span class='ocrx_word' id='word_1_92' title='bbox 694 1173 819 1250; x_wconf 87' lang='lat' dir='ltr'><strong>partem</strong></span> <span class='ocrx_word' id='word_1_93' title='bbox 832 1174 938 1251; x_wconf 87' lang='lat' dir='ltr'><strong>pisca·</strong></span> <span class='ocrx_word' id='word_1_94' title='bbox 992 1155 1073 1228; x_wconf 88' lang='lat' dir='ltr'><strong>suis,</strong></span> <span class='ocrx_word' id='word_1_95' title='bbox 1085 1171 1159 1216; x_wconf 91' lang='lat' dir='ltr'><strong>cum</strong></span> <span class='ocrx_word' id='word_1_96' title='bbox 1173 1156 1277 1233; x_wconf 87' lang='lat' dir='ltr'><strong>pratis</strong></span> <span class='ocrx_word' id='word_1_97' title='bbox 1290 1156 1449 1230; x_wconf 54' lang='lat' dir='ltr'><strong>minois,</strong></span> <span class='ocrx_word' id='word_1_98' title='bbox 1461 1159 1571 1230; x_wconf 66' lang='lat' dir='ltr'><strong>tertis,</strong></span> <span class='ocrx_word' id='word_1_99' title='bbox 1585 1161 1788 1234; x_wconf 69' lang='lat' dir='ltr'><strong>nemoribus,</strong></span> 
     </span>
     <span class='ocr_line' id='line_1_11' title="bbox 140 1251 1788 1344; baseline 0.008 -38"><span class='ocrx_word' id='word_1_100' title='bbox 140 1268 243 1329; x_wconf 57' lang='lat' dir='ltr'><strong>50an</strong></span> <span class='ocrx_word' id='word_1_101' title='bbox 258 1268 293 1328; x_wconf 71' lang='lat' dir='ltr'><strong>in</strong></span> <span class='ocrx_word' id='word_1_102' title='bbox 311 1269 441 1330; x_wconf 55' lang='lat' dir='ltr'><strong>pugnae</strong></span> <span class='ocrx_word' id='word_1_103' title='bbox 456 1285 476 1330; x_wconf 65' lang='lat' dir='ltr'>a</span> <span class='ocrx_word' id='word_1_104' title='bbox 490 1265 591 1344; x_wconf 28' lang='lat' dir='ltr'><strong>bonae&#39;</strong></span> <span class='ocrx_word' id='word_1_105' title='bbox 606 1269 774 1332; x_wconf 65' lang='lat' dir='ltr'><strong>memoriae</strong></span> <span class='ocrx_word' id='word_1_106' title='bbox 784 1271 937 1334; x_wconf 58' lang='lat' dir='ltr'><strong>welfone</strong></span> <span class='ocrx_word' id='word_1_107' title='bbox 992 1251 1118 1328; x_wconf 82' lang='lat' dir='ltr'><strong>usagiis</strong></span> <span class='ocrx_word' id='word_1_108' title='bbox 1127 1254 1311 1331; x_wconf 86' lang='lat' dir='ltr'><strong>etpascuis,</strong></span> <span class='ocrx_word' id='word_1_109' title='bbox 1319 1254 1355 1314; x_wconf 92' lang='lat' dir='ltr'><strong>in</strong></span> <span class='ocrx_word' id='word_1_110' title='bbox 1364 1252 1464 1316; x_wconf 91' lang='lat' dir='ltr'><strong>bosco</strong></span> <span class='ocrx_word' id='word_1_111' title='bbox 1475 1256 1508 1317; x_wconf 90' lang='lat' dir='ltr'><strong>et</strong></span> <span class='ocrx_word' id='word_1_112' title='bbox 1517 1256 1629 1333; x_wconf 87' lang='lat' dir='ltr'><strong>plano,</strong></span> <span class='ocrx_word' id='word_1_113' title='bbox 1640 1259 1715 1332; x_wconf 82' lang='lat' dir='ltr'><strong>etc,</strong></span> <span class='ocrx_word' id='word_1_114' title='bbox 1726 1259 1788 1320; x_wconf 89' lang='lat' dir='ltr'><strong>etc.</strong></span> 
     </span>
     <span class='ocr_line' id='line_1_12' title="bbox 141 1351 1790 1444; baseline 0.002 -18"><span class='ocrx_word' id='word_1_115' title='bbox 141 1365 224 1427; x_wconf 88' lang='lat' dir='ltr'><strong>duce</strong></span> <span class='ocrx_word' id='word_1_116' title='bbox 247 1368 280 1429; x_wconf 90' lang='lat' dir='ltr'><strong>et</strong></span> <span class='ocrx_word' id='word_1_117' title='bbox 301 1367 365 1427; x_wconf 90' lang='lat' dir='ltr'><strong>Uta</strong></span> <span class='ocrx_word' id='word_1_118' title='bbox 381 1381 485 1427; x_wconf 85' lang='lat' dir='ltr'><strong>uxore</strong></span> <span class='ocrx_word' id='word_1_119' title='bbox 507 1367 612 1444; x_wconf 88' lang='lat' dir='ltr'><strong>ipsius</strong></span> <span class='ocrx_word' id='word_1_120' title='bbox 637 1367 770 1429; x_wconf 89' lang='lat' dir='ltr'><strong>ducissa</strong></span> <span class='ocrx_word' id='word_1_121' title='bbox 791 1368 831 1430; x_wconf 90' lang='lat' dir='ltr'><strong>de</strong></span> <span class='ocrx_word' id='word_1_122' title='bbox 852 1371 936 1430; x_wconf 90' lang='lat' dir='ltr'><strong>Sco·</strong></span> <span class='ocrx_word' id='word_1_123' title='bbox 1030 1351 1150 1412; x_wconf 63' lang='lat' dir='ltr'><strong>Datum</strong></span> <span class='ocrx_word' id='word_1_124' title='bbox 1161 1351 1321 1427; x_wconf 68' lang='lat' dir='ltr'><strong>Anagfliae</strong></span> <span class='ocrx_word' id='word_1_125' title='bbox 1330 1367 1389 1430; x_wconf 88' lang='lat' dir='ltr'><strong>per</strong></span> <span class='ocrx_word' id='word_1_126' title='bbox 1398 1355 1647 1428; x_wconf 55' lang='lat' dir='ltr'><strong>manumittet&amp;</strong></span> <span class='ocrx_word' id='word_1_127' title='bbox 1666 1358 1790 1418; x_wconf 66' lang='lat' dir='ltr'><strong>sanctifi</strong></span> 
     </span>
     <span class='ocr_line' id='line_1_13' title="bbox 140 1447 1790 1539; baseline 0.007 -38"><span class='ocrx_word' id='word_1_128' title='bbox 140 1461 599 1539; x_wconf 55' lang='lat' dir='ltr'><strong>wenburgflugoneduoedo</strong></span> <span class='ocrx_word' id='word_1_129' title='bbox 611 1464 824 1538; x_wconf 52' lang='lat' dir='ltr'><strong>Ulembumh,</strong></span> <span class='ocrx_word' id='word_1_130' title='bbox 836 1467 870 1528; x_wconf 61' lang='lat' dir='ltr'><strong>et</strong></span> <span class='ocrx_word' id='word_1_131' title='bbox 882 1482 938 1528; x_wconf 67' lang='lat' dir='ltr'><strong>no.</strong></span> <span class='ocrx_word' id='word_1_132' title='bbox 993 1448 1150 1508; x_wconf 75' lang='lat' dir='ltr'><strong>Romanae</strong></span> <span class='ocrx_word' id='word_1_133' title='bbox 1169 1447 1320 1510; x_wconf 78' lang='lat' dir='ltr'><strong>ecclesias</strong></span> <span class='ocrx_word' id='word_1_134' title='bbox 1340 1449 1619 1524; x_wconf 84' lang='lat' dir='ltr'><strong>vicecancellarii,</strong></span> <span class='ocrx_word' id='word_1_135' title='bbox 1636 1455 1664 1514; x_wconf 78' lang='lat' dir='ltr'>V</span> <span class='ocrx_word' id='word_1_136' title='bbox 1683 1469 1790 1515; x_wconf 88' lang='lat' dir='ltr'><strong>nonas</strong></span> 
     </span>
     <span class='ocr_line' id='line_1_14' title="bbox 138 1543 1789 1639; baseline 0.005 -20"><span class='ocrx_word' id='word_1_137' title='bbox 138 1559 199 1620; x_wconf 92' lang='lat' dir='ltr'><strong>bili</strong></span> <span class='ocrx_word' id='word_1_138' title='bbox 212 1560 286 1621; x_wconf 83' lang='lat' dir='ltr'><strong>viro</strong></span> <span class='ocrx_word' id='word_1_139' title='bbox 302 1561 456 1623; x_wconf 87' lang='lat' dir='ltr'><strong>Bertoldo</strong></span> <span class='ocrx_word' id='word_1_140' title='bbox 471 1561 555 1623; x_wconf 88' lang='lat' dir='ltr'><strong>duce</strong></span> <span class='ocrx_word' id='word_1_141' title='bbox 569 1561 609 1623; x_wconf 81' lang='lat' dir='ltr'><strong>tle</strong></span> <span class='ocrx_word' id='word_1_142' title='bbox 626 1562 811 1639; x_wconf 77' lang='lat' dir='ltr'><strong>zahringen</strong></span> <span class='ocrx_word' id='word_1_143' title='bbox 824 1563 939 1626; x_wconf 83' lang='lat' dir='ltr'><strong>suntla-</strong></span> <span class='ocrx_word' id='word_1_144' title='bbox 988 1543 1076 1623; x_wconf 69' lang='lat' dir='ltr'><strong>J&#39;Uffis</strong></span> <span class='ocrx_word' id='word_1_145' title='bbox 1098 1545 1280 1608; x_wconf 62' lang='lat' dir='ltr'><strong>indiciiffllfl</strong></span> <span class='ocrx_word' id='word_1_146' title='bbox 1298 1547 1428 1624; x_wconf 58' lang='lat' dir='ltr'><strong>quintin</strong></span> <span class='ocrx_word' id='word_1_147' title='bbox 1453 1549 1697 1612; x_wconf 64' lang='grc' dir='ltr'><strong>Ῑῦὓᾶἲῦἃῒῑθῃῑὸ</strong></span> <span class='ocrx_word' id='word_1_148' title='bbox 1719 1552 1789 1612; x_wconf 76' lang='lat' dir='ltr'><strong>DO-</strong></span> 
     </span>
     <span class='ocr_line' id='line_1_15' title="bbox 138 1642 1789 1739; baseline 0.007 -21"><span class='ocrx_word' id='word_1_149' title='bbox 138 1656 267 1718; x_wconf 88' lang='lat' dir='ltr'><strong>toribus</strong></span> <span class='ocrx_word' id='word_1_150' title='bbox 294 1657 359 1720; x_wconf 92' lang='lat' dir='ltr'><strong>loci</strong></span> <span class='ocrx_word' id='word_1_151' title='bbox 388 1658 535 1735; x_wconf 79' lang='lat' dir='ltr'><strong>ejusdem</strong></span> <span class='ocrx_word' id='word_1_152' title='bbox 561 1658 713 1722; x_wconf 87' lang='lat' dir='ltr'><strong>ecclesiae</strong></span> <span class='ocrx_word' id='word_1_153' title='bbox 739 1663 859 1724; x_wconf 81' lang='lat' dir='ltr'><strong>restrae</strong></span> <span class='ocrx_word' id='word_1_154' title='bbox 883 1661 937 1739; x_wconf 89' lang='lat' dir='ltr'><strong>pia</strong></span> <span class='ocrx_word' id='word_1_155' title='bbox 992 1642 1124 1706; x_wconf 56' lang='lat' dir='ltr'><strong>mium</strong></span> <span class='ocrx_word' id='word_1_156' title='bbox 1148 1659 1235 1706; x_wconf 65' lang='lat'><strong>³³⁰⁰</strong></span> <span class='ocrx_word' id='word_1_157' title='bbox 1259 1646 1445 1718; x_wconf 71' lang='lat' dir='ltr'>MCCXVH2</span> <span class='ocrx_word' id='word_1_158' title='bbox 1474 1646 1684 1722; x_wconf 53' lang='lat' dir='ltr'><strong>P⁰nfifl⁰abl¹³</strong></span> <span class='ocrx_word' id='word_1_159' title='bbox 1709 1665 1789 1710; x_wconf 58' lang='lat' dir='ltr'><strong>lem</strong></span> 
     </span>
     <span class='ocr_line' id='line_1_16' title="bbox 137 1739 1747 1837; baseline 0.006 -23"><span class='ocrx_word' id='word_1_160' title='bbox 137 1754 340 1816; x_wconf 85' lang='lat' dir='ltr'><strong>liberalitate</strong></span> <span class='ocrx_word' id='word_1_161' title='bbox 353 1771 521 1826; x_wconf 88' lang='lat' dir='ltr'><strong>concessa,</strong></span> <span class='ocrx_word' id='word_1_162' title='bbox 540 1759 573 1819; x_wconf 86' lang='lat' dir='ltr'><strong>et</strong></span> <span class='ocrx_word' id='word_1_163' title='bbox 594 1757 637 1818; x_wconf 90' lang='lat' dir='ltr'><strong>ab</strong></span> <span class='ocrx_word' id='word_1_164' title='bbox 656 1758 814 1820; x_wconf 87' lang='lat' dir='ltr'><strong>Heinrioo</strong></span> <span class='ocrx_word' id='word_1_165' title='bbox 833 1758 939 1837; x_wconf 90' lang='lat' dir='ltr'><strong>impe-</strong></span> <span class='ocrx_word' id='word_1_166' title='bbox 993 1739 1274 1804; x_wconf 67' lang='lat' dir='ltr'><strong>d⁰ffli¹1ffl⁰1101⁸fi</strong></span> <span class='ocrx_word' id='word_1_167' title='bbox 1292 1744 1391 1820; x_wconf 67' lang='lat' dir='ltr'><strong>Pallae</strong></span> <span class='ocrx_word' id='word_1_168' title='bbox 1406 1743 1509 1817; x_wconf 63' lang='lat' dir='ltr'><strong>tertii»</strong></span> <span class='ocrx_word' id='word_1_169' title='bbox 1526 1760 1613 1806; x_wconf 55' lang='lat'>&amp;³¹¹0</span> <span class='ocrx_word' id='word_1_170' title='bbox 1628 1745 1747 1823; x_wconf 68' lang='lat' dir='ltr'><strong>PrifflO·</strong></span> 
     </span>
     <span class='ocr_line' id='line_1_17' title="bbox 138 1852 938 1934; baseline 0.008 -22"><span class='ocrx_word' id='word_1_171' title='bbox 138 1852 252 1913; x_wconf 91' lang='lat' dir='ltr'><strong>ratore</strong></span> <span class='ocrx_word' id='word_1_172' title='bbox 267 1852 476 1928; x_wconf 88' lang='lat' dir='ltr'><strong>postmodum</strong></span> <span class='ocrx_word' id='word_1_173' title='bbox 496 1854 703 1917; x_wconf 81' lang='lat' dir='ltr'><strong>confirmata.</strong></span> <span class='ocrx_word' id='word_1_174' title='bbox 725 1857 806 1918; x_wconf 86' lang='lat' dir='ltr'><strong>Item</strong></span> <span class='ocrx_word' id='word_1_175' title='bbox 816 1859 938 1934; x_wconf 81' lang='lat' dir='ltr'><strong>jngera</strong></span> 
     </span>
     <span class='ocr_line' id='line_1_18' title="bbox 137 1937 1474 2028; baseline 0.011 -18"><span class='ocrx_word' id='word_1_176' title='bbox 137 1950 304 2010; x_wconf 89' lang='lat' dir='ltr'><strong>terrarum</strong></span> <span class='ocrx_word' id='word_1_177' title='bbox 331 1948 364 2010; x_wconf 90' lang='lat' dir='ltr'><strong>et</strong></span> <span class='ocrx_word' id='word_1_178' title='bbox 396 1949 505 2010; x_wconf 87' lang='lat' dir='ltr'><strong>curtes</strong></span> <span class='ocrx_word' id='word_1_179' title='bbox 537 1951 571 2010; x_wconf 93' lang='lat' dir='ltr'><strong>in</strong></span> <span class='ocrx_word' id='word_1_180' title='bbox 597 1952 810 2028; x_wconf 69' lang='lat' dir='ltr'><strong>appenwilre</strong></span> <span class='ocrx_word' id='word_1_181' title='bbox 836 1955 869 2016; x_wconf 87' lang='lat' dir='ltr'><strong>et</strong></span> <span class='ocrx_word' id='word_1_182' title='bbox 902 1953 939 2014; x_wconf 94' lang='lat' dir='ltr'><strong>in</strong></span> <span class='ocrx_word' id='word_1_183' title='bbox 1310 1937 1474 2026; x_wconf 75' lang='lat' dir='ltr'>CCCLH</span> 
     </span>
     <span class='ocr_line' id='line_1_19' title="bbox 138 2043 1793 2164; baseline 0.008 -23"><span class='ocrx_word' id='word_1_184' title='bbox 138 2043 284 2154; x_wconf 51' lang='lat' dir='ltr'>UssQ’</span> <span class='ocrx_word' id='word_1_185' title='bbox 301 2051 376 2122; x_wconf 62' lang='lat' dir='ltr'><strong>‘1¹¹ae</strong></span> <span class='ocrx_word' id='word_1_186' title='bbox 391 2045 554 2108; x_wconf 62' lang='lat' dir='ltr'><strong>dedffl&#39;unt</strong></span> <span class='ocrx_word' id='word_1_187' title='bbox 567 2047 743 2110; x_wconf 57' lang='lat' dir='ltr'>cunradus</span> <span class='ocrx_word' id='word_1_188' title='bbox 759 2053 937 2123; x_wconf 56' lang='lat' dir='ltr'><strong>Veseman’</strong></span> <span class='ocrx_word' id='word_1_189' title='bbox 993 2089 1046 2148; x_wconf 79' lang='lat' dir='ltr'><strong>Aa</strong></span> <span class='ocrx_word' id='word_1_190' title='bbox 1059 2090 1340 2162; x_wconf 66' lang='lat' dir='ltr'><strong>archiepiscopos,</strong></span> <span class='ocrx_word' id='word_1_191' title='bbox 1358 2092 1532 2164; x_wconf 82' lang='lat' dir='ltr'><strong>episcopos</strong></span> <span class='ocrx_word' id='word_1_192' title='bbox 1550 2090 1584 2151; x_wconf 85' lang='lat' dir='ltr'><strong>et</strong></span> <span class='ocrx_word' id='word_1_193' title='bbox 1609 2093 1793 2154; x_wconf 66' lang='lat' dir='ltr'><strong>urbicenses</strong></span> 
     </span>
     <span class='ocr_line' id='line_1_20' title="bbox 138 2143 1274 2220; baseline 0.008 -19"><span class='ocrx_word' id='word_1_194' title='bbox 138 2143 317 2203; x_wconf 85' lang='lat' dir='ltr'><strong>Hernrrcus</strong></span> <span class='ocrx_word' id='word_1_195' title='bbox 341 2143 475 2205; x_wconf 87' lang='lat' dir='ltr'><strong>Gertinc</strong></span> <span class='ocrx_word' id='word_1_196' title='bbox 500 2145 532 2206; x_wconf 88' lang='lat' dir='ltr'><strong>et</strong></span> <span class='ocrx_word' id='word_1_197' title='bbox 555 2145 728 2207; x_wconf 78' lang='lat' dir='ltr'><strong>cunradus</strong></span> <span class='ocrx_word' id='word_1_198' title='bbox 754 2147 936 2220; x_wconf 88' lang='lat' dir='ltr'><strong>Mesterlin,</strong></span> <span class='ocrx_word' id='word_1_199' title='bbox 1073 2187 1079 2199; x_wconf 87' lang='lat'><strong>·</strong></span> <span class='ocrx_word' id='word_1_200' title='bbox 1242 2187 1274 2220; x_wconf 86' lang='lat'><strong>-¹</strong></span> 
     </span>
     <span class='ocr_line' id='line_1_21' title="bbox 61 2187 1794 2345; baseline 0.008 -47"><span class='ocrx_word' id='word_1_201' title='bbox 61 2237 64 2242; x_wconf 72' lang='grc'>“</span> <span class='ocrx_word' id='word_1_202' title='bbox 136 2239 302 2317; x_wconf 85' lang='lat' dir='ltr'><strong>praedium</strong></span> <span class='ocrx_word' id='word_1_203' title='bbox 313 2255 394 2302; x_wconf 86' lang='lat' dir='ltr'><strong>vero</strong></span> <span class='ocrx_word' id='word_1_204' title='bbox 408 2241 444 2301; x_wconf 91' lang='lat' dir='ltr'><strong>in</strong></span> <span class='ocrx_word' id='word_1_205' title='bbox 459 2240 637 2302; x_wconf 79' lang='lat' dir='ltr'><strong>Griseborn</strong></span> <span class='ocrx_word' id='word_1_206' title='bbox 653 2243 739 2319; x_wconf 88' lang='lat' dir='ltr'><strong>quod</strong></span> <span class='ocrx_word' id='word_1_207' title='bbox 752 2242 848 2305; x_wconf 85' lang='lat' dir='ltr'><strong>bonae</strong></span> <span class='ocrx_word' id='word_1_208' title='bbox 863 2259 938 2306; x_wconf 87' lang='lat' dir='ltr'><strong>me·</strong></span> <span class='ocrx_word' id='word_1_209' title='bbox 1033 2187 1794 2345; x_wconf 33' lang='lat' dir='ltr'><strong>&amp;mmmffgaemffommmmw</strong></span> 
     </span>
     <span class='ocr_line' id='line_1_22' title="bbox 121 2281 1512 2420; baseline 0.008 -23"><span class='ocrx_word' id='word_1_210' title='bbox 121 2325 256 2398; x_wconf 80' lang='lat' dir='ltr'><strong>¹moriae</strong></span> <span class='ocrx_word' id='word_1_211' title='bbox 288 2337 461 2400; x_wconf 89' lang='lat' dir='ltr'><strong>Cunradus</strong></span> <span class='ocrx_word' id='word_1_212' title='bbox 486 2339 739 2416; x_wconf 68' lang='lat' dir='ltr'><strong>argentinensis</strong></span> <span class='ocrx_word' id='word_1_213' title='bbox 762 2341 938 2420; x_wconf 88' lang='lat' dir='ltr'><strong>episcopus</strong></span> <span class='ocrx_word' id='word_1_214' title='bbox 1084 2297 1106 2343; x_wconf 69' lang='lat' dir='ltr'><em>a</em></span> <span class='ocrx_word' id='word_1_215' title='bbox 1234 2297 1316 2344; x_wconf 59' lang='lat' dir='ltr'><strong>com</strong></span> <span class='ocrx_word' id='word_1_216' title='bbox 1360 2299 1383 2344; x_wconf 66' lang='lat' dir='ltr'><strong><em>u</em></strong></span> <span class='ocrx_word' id='word_1_217' title='bbox 1400 2281 1465 2364; x_wconf 64' lang='lat'><strong>⁰⁸(</strong></span> <span class='ocrx_word' id='word_1_218' title='bbox 1487 2281 1512 2363; x_wconf 75' lang='grc'><strong>)’</strong></span> 
     </span>
     <span class='ocr_line' id='line_1_23' title="bbox 136 2434 938 2512; baseline 0.007 -17"><span class='ocrx_word' id='word_1_219' title='bbox 136 2434 291 2497; x_wconf 85' lang='lat' dir='ltr'><strong>ecclesiae</strong></span> <span class='ocrx_word' id='word_1_220' title='bbox 301 2438 422 2498; x_wconf 81' lang='lat' dir='ltr'><strong>vestrae</strong></span> <span class='ocrx_word' id='word_1_221' title='bbox 437 2436 570 2512; x_wconf 86' lang='lat' dir='ltr'><strong>pietatis</strong></span> <span class='ocrx_word' id='word_1_222' title='bbox 583 2437 706 2500; x_wconf 88' lang='lat' dir='ltr'><strong>intuitu</strong></span> <span class='ocrx_word' id='word_1_223' title='bbox 717 2439 938 2509; x_wconf 89' lang='lat' dir='ltr'><strong>contulerunt,</strong></span> 
     </span>
     <span class='ocr_line' id='line_1_24' title="bbox 134 2517 1879 2616; baseline 0.006 -22"><span class='ocrx_word' id='word_1_224' title='bbox 134 2549 218 2594; x_wconf 88' lang='lat' dir='ltr'><strong>cum</strong></span> <span class='ocrx_word' id='word_1_225' title='bbox 238 2534 353 2610; x_wconf 86' lang='lat' dir='ltr'><strong>pratis,</strong></span> <span class='ocrx_word' id='word_1_226' title='bbox 373 2534 493 2606; x_wconf 77' lang='lat' dir='ltr'><strong>tineis,</strong></span> <span class='ocrx_word' id='word_1_227' title='bbox 511 2535 621 2607; x_wconf 72' lang='lat' dir='ltr'><strong>terris</strong></span> <span class='ocrx_word' id='word_1_228' title='bbox 640 2536 842 2608; x_wconf 88' lang='lat' dir='ltr'><strong>nemoribus,</strong></span> <span class='ocrx_word' id='word_1_229' title='bbox 861 2553 941 2598; x_wconf 85' lang='lat' dir='ltr'><strong>usa·</strong></span> <span class='ocrx_word' id='word_1_230' title='bbox 1020 2517 1172 2584; x_wconf 80' lang='lat' dir='ltr'><strong>[bullarium</strong></span> <span class='ocrx_word' id='word_1_231' title='bbox 1182 2520 1338 2584; x_wconf 76' lang='lat' dir='ltr'><strong>Romanum,</strong></span> <span class='ocrx_word' id='word_1_232' title='bbox 1350 2519 1389 2569; x_wconf 70' lang='lat'><strong>⁰⁶¹·</strong></span> <span class='ocrx_word' id='word_1_233' title='bbox 1400 2521 1476 2571; x_wconf 76' lang='lat' dir='ltr'><strong>saur.</strong></span> <span class='ocrx_word' id='word_1_234' title='bbox 1488 2525 1507 2569; x_wconf 67' lang='lat'><strong>¹·</strong></span> <span class='ocrx_word' id='word_1_235' title='bbox 1518 2520 1561 2579; x_wconf 60' lang='grc' dir='ltr'><strong>ΠΙ»</strong></span> <span class='ocrx_word' id='word_1_236' title='bbox 1571 2536 1596 2586; x_wconf 81' lang='lat'><strong>1&#39;·</strong></span> <span class='ocrx_word' id='word_1_237' title='bbox 1612 2521 1668 2581; x_wconf 71' lang='lat'><strong>³²³³</strong></span> <span class='ocrx_word' id='word_1_238' title='bbox 1682 2522 1771 2587; x_wconf 79' lang='lat'><strong>¹¹·¹¹·]</strong></span> <span class='ocrx_word' id='word_1_239' title='bbox 1875 2611 1879 2616; x_wconf 63' lang='grc'>,</span> 
     </span>
     <span class='ocr_line' id='line_1_25' title="bbox 132 2624 1791 2712; baseline 0.004 -33"><span class='ocrx_word' id='word_1_240' title='bbox 132 2631 207 2706; x_wconf 77' lang='lat' dir='ltr'><strong>giis</strong></span> <span class='ocrx_word' id='word_1_241' title='bbox 223 2633 255 2692; x_wconf 76' lang='lat' dir='ltr'><strong>et</strong></span> <span class='ocrx_word' id='word_1_242' title='bbox 267 2631 413 2708; x_wconf 79' lang='lat' dir='ltr'><strong>pascuis,</strong></span> <span class='ocrx_word' id='word_1_243' title='bbox 427 2631 462 2691; x_wconf 86' lang='lat' dir='ltr'><strong>in</strong></span> <span class='ocrx_word' id='word_1_244' title='bbox 475 2631 574 2693; x_wconf 78' lang='lat' dir='ltr'><strong>bosco</strong></span> <span class='ocrx_word' id='word_1_245' title='bbox 585 2632 617 2694; x_wconf 77' lang='lat' dir='ltr'><strong>et</strong></span> <span class='ocrx_word' id='word_1_246' title='bbox 626 2632 737 2709; x_wconf 73' lang='lat' dir='ltr'><strong>plano²</strong></span> <span class='ocrx_word' id='word_1_247' title='bbox 752 2633 787 2694; x_wconf 83' lang='lat' dir='ltr'><strong>in</strong></span> <span class='ocrx_word' id='word_1_248' title='bbox 800 2634 895 2712; x_wconf 82' lang='lat' dir='ltr'><strong>aquis</strong></span> <span class='ocrx_word' id='word_1_249' title='bbox 909 2635 942 2696; x_wconf 73' lang='lat' dir='ltr'><strong>et</strong></span> <span class='ocrx_word' id='word_1_250' title='bbox 995 2624 1162 2684; x_wconf 69' lang='lat' dir='ltr'><strong>Exhortatio</strong></span> <span class='ocrx_word' id='word_1_251' title='bbox 1178 2625 1213 2683; x_wconf 87' lang='lat' dir='ltr'><strong>ad</strong></span> <span class='ocrx_word' id='word_1_252' title='bbox 1233 2641 1335 2684; x_wconf 79' lang='lat' dir='ltr'><strong>omnes</strong></span> <span class='ocrx_word' id='word_1_253' title='bbox 1356 2627 1510 2686; x_wconf 71' lang='lat' dir='ltr'><strong>Galliarum</strong></span> <span class='ocrx_word' id='word_1_254' title='bbox 1527 2628 1674 2701; x_wconf 60' lang='lat' dir='ltr'><strong>praelfltotu</strong></span> <span class='ocrx_word' id='word_1_255' title='bbox 1688 2636 1720 2686; x_wconf 91' lang='lat' dir='ltr'><strong>ut</strong></span> <span class='ocrx_word' id='word_1_256' title='bbox 1739 2644 1791 2702; x_wconf 86' lang='lat' dir='ltr'><strong>pl&#39;o</strong></span> 
     </span>
     <span class='ocr_line' id='line_1_26' title="bbox 132 2715 1794 2803; baseline 0.006 -37"><span class='ocrx_word' id='word_1_257' title='bbox 132 2727 407 2795; x_wconf 61' lang='lat' dir='ltr'><strong>molendinium</strong></span> <span class='ocrx_word' id='word_1_258' title='bbox 431 2728 496 2789; x_wconf 64' lang='lat' dir='ltr'><strong>viis</strong></span> <span class='ocrx_word' id='word_1_259' title='bbox 516 2729 549 2790; x_wconf 66' lang='lat' dir='ltr'><strong>et</strong></span> <span class='ocrx_word' id='word_1_260' title='bbox 567 2729 708 2803; x_wconf 57' lang='lat' dir='ltr'><strong>semitis,</strong></span> <span class='ocrx_word' id='word_1_261' title='bbox 732 2731 765 2792; x_wconf 64' lang='lat' dir='ltr'><strong>et</strong></span> <span class='ocrx_word' id='word_1_262' title='bbox 788 2730 940 2792; x_wconf 62' lang='lat' dir='ltr'><strong>omnibus</strong></span> <span class='ocrx_word' id='word_1_263' title='bbox 1031 2715 1235 2773; x_wconf 84' lang='lat' dir='ltr'><strong>anniversariis</strong></span> <span class='ocrx_word' id='word_1_264' title='bbox 1256 2715 1450 2789; x_wconf 87' lang='lat' dir='ltr'><strong>adimplendis</strong></span> <span class='ocrx_word' id='word_1_265' title='bbox 1476 2716 1504 2773; x_wconf 87' lang='lat' dir='ltr'><strong>in</strong></span> <span class='ocrx_word' id='word_1_266' title='bbox 1530 2716 1743 2776; x_wconf 79' lang='lat' dir='ltr'><strong>cathedralibus</strong></span> <span class='ocrx_word' id='word_1_267' title='bbox 1764 2725 1794 2776; x_wconf 91' lang='lat' dir='ltr'><strong>et</strong></span> 
     </span>
    </p>
   </div>
   <div class='ocr_carea' id='block_1_4' title="bbox 134 2803 1793 2966">
    <p class='ocr_par' dir='ltr' id='par_1_5' title="bbox 134 2803 1793 2966">
     <span class='ocr_line' id='line_1_27' title="bbox 134 2803 1793 2890; baseline 0.004 -32"><span class='ocrx_word' id='word_1_268' title='bbox 134 2824 219 2888; x_wconf 59' lang='lat' dir='ltr'><strong>aliis</strong></span> <span class='ocrx_word' id='word_1_269' title='bbox 227 2823 435 2887; x_wconf 56' lang='lat' dir='ltr'>libertatibus</span> <span class='ocrx_word' id='word_1_270' title='bbox 446 2827 479 2887; x_wconf 58' lang='lat' dir='ltr'><strong>ep</strong></span> <span class='ocrx_word' id='word_1_271' title='bbox 488 2826 750 2890; x_wconf 63' lang='lat' dir='ltr'><strong>immunitatibus</strong></span> <span class='ocrx_word' id='word_1_272' title='bbox 761 2829 842 2890; x_wconf 45' lang='lat' dir='ltr'>suis·</span> <span class='ocrx_word' id='word_1_273' title='bbox 854 2831 941 2890; x_wconf 62' lang='lat' dir='ltr'>Sane</span> <span class='ocrx_word' id='word_1_274' title='bbox 1031 2803 1267 2861; x_wconf 77' lang='lat' dir='ltr'><strong>conventualibus</strong></span> <span class='ocrx_word' id='word_1_275' title='bbox 1288 2805 1420 2862; x_wconf 82' lang='lat' dir='ltr'><strong>ecclesiis</strong></span> <span class='ocrx_word' id='word_1_276' title='bbox 1443 2805 1544 2863; x_wconf 86' lang='lat' dir='ltr'><strong>diebus</strong></span> <span class='ocrx_word' id='word_1_277' title='bbox 1565 2804 1646 2864; x_wconf 85' lang='lat' dir='ltr'><strong>lestis</strong></span> <span class='ocrx_word' id='word_1_278' title='bbox 1669 2814 1699 2864; x_wconf 90' lang='lat' dir='ltr'><strong>et</strong></span> <span class='ocrx_word' id='word_1_279' title='bbox 1716 2807 1793 2878; x_wconf 87' lang='lat' dir='ltr'><strong>aliis,</strong></span> 
     </span>
     <span class='ocr_line' id='line_1_28' title="bbox 1032 2892 1774 2966; baseline 0.003 -16"><span class='ocrx_word' id='word_1_280' title='bbox 1032 2893 1086 2950; x_wconf 89' lang='lat' dir='ltr'><strong>alia</strong></span> <span class='ocrx_word' id='word_1_281' title='bbox 1097 2894 1185 2950; x_wconf 83' lang='lat' dir='ltr'><strong>missa</strong></span> <span class='ocrx_word' id='word_1_282' title='bbox 1200 2892 1378 2950; x_wconf 84' lang='lat' dir='ltr'><strong>decantanda</strong></span> <span class='ocrx_word' id='word_1_283' title='bbox 1394 2895 1570 2966; x_wconf 80' lang='lat' dir='ltr'><strong>praetermitti</strong></span> <span class='ocrx_word' id='word_1_284' title='bbox 1589 2909 1646 2952; x_wconf 91' lang='lat' dir='ltr'><strong>non</strong></span> <span class='ocrx_word' id='word_1_285' title='bbox 1659 2894 1774 2952; x_wconf 75' lang='lat' dir='ltr'><strong>debem.</strong></span> 
     </span>
    </p>
   </div>
   <div class='ocr_carea' id='block_1_5' title="bbox 1306 2405 1486 2479">
    <p class='ocr_par' dir='ltr' id='par_1_6' title="bbox 1306 2405 1486 2479">
     <span class='ocr_line' id='line_1_29' title="bbox 1306 2405 1486 2479; baseline 0.006 -17"><span class='ocrx_word' id='word_1_286' title='bbox 1306 2405 1388 2479; x_wconf 81' lang='lat' dir='ltr'><strong>tjut.</strong></span> <span class='ocrx_word' id='word_1_287' title='bbox 1407 2405 1486 2466; x_wconf 82' lang='lat' dir='ltr'><strong>tarr.</strong></span> 
     </span>
    </p>
   </div>
   <div class='ocr_carea' id='block_1_6' title="bbox 83 2922 1803 5435">
    <p class='ocr_par' dir='ltr' id='par_1_7' title="bbox 83 2922 1803 5435">
     <span class='ocr_line' id='line_1_30' title="bbox 139 2922 940 3003; baseline 0.001 -18"><span class='ocrx_word' id='word_1_288' title='bbox 139 2922 313 2985; x_wconf 82' lang='lat' dir='ltr'><strong>novalium</strong></span> <span class='ocrx_word' id='word_1_289' title='bbox 339 2924 537 2996; x_wconf 80' lang='lat' dir='ltr'><strong>vestrorum,</strong></span> <span class='ocrx_word' id='word_1_290' title='bbox 560 2940 641 3001; x_wconf 88' lang='lat' dir='ltr'><strong>quos</strong></span> <span class='ocrx_word' id='word_1_291' title='bbox 661 2925 804 3003; x_wconf 89' lang='lat' dir='ltr'><strong>propriis</strong></span> <span class='ocrx_word' id='word_1_292' title='bbox 828 2927 940 2988; x_wconf 90' lang='lat' dir='ltr'><strong>mani-</strong></span> 
     </span>
     <span class='ocr_line' id='line_1_31' title="bbox 140 3019 1792 3098; baseline 0.002 -16"><span class='ocrx_word' id='word_1_293' title='bbox 140 3022 207 3082; x_wconf 91' lang='lat' dir='ltr'><strong>bns</strong></span> <span class='ocrx_word' id='word_1_294' title='bbox 220 3020 278 3083; x_wconf 85' lang='lat' dir='ltr'><strong>aut</strong></span> <span class='ocrx_word' id='word_1_295' title='bbox 298 3019 482 3098; x_wconf 88' lang='lat' dir='ltr'><strong>sumptibus</strong></span> <span class='ocrx_word' id='word_1_296' title='bbox 495 3019 615 3094; x_wconf 88' lang='lat' dir='ltr'><strong>colitis,</strong></span> <span class='ocrx_word' id='word_1_297' title='bbox 627 3023 699 3084; x_wconf 90' lang='lat' dir='ltr'><strong>sive</strong></span> <span class='ocrx_word' id='word_1_298' title='bbox 708 3024 749 3084; x_wconf 90' lang='lat' dir='ltr'><strong>de</strong></span> <span class='ocrx_word' id='word_1_299' title='bbox 762 3024 942 3086; x_wconf 89' lang='lat' dir='ltr'><strong>nutrimen·</strong></span> <span class='ocrx_word' id='word_1_300' title='bbox 1036 3021 1204 3082; x_wconf 89' lang='lat' dir='ltr'><strong>Honorius</strong></span> <span class='ocrx_word' id='word_1_301' title='bbox 1243 3019 1430 3098; x_wconf 78' lang='lat' dir='ltr'><strong>episcopua,</strong></span> <span class='ocrx_word' id='word_1_302' title='bbox 1472 3037 1588 3083; x_wconf 90' lang='lat' dir='ltr'><strong>servus</strong></span> <span class='ocrx_word' id='word_1_303' title='bbox 1620 3038 1792 3085; x_wconf 83' lang='lat' dir='ltr'><strong>servorum</strong></span> 
     </span>
     <span class='ocr_line' id='line_1_32' title="bbox 139 3117 1791 3199; baseline 0 -17"><span class='ocrx_word' id='word_1_304' title='bbox 139 3119 188 3182; x_wconf 89' lang='lat' dir='ltr'><strong>tis</strong></span> <span class='ocrx_word' id='word_1_305' title='bbox 199 3117 393 3179; x_wconf 89' lang='lat' dir='ltr'><strong>animalium</strong></span> <span class='ocrx_word' id='word_1_306' title='bbox 403 3119 589 3182; x_wconf 87' lang='lat' dir='ltr'><strong>vestrorum</strong></span> <span class='ocrx_word' id='word_1_307' title='bbox 601 3119 846 3184; x_wconf 84' lang='lat' dir='ltr'><strong>nullusayobis</strong></span> <span class='ocrx_word' id='word_1_308' title='bbox 857 3122 943 3184; x_wconf 86' lang='lat' dir='ltr'><strong>‹leoi-</strong></span> <span class='ocrx_word' id='word_1_309' title='bbox 997 3119 1067 3192; x_wconf 89' lang='lat' dir='ltr'><strong>Dei,</strong></span> <span class='ocrx_word' id='word_1_310' title='bbox 1085 3117 1332 3180; x_wconf 88' lang='lat' dir='ltr'><strong>venerabilibus</strong></span> <span class='ocrx_word' id='word_1_311' title='bbox 1347 3117 1505 3180; x_wconf 83' lang='lat' dir='ltr'><strong>iratribus</strong></span> <span class='ocrx_word' id='word_1_312' title='bbox 1517 3119 1791 3199; x_wconf 88' lang='lat' dir='ltr'><strong>archiepiscopis,</strong></span> 
     </span>
     <span class='ocr_line' id='line_1_33' title="bbox 139 3216 1794 3296; baseline 0.001 -18"><span class='ocrx_word' id='word_1_313' title='bbox 139 3231 216 3278; x_wconf 88' lang='lat' dir='ltr'><strong>mas</strong></span> <span class='ocrx_word' id='word_1_314' title='bbox 230 3216 366 3292; x_wconf 80' lang='lat' dir='ltr'><strong>exigere</strong></span> <span class='ocrx_word' id='word_1_315' title='bbox 378 3216 432 3278; x_wconf 85' lang='lat' dir='ltr'><strong>vel</strong></span> <span class='ocrx_word' id='word_1_316' title='bbox 446 3217 645 3294; x_wconf 84' lang='lat' dir='ltr'><strong>extorquere</strong></span> <span class='ocrx_word' id='word_1_317' title='bbox 657 3220 847 3296; x_wconf 84' lang='lat' dir='ltr'><strong>praesumat,</strong></span> <span class='ocrx_word' id='word_1_318' title='bbox 864 3221 946 3293; x_wconf 80' lang='lat' dir='ltr'><strong>eto,</strong></span> <span class='ocrx_word' id='word_1_319' title='bbox 997 3217 1030 3278; x_wconf 92' lang='lat' dir='ltr'><strong>et</strong></span> <span class='ocrx_word' id='word_1_320' title='bbox 1050 3216 1216 3294; x_wconf 88' lang='lat' dir='ltr'><strong>episcopis</strong></span> <span class='ocrx_word' id='word_1_321' title='bbox 1240 3216 1271 3278; x_wconf 91' lang='lat' dir='ltr'><strong>et</strong></span> <span class='ocrx_word' id='word_1_322' title='bbox 1290 3216 1455 3278; x_wconf 83' lang='lat' dir='ltr'><strong>universis</strong></span> <span class='ocrx_word' id='word_1_323' title='bbox 1474 3216 1552 3278; x_wconf 89' lang='lat' dir='ltr'><strong>aliis</strong></span> <span class='ocrx_word' id='word_1_324' title='bbox 1576 3218 1794 3280; x_wconf 88' lang='lat' dir='ltr'><strong>ecclesiarum</strong></span> 
     </span>
     <span class='ocr_line' id='line_1_34' title="bbox 140 3312 1794 3392; baseline 0.001 -16"><span class='ocrx_word' id='word_1_325' title='bbox 140 3316 221 3386; x_wconf 71' lang='lat' dir='ltr'><strong>etc„</strong></span> <span class='ocrx_word' id='word_1_326' title='bbox 237 3313 300 3374; x_wconf 89' lang='lat' dir='ltr'><strong>eto.</strong></span> <span class='ocrx_word' id='word_1_327' title='bbox 997 3314 1157 3392; x_wconf 82' lang='lat' dir='ltr'><strong>praelatis,</strong></span> <span class='ocrx_word' id='word_1_328' title='bbox 1180 3316 1213 3374; x_wconf 90' lang='lat' dir='ltr'><strong>et</strong></span> <span class='ocrx_word' id='word_1_329' title='bbox 1232 3312 1363 3374; x_wconf 88' lang='lat' dir='ltr'><strong>clericis</strong></span> <span class='ocrx_word' id='word_1_330' title='bbox 1385 3329 1444 3390; x_wconf 89' lang='lat' dir='ltr'><strong>per</strong></span> <span class='ocrx_word' id='word_1_331' title='bbox 1466 3315 1641 3376; x_wconf 81' lang='lat' dir='ltr'><strong>Franciam</strong></span> <span class='ocrx_word' id='word_1_332' title='bbox 1663 3318 1794 3378; x_wconf 88' lang='lat' dir='ltr'><strong>consti-</strong></span> 
     </span>
     <span class='ocr_line' id='line_1_35' title="bbox 184 3409 1794 3491; baseline 0.002 -20"><span class='ocrx_word' id='word_1_333' title='bbox 184 3411 483 3486; x_wconf 82' lang='lat' dir='ltr'><strong>Egoluuoceuttus</strong></span> <span class='ocrx_word' id='word_1_334' title='bbox 498 3411 671 3474; x_wconf 85' lang='lat' dir='ltr'><strong>catholicae</strong></span> <span class='ocrx_word' id='word_1_335' title='bbox 685 3413 942 3491; x_wconf 88' lang='lat' dir='ltr'><strong>ecclesiaeepis-</strong></span> <span class='ocrx_word' id='word_1_336' title='bbox 997 3411 1088 3484; x_wconf 90' lang='lat' dir='ltr'><strong>tutis,</strong></span> <span class='ocrx_word' id='word_1_337' title='bbox 1116 3409 1257 3472; x_wconf 87' lang='lat' dir='ltr'><strong>salutem</strong></span> <span class='ocrx_word' id='word_1_338' title='bbox 1283 3410 1316 3471; x_wconf 88' lang='lat' dir='ltr'><strong>et</strong></span> <span class='ocrx_word' id='word_1_339' title='bbox 1343 3410 1560 3488; x_wconf 84' lang='lat' dir='ltr'><strong>apostolicam</strong></span> <span class='ocrx_word' id='word_1_340' title='bbox 1585 3410 1794 3474; x_wconf 89' lang='lat' dir='ltr'><strong>benedictio-</strong></span> 
     </span>
     <span class='ocr_line' id='line_1_36' title="bbox 140 3523 1087 3586; baseline -0.001 -17"><span class='ocrx_word' id='word_1_341' title='bbox 140 3523 260 3586; x_wconf 86' lang='lat' dir='ltr'><strong>copus.</strong></span> <span class='ocrx_word' id='word_1_342' title='bbox 998 3523 1087 3568; x_wconf 92' lang='lat' dir='ltr'><strong>nem.</strong></span> 
     </span>
     <span class='ocr_line' id='line_1_37' title="bbox 185 3602 1796 3684; baseline 0.002 -19"><span class='ocrx_word' id='word_1_343' title='bbox 185 3607 253 3680; x_wconf 81' lang='lat' dir='ltr'><strong>Ego</strong></span> <span class='ocrx_word' id='word_1_344' title='bbox 268 3609 419 3668; x_wconf 78' lang='lat' dir='ltr'><strong>Joattttes</strong></span> <span class='ocrx_word' id='word_1_345' title='bbox 437 3604 636 3667; x_wconf 73' lang='lat' dir='ltr'><strong>albanensis</strong></span> <span class='ocrx_word' id='word_1_346' title='bbox 656 3607 842 3684; x_wconf 87' lang='lat' dir='ltr'><strong>episcopus.</strong></span> <span class='ocrx_word' id='word_1_347' title='bbox 1038 3608 1143 3677; x_wconf 88' lang='lat' dir='ltr'><strong>Quum</strong></span> <span class='ocrx_word' id='word_1_348' title='bbox 1159 3604 1312 3665; x_wconf 87' lang='lat' dir='ltr'><strong>creatura</strong></span> <span class='ocrx_word' id='word_1_349' title='bbox 1328 3617 1395 3665; x_wconf 91' lang='lat' dir='ltr'><strong>non</strong></span> <span class='ocrx_word' id='word_1_350' title='bbox 1418 3602 1541 3665; x_wconf 88' lang='lat' dir='ltr'><strong>habeat</strong></span> <span class='ocrx_word' id='word_1_351' title='bbox 1556 3604 1633 3682; x_wconf 85' lang='lat' dir='ltr'><strong>quid</strong></span> <span class='ocrx_word' id='word_1_352' title='bbox 1649 3621 1710 3684; x_wconf 91' lang='lat' dir='ltr'><strong>pro</strong></span> <span class='ocrx_word' id='word_1_353' title='bbox 1723 3623 1796 3668; x_wconf 90' lang='lat' dir='ltr'><strong>me-</strong></span> 
     </span>
     <span class='ocr_line' id='line_1_38' title="bbox 186 3701 1797 3780; baseline 0.002 -17"><span class='ocrx_word' id='word_1_354' title='bbox 186 3704 254 3777; x_wconf 83' lang='lat' dir='ltr'><strong>Ego</strong></span> <span class='ocrx_word' id='word_1_355' title='bbox 286 3705 388 3779; x_wconf 80' lang='lat' dir='ltr'><strong>Hupo</strong></span> <span class='ocrx_word' id='word_1_356' title='bbox 416 3703 589 3780; x_wconf 86' lang='lat' dir='ltr'><strong>presbyter</strong></span> <span class='ocrx_word' id='word_1_357' title='bbox 618 3703 799 3766; x_wconf 88' lang='lat' dir='ltr'><strong>cardinalis</strong></span> <span class='ocrx_word' id='word_1_358' title='bbox 837 3705 943 3766; x_wconf 88' lang='lat' dir='ltr'><strong>sancti</strong></span> <span class='ocrx_word' id='word_1_359' title='bbox 998 3702 1072 3764; x_wconf 92' lang='lat' dir='ltr'><strong>ritis</strong></span> <span class='ocrx_word' id='word_1_360' title='bbox 1103 3701 1303 3778; x_wconf 87' lang='lat' dir='ltr'><strong>respondeat</strong></span> <span class='ocrx_word' id='word_1_361' title='bbox 1328 3701 1489 3774; x_wconf 87' lang='lat' dir='ltr'><strong>Creatori,</strong></span> <span class='ocrx_word' id='word_1_362' title='bbox 1505 3701 1562 3779; x_wconf 86' lang='lat' dir='ltr'><strong>qui</strong></span> <span class='ocrx_word' id='word_1_363' title='bbox 1593 3704 1629 3764; x_wconf 92' lang='lat' dir='ltr'><strong>ut</strong></span> <span class='ocrx_word' id='word_1_364' title='bbox 1655 3705 1797 3766; x_wconf 73' lang='lat' dir='ltr'><strong>camele</strong></span> 
     </span>
     <span class='ocr_line' id='line_1_39' title="bbox 141 3798 1798 3878; baseline 0.001 -16"><span class='ocrx_word' id='word_1_365' title='bbox 141 3800 295 3862; x_wconf 82' lang='lat' dir='ltr'><strong>Martini</strong></span> <span class='ocrx_word' id='word_1_366' title='bbox 309 3800 405 3863; x_wconf 89' lang='lat' dir='ltr'><strong>titulo</strong></span> <span class='ocrx_word' id='word_1_367' title='bbox 419 3801 563 3874; x_wconf 76' lang='lat' dir='ltr'><strong>equitat.</strong></span> <span class='ocrx_word' id='word_1_368' title='bbox 999 3799 1223 3878; x_wconf 88' lang='lat' dir='ltr'><strong>corruptionis</strong></span> <span class='ocrx_word' id='word_1_369' title='bbox 1247 3798 1391 3876; x_wconf 90' lang='lat' dir='ltr'><strong>eriperet</strong></span> <span class='ocrx_word' id='word_1_370' title='bbox 1403 3799 1573 3871; x_wconf 89' lang='lat' dir='ltr'><strong>servitute,</strong></span> <span class='ocrx_word' id='word_1_371' title='bbox 1588 3817 1628 3862; x_wconf 93' lang='lat' dir='ltr'><strong>ac</strong></span> <span class='ocrx_word' id='word_1_372' title='bbox 1643 3800 1678 3862; x_wconf 89' lang='lat' dir='ltr'><strong>in</strong></span> <span class='ocrx_word' id='word_1_373' title='bbox 1693 3801 1798 3864; x_wconf 91' lang='lat' dir='ltr'><strong>liber-</strong></span> 
     </span>
     <span class='ocr_line' id='line_1_40' title="bbox 188 3895 1798 3973; baseline 0.002 -17"><span class='ocrx_word' id='word_1_374' title='bbox 188 3899 256 3973; x_wconf 77' lang='lat' dir='ltr'><strong>Ego</strong></span> <span class='ocrx_word' id='word_1_375' title='bbox 283 3901 435 3959; x_wconf 78' lang='lat' dir='ltr'><strong>loannes</strong></span> <span class='ocrx_word' id='word_1_376' title='bbox 458 3897 555 3960; x_wconf 89' lang='lat' dir='ltr'><strong>titulo</strong></span> <span class='ocrx_word' id='word_1_377' title='bbox 584 3897 691 3959; x_wconf 89' lang='lat' dir='ltr'><strong>sancti</strong></span> <span class='ocrx_word' id='word_1_378' title='bbox 717 3898 882 3972; x_wconf 75' lang='lat' dir='ltr'><strong>saeptam</strong></span> <span class='ocrx_word' id='word_1_379' title='bbox 907 3899 943 3960; x_wconf 94' lang='lat' dir='ltr'><strong>in</strong></span> <span class='ocrx_word' id='word_1_380' title='bbox 998 3897 1100 3958; x_wconf 89' lang='lat' dir='ltr'><strong>tatem</strong></span> <span class='ocrx_word' id='word_1_381' title='bbox 1126 3895 1270 3957; x_wconf 84' lang='lat' dir='ltr'><strong>illiorum</strong></span> <span class='ocrx_word' id='word_1_382' title='bbox 1295 3896 1441 3968; x_wconf 84' lang='lat' dir='ltr'><strong>vocaret,</strong></span> <span class='ocrx_word' id='word_1_383' title='bbox 1456 3897 1544 3958; x_wconf 84' lang='lat' dir='ltr'><strong>servi</strong></span> <span class='ocrx_word' id='word_1_384' title='bbox 1559 3895 1704 3964; x_wconf 87' lang='lat' dir='ltr'><strong>sormam</strong></span> <span class='ocrx_word' id='word_1_385' title='bbox 1720 3914 1798 3960; x_wconf 90' lang='lat' dir='ltr'><strong>sns-</strong></span> 
     </span>
     <span class='ocr_line' id='line_1_41' title="bbox 143 3991 1798 4078; baseline 0.001 -21"><span class='ocrx_word' id='word_1_386' title='bbox 143 3997 250 4058; x_wconf 82' lang='lat' dir='ltr'><strong>Coelio</strong></span> <span class='ocrx_word' id='word_1_387' title='bbox 264 3994 382 4054; x_wconf 83' lang='lat' dir='ltr'><strong>Monte</strong></span> <span class='ocrx_word' id='word_1_388' title='bbox 397 3991 570 4070; x_wconf 86' lang='lat' dir='ltr'><strong>presbyter</strong></span> <span class='ocrx_word' id='word_1_389' title='bbox 584 3994 775 4056; x_wconf 85' lang='lat' dir='ltr'><strong>cardinalis.</strong></span> <span class='ocrx_word' id='word_1_390' title='bbox 1000 3993 1126 4078; x_wconf 89' lang='lat' dir='ltr'><strong>cipiens</strong></span> <span class='ocrx_word' id='word_1_391' title='bbox 1141 3993 1288 4060; x_wconf 61' lang='lat' dir='ltr'><strong>,tradidit</strong></span> <span class='ocrx_word' id='word_1_392' title='bbox 1312 3995 1536 4072; x_wconf 88' lang='lat' dir='ltr'><strong>semetipsum,</strong></span> <span class='ocrx_word' id='word_1_393' title='bbox 1557 4011 1619 4056; x_wconf 91' lang='lat' dir='ltr'><strong>nec</strong></span> <span class='ocrx_word' id='word_1_394' title='bbox 1634 3995 1756 4058; x_wconf 89' lang='lat' dir='ltr'><strong>desinit</strong></span> <span class='ocrx_word' id='word_1_395' title='bbox 1766 3997 1798 4058; x_wconf 90' lang='lat' dir='ltr'><strong>ei</strong></span> 
     </span>
     <span class='ocr_line' id='line_1_42' title="bbox 187 4089 1797 4171; baseline 0.001 -19"><span class='ocrx_word' id='word_1_396' title='bbox 187 4094 256 4166; x_wconf 81' lang='lat' dir='ltr'><strong>Ego</strong></span> <span class='ocrx_word' id='word_1_397' title='bbox 274 4093 427 4154; x_wconf 71' lang='lat' dir='ltr'><strong>ioannes</strong></span> <span class='ocrx_word' id='word_1_398' title='bbox 445 4089 542 4152; x_wconf 92' lang='lat' dir='ltr'><strong>titulo</strong></span> <span class='ocrx_word' id='word_1_399' title='bbox 559 4093 591 4152; x_wconf 84' lang='lat' dir='ltr'><strong>S.</strong></span> <span class='ocrx_word' id='word_1_400' title='bbox 615 4095 751 4154; x_wconf 78' lang='lat' dir='ltr'><strong>Priscu</strong></span> <span class='ocrx_word' id='word_1_401' title='bbox 772 4093 945 4171; x_wconf 80' lang='lat' dir='ltr'><strong>presbyter</strong></span> <span class='ocrx_word' id='word_1_402' title='bbox 1000 4092 1168 4153; x_wconf 88' lang='lat' dir='ltr'><strong>naturalia</strong></span> <span class='ocrx_word' id='word_1_403' title='bbox 1183 4091 1216 4152; x_wconf 90' lang='lat' dir='ltr'><strong>et</strong></span> <span class='ocrx_word' id='word_1_404' title='bbox 1228 4092 1373 4168; x_wconf 83' lang='lat' dir='ltr'><strong>gratuita</strong></span> <span class='ocrx_word' id='word_1_405' title='bbox 1388 4090 1549 4153; x_wconf 81' lang='lat' dir='ltr'><strong>benoncia</strong></span> <span class='ocrx_word' id='word_1_406' title='bbox 1562 4091 1715 4169; x_wconf 82' lang='lat' dir='ltr'><strong>elargiri3</strong></span> <span class='ocrx_word' id='word_1_407' title='bbox 1730 4109 1797 4154; x_wconf 94' lang='lat' dir='ltr'><strong>non</strong></span> 
     </span>
     <span class='ocr_line' id='line_1_43' title="bbox 144 4187 1796 4266; baseline 0.001 -15"><span class='ocrx_word' id='word_1_408' title='bbox 144 4187 340 4251; x_wconf 73' lang='lat' dir='ltr'><strong>cardinalis·</strong></span> <span class='ocrx_word' id='word_1_409' title='bbox 1001 4191 1060 4261; x_wconf 89' lang='lat' dir='ltr'><strong>est,</strong></span> <span class='ocrx_word' id='word_1_410' title='bbox 1078 4189 1164 4250; x_wconf 90' lang='lat' dir='ltr'><strong>unde</strong></span> <span class='ocrx_word' id='word_1_411' title='bbox 1180 4189 1255 4266; x_wconf 87' lang='lat' dir='ltr'><strong>quis</strong></span> <span class='ocrx_word' id='word_1_412' title='bbox 1270 4204 1306 4249; x_wconf 90' lang='lat' dir='ltr'><strong>se</strong></span> <span class='ocrx_word' id='word_1_413' title='bbox 1321 4187 1439 4250; x_wconf 89' lang='lat' dir='ltr'><strong>debeat</strong></span> <span class='ocrx_word' id='word_1_414' title='bbox 1448 4187 1490 4248; x_wconf 90' lang='lat' dir='ltr'><strong>ab</strong></span> <span class='ocrx_word' id='word_1_415' title='bbox 1506 4188 1674 4266; x_wconf 88' lang='lat' dir='ltr'><strong>obsequiis</strong></span> <span class='ocrx_word' id='word_1_416' title='bbox 1688 4206 1796 4252; x_wconf 81' lang='lat' dir='ltr'><strong>excu-</strong></span> 
     </span>
     <span class='ocr_line' id='line_1_44' title="bbox 187 4285 1799 4363; baseline 0.001 -15"><span class='ocrx_word' id='word_1_417' title='bbox 187 4288 255 4362; x_wconf 77' lang='lat' dir='ltr'><strong>Ego</strong></span> <span class='ocrx_word' id='word_1_418' title='bbox 270 4289 415 4348; x_wconf 74' lang='lat' dir='ltr'><strong>cerutus</strong></span> <span class='ocrx_word' id='word_1_419' title='bbox 429 4287 618 4348; x_wconf 89' lang='lat' dir='ltr'><strong>sanctorum</strong></span> <span class='ocrx_word' id='word_1_420' title='bbox 637 4289 783 4350; x_wconf 76' lang='lat' dir='ltr'><strong>loannis</strong></span> <span class='ocrx_word' id='word_1_421' title='bbox 801 4291 835 4351; x_wconf 90' lang='lat' dir='ltr'><strong>et</strong></span> <span class='ocrx_word' id='word_1_422' title='bbox 848 4289 945 4352; x_wconf 92' lang='lat' dir='ltr'><strong>Pauli</strong></span> <span class='ocrx_word' id='word_1_423' title='bbox 1001 4287 1220 4357; x_wconf 82' lang='lat' dir='ltr'><strong>sarediyinis,</strong></span> <span class='ocrx_word' id='word_1_424' title='bbox 1242 4286 1426 4363; x_wconf 84' lang='lat' dir='ltr'><strong>praesertim</strong></span> <span class='ocrx_word' id='word_1_425' title='bbox 1448 4285 1489 4346; x_wconf 90' lang='lat' dir='ltr'><strong>ad</strong></span> <span class='ocrx_word' id='word_1_426' title='bbox 1523 4301 1595 4362; x_wconf 84' lang='lat' dir='ltr'><strong>quae</strong></span> <span class='ocrx_word' id='word_1_427' title='bbox 1619 4303 1678 4363; x_wconf 88' lang='lat' dir='ltr'><strong>pro</strong></span> <span class='ocrx_word' id='word_1_428' title='bbox 1698 4288 1799 4349; x_wconf 90' lang='lat' dir='ltr'><strong>certis</strong></span> 
     </span>
     <span class='ocr_line' id='line_1_45' title="bbox 83 4382 1796 4467; baseline 0.001 -23"><span class='ocrx_word' id='word_1_429' title='bbox 83 4409 89 4422; x_wconf 94' lang='lat'><strong>·</strong></span> <span class='ocrx_word' id='word_1_430' title='bbox 145 4382 319 4462; x_wconf 82' lang='lat' dir='ltr'><strong>presbyter</strong></span> <span class='ocrx_word' id='word_1_431' title='bbox 332 4383 524 4456; x_wconf 89' lang='lat' dir='ltr'><strong>cardinalis,</strong></span> <span class='ocrx_word' id='word_1_432' title='bbox 542 4384 636 4446; x_wconf 93' lang='lat' dir='ltr'><strong>titulo</strong></span> <span class='ocrx_word' id='word_1_433' title='bbox 642 4388 829 4459; x_wconf 83' lang='lat' dir='ltr'><strong>pautacltii.</strong></span> <span class='ocrx_word' id='word_1_434' title='bbox 1001 4383 1187 4460; x_wconf 89' lang='lat' dir='ltr'><strong>stipendiis,</strong></span> <span class='ocrx_word' id='word_1_435' title='bbox 1201 4398 1275 4460; x_wconf 86' lang='lat' dir='ltr'><strong>quae</strong></span> <span class='ocrx_word' id='word_1_436' title='bbox 1290 4382 1427 4460; x_wconf 89' lang='lat' dir='ltr'><strong>recepit,</strong></span> <span class='ocrx_word' id='word_1_437' title='bbox 1441 4398 1480 4467; x_wconf 74' lang='lat' dir='ltr'><strong>pe</strong></span> <span class='ocrx_word' id='word_1_438' title='bbox 1490 4383 1698 4460; x_wconf 78' lang='lat' dir='ltr'><strong>professione</strong></span> <span class='ocrx_word' id='word_1_439' title='bbox 1708 4384 1796 4446; x_wconf 83' lang='lat' dir='ltr'><strong>lacta</strong></span> 
     </span>
     <span class='ocr_line' id='line_1_46' title="bbox 187 4479 1801 4561; baseline 0.001 -19"><span class='ocrx_word' id='word_1_440' title='bbox 187 4483 255 4558; x_wconf 80' lang='lat' dir='ltr'><strong>Ego</strong></span> <span class='ocrx_word' id='word_1_441' title='bbox 273 4485 463 4558; x_wconf 64' lang='lat' dir='ltr'><strong>(arcuarius</strong></span> <span class='ocrx_word' id='word_1_442' title='bbox 481 4481 578 4544; x_wconf 89' lang='lat' dir='ltr'><strong>titulo</strong></span> <span class='ocrx_word' id='word_1_443' title='bbox 593 4482 700 4544; x_wconf 87' lang='lat' dir='ltr'><strong>sancti</strong></span> <span class='ocrx_word' id='word_1_444' title='bbox 721 4484 840 4546; x_wconf 78' lang='lat' dir='ltr'><strong>Vitatis</strong></span> <span class='ocrx_word' id='word_1_445' title='bbox 852 4501 947 4561; x_wconf 90' lang='lat' dir='ltr'><strong>pres·</strong></span> <span class='ocrx_word' id='word_1_446' title='bbox 1001 4480 1192 4558; x_wconf 88' lang='lat' dir='ltr'><strong>specialiter</strong></span> <span class='ocrx_word' id='word_1_447' title='bbox 1218 4479 1389 4558; x_wconf 82' lang='lat' dir='ltr'><strong>obligavit,</strong></span> <span class='ocrx_word' id='word_1_448' title='bbox 1407 4497 1523 4557; x_wconf 86' lang='lat' dir='ltr'><strong>quaeve</strong></span> <span class='ocrx_word' id='word_1_449' title='bbox 1538 4479 1680 4544; x_wconf 84' lang='lat' dir='ltr'><strong>fideliter</strong></span> <span class='ocrx_word' id='word_1_450' title='bbox 1701 4498 1801 4544; x_wconf 84' lang='lat' dir='ltr'><strong>exse-</strong></span> 
     </span>
     <span class='ocr_line' id='line_1_47' title="bbox 147 4577 1799 4658; baseline 0.001 -20"><span class='ocrx_word' id='word_1_451' title='bbox 147 4578 445 4654; x_wconf 89' lang='lat' dir='ltr'><strong>bytercardinalis.</strong></span> <span class='ocrx_word' id='word_1_452' title='bbox 1002 4579 1142 4658; x_wconf 84' lang='lat' dir='ltr'><strong>quondo,</strong></span> <span class='ocrx_word' id='word_1_453' title='bbox 1176 4579 1327 4657; x_wconf 87' lang='lat' dir='ltr'><strong>quamvis</strong></span> <span class='ocrx_word' id='word_1_454' title='bbox 1354 4577 1463 4640; x_wconf 87' lang='lat' dir='ltr'><strong>solvat</strong></span> <span class='ocrx_word' id='word_1_455' title='bbox 1491 4578 1649 4649; x_wconf 88' lang='lat' dir='ltr'><strong>debitum,</strong></span> <span class='ocrx_word' id='word_1_456' title='bbox 1681 4579 1799 4642; x_wconf 86' lang='lat' dir='ltr'><strong>salutis</strong></span> 
     </span>
     <span class='ocr_line' id='line_1_48' title="bbox 190 4675 1801 4755; baseline 0.003 -21"><span class='ocrx_word' id='word_1_457' title='bbox 190 4675 349 4748; x_wconf 81' lang='lat' dir='ltr'><strong>Ego-Leo</strong></span> <span class='ocrx_word' id='word_1_458' title='bbox 367 4676 464 4738; x_wconf 90' lang='lat' dir='ltr'><strong>titulo</strong></span> <span class='ocrx_word' id='word_1_459' title='bbox 490 4680 522 4740; x_wconf 92' lang='lat' dir='ltr'><strong>S.</strong></span> <span class='ocrx_word' id='word_1_460' title='bbox 547 4681 668 4741; x_wconf 73' lang='lat' dir='ltr'><strong>Graccis</strong></span> <span class='ocrx_word' id='word_1_461' title='bbox 689 4681 726 4740; x_wconf 83' lang='lat' dir='ltr'><strong>itt</strong></span> <span class='ocrx_word' id='word_1_462' title='bbox 750 4681 948 4742; x_wconf 80' lang='lat' dir='ltr'><strong>Jerusalem</strong></span> <span class='ocrx_word' id='word_1_463' title='bbox 1002 4676 1146 4755; x_wconf 81' lang='lat' dir='ltr'><strong>proprias</strong></span> <span class='ocrx_word' id='word_1_464' title='bbox 1160 4675 1344 4754; x_wconf 84' lang='lat' dir='ltr'><strong>profectum</strong></span> <span class='ocrx_word' id='word_1_465' title='bbox 1367 4677 1580 4753; x_wconf 88' lang='lat' dir='ltr'><strong>prosequitur</strong></span> <span class='ocrx_word' id='word_1_466' title='bbox 1593 4677 1801 4754; x_wconf 83' lang='lat' dir='ltr'><strong>incompara-</strong></span> 
     </span>
     <span class='ocr_line' id='line_1_49' title="bbox 151 4769 1799 4852; baseline 0.004 -23"><span class='ocrx_word' id='word_1_467' title='bbox 151 4769 326 4847; x_wconf 88' lang='lat' dir='ltr'><strong>presbyter</strong></span> <span class='ocrx_word' id='word_1_468' title='bbox 339 4773 533 4835; x_wconf 87' lang='lat' dir='ltr'><strong>cardinalis.</strong></span> <span class='ocrx_word' id='word_1_469' title='bbox 1001 4774 1068 4837; x_wconf 92' lang='lat' dir='ltr'><strong>bile</strong></span> <span class='ocrx_word' id='word_1_470' title='bbox 1083 4774 1147 4837; x_wconf 88' lang='lat' dir='ltr'><strong>sibi</strong></span> <span class='ocrx_word' id='word_1_471' title='bbox 1162 4774 1283 4836; x_wconf 82' lang='lat' dir='ltr'><strong>exinde</strong></span> <span class='ocrx_word' id='word_1_472' title='bbox 1293 4773 1447 4836; x_wconf 87' lang='lat' dir='ltr'><strong>meritum</strong></span> <span class='ocrx_word' id='word_1_473' title='bbox 1460 4773 1799 4852; x_wconf 84' lang='lat' dir='ltr'><strong>comparandoNam,</strong></span> 
     </span>
     <span class='ocr_line' id='line_1_50' title="bbox 194 4869 1800 4952; baseline 0.003 -25"><span class='ocrx_word' id='word_1_474' title='bbox 194 4869 259 4944; x_wconf 77' lang='lat' dir='ltr'><strong>ligo</strong></span> <span class='ocrx_word' id='word_1_475' title='bbox 280 4870 467 4930; x_wconf 77' lang='lat' dir='ltr'><strong>Gratianus</strong></span> <span class='ocrx_word' id='word_1_476' title='bbox 482 4872 672 4934; x_wconf 89' lang='lat' dir='ltr'><strong>sanctorum</strong></span> <span class='ocrx_word' id='word_1_477' title='bbox 687 4875 812 4937; x_wconf 83' lang='lat' dir='ltr'><strong>cosmae</strong></span> <span class='ocrx_word' id='word_1_478' title='bbox 828 4875 861 4936; x_wconf 92' lang='lat' dir='ltr'><strong>et</strong></span> <span class='ocrx_word' id='word_1_479' title='bbox 881 4878 949 4936; x_wconf 89' lang='lat' dir='ltr'><strong>Da·</strong></span> <span class='ocrx_word' id='word_1_480' title='bbox 1003 4873 1065 4935; x_wconf 90' lang='lat' dir='ltr'><strong>etsi</strong></span> <span class='ocrx_word' id='word_1_481' title='bbox 1086 4873 1179 4935; x_wconf 83' lang='lat' dir='ltr'><strong>dives</strong></span> <span class='ocrx_word' id='word_1_482' title='bbox 1206 4873 1241 4932; x_wconf 91' lang='lat' dir='ltr'><strong>in</strong></span> <span class='ocrx_word' id='word_1_483' title='bbox 1267 4870 1420 4933; x_wconf 91' lang='lat' dir='ltr'><strong>omnibus</strong></span> <span class='ocrx_word' id='word_1_484' title='bbox 1444 4871 1614 4943; x_wconf 85' lang='lat' dir='ltr'><strong>Dominus,</strong></span> <span class='ocrx_word' id='word_1_485' title='bbox 1639 4888 1705 4933; x_wconf 92' lang='lat' dir='ltr'><strong>non</strong></span> <span class='ocrx_word' id='word_1_486' title='bbox 1735 4873 1800 4952; x_wconf 85' lang='lat' dir='ltr'><strong>nisi</strong></span> 
     </span>
     <span class='ocr_line' id='line_1_51' title="bbox 150 4964 1800 5048; baseline 0.002 -23"><span class='ocrx_word' id='word_1_487' title='bbox 150 4964 257 5026; x_wconf 89' lang='lat' dir='ltr'><strong>miani</strong></span> <span class='ocrx_word' id='word_1_488' title='bbox 267 4964 426 5029; x_wconf 87' lang='lat' dir='ltr'><strong>diaconus</strong></span> <span class='ocrx_word' id='word_1_489' title='bbox 439 4967 629 5029; x_wconf 87' lang='lat' dir='ltr'><strong>cardinalis.</strong></span> <span class='ocrx_word' id='word_1_490' title='bbox 1003 4987 1063 5048; x_wconf 91' lang='lat' dir='ltr'><strong>pro</strong></span> <span class='ocrx_word' id='word_1_491' title='bbox 1075 4969 1172 5031; x_wconf 91' lang='lat' dir='ltr'><strong>nobis</strong></span> <span class='ocrx_word' id='word_1_492' title='bbox 1184 4970 1281 5046; x_wconf 82' lang='lat' dir='ltr'><strong>egeat</strong></span> <span class='ocrx_word' id='word_1_493' title='bbox 1291 4968 1387 5032; x_wconf 87' lang='lat' dir='ltr'><strong>bonis</strong></span> <span class='ocrx_word' id='word_1_494' title='bbox 1398 4969 1542 5043; x_wconf 89' lang='lat' dir='ltr'><strong>nostris;</strong></span> <span class='ocrx_word' id='word_1_495' title='bbox 1557 4967 1800 5046; x_wconf 89' lang='lat' dir='ltr'><strong>beneplacitum</strong></span> 
     </span>
     <span class='ocr_line' id='line_1_52' title="bbox 191 5064 1802 5143; baseline 0.001 -19"><span class='ocrx_word' id='word_1_496' title='bbox 191 5065 260 5138; x_wconf 82' lang='lat' dir='ltr'><strong>Ego</strong></span> <span class='ocrx_word' id='word_1_497' title='bbox 285 5065 462 5126; x_wconf 81' lang='lat' dir='ltr'><strong>Gararttus</strong></span> <span class='ocrx_word' id='word_1_498' title='bbox 485 5064 592 5126; x_wconf 87' lang='lat' dir='ltr'><strong>sancti</strong></span> <span class='ocrx_word' id='word_1_499' title='bbox 615 5069 763 5130; x_wconf 82' lang='lat' dir='ltr'><strong>Adriani</strong></span> <span class='ocrx_word' id='word_1_500' title='bbox 789 5067 949 5132; x_wconf 87' lang='lat' dir='ltr'><strong>diaconus</strong></span> <span class='ocrx_word' id='word_1_501' title='bbox 1003 5071 1115 5131; x_wconf 89' lang='lat' dir='ltr'><strong>tamen</strong></span> <span class='ocrx_word' id='word_1_502' title='bbox 1125 5067 1176 5130; x_wconf 90' lang='lat' dir='ltr'><strong>est</strong></span> <span class='ocrx_word' id='word_1_503' title='bbox 1189 5067 1232 5139; x_wconf 89' lang='lat' dir='ltr'><strong>ei,</strong></span> <span class='ocrx_word' id='word_1_504' title='bbox 1249 5067 1285 5129; x_wconf 91' lang='lat' dir='ltr'><strong>ut</strong></span> <span class='ocrx_word' id='word_1_505' title='bbox 1299 5067 1452 5128; x_wconf 89' lang='lat' dir='ltr'><strong>creatura</strong></span> <span class='ocrx_word' id='word_1_506' title='bbox 1466 5082 1502 5128; x_wconf 90' lang='lat' dir='ltr'><strong>se</strong></span> <span class='ocrx_word' id='word_1_507' title='bbox 1515 5066 1617 5127; x_wconf 87' lang='lat' dir='ltr'><strong>totam</strong></span> <span class='ocrx_word' id='word_1_508' title='bbox 1633 5065 1802 5143; x_wconf 86' lang='lat' dir='ltr'><strong>impendat</strong></span> 
     </span>
     <span class='ocr_line' id='line_1_53' title="bbox 151 5159 1801 5240; baseline 0.001 -19"><span class='ocrx_word' id='word_1_509' title='bbox 151 5159 345 5222; x_wconf 87' lang='lat' dir='ltr'><strong>cardinalis.</strong></span> <span class='ocrx_word' id='word_1_510' title='bbox 1005 5166 1040 5228; x_wconf 92' lang='lat' dir='ltr'><strong>in</strong></span> <span class='ocrx_word' id='word_1_511' title='bbox 1054 5163 1209 5226; x_wconf 88' lang='lat' dir='ltr'><strong>laudibus</strong></span> <span class='ocrx_word' id='word_1_512' title='bbox 1219 5163 1397 5237; x_wconf 81' lang='lat' dir='ltr'><strong>creatoris,</strong></span> <span class='ocrx_word' id='word_1_513' title='bbox 1416 5163 1494 5240; x_wconf 83' lang='lat' dir='ltr'><strong>quia</strong></span> <span class='ocrx_word' id='word_1_514' title='bbox 1507 5163 1547 5224; x_wconf 92' lang='lat' dir='ltr'><strong>de</strong></span> <span class='ocrx_word' id='word_1_515' title='bbox 1559 5163 1724 5240; x_wconf 86' lang='lat' dir='ltr'><strong>perceptis</strong></span> <span class='ocrx_word' id='word_1_516' title='bbox 1738 5162 1801 5223; x_wconf 89' lang='lat' dir='ltr'><strong>be-</strong></span> 
     </span>
     <span class='ocr_line' id='line_1_54' title="bbox 191 5257 1801 5338; baseline 0.001 -19"><span class='ocrx_word' id='word_1_517' title='bbox 191 5261 260 5334; x_wconf 81' lang='lat' dir='ltr'><strong>Ego</strong></span> <span class='ocrx_word' id='word_1_518' title='bbox 276 5260 466 5335; x_wconf 81' lang='lat' dir='ltr'><strong>Greport&#39;tu</strong></span> <span class='ocrx_word' id='word_1_519' title='bbox 485 5257 593 5318; x_wconf 89' lang='lat' dir='ltr'><strong>sancti</strong></span> <span class='ocrx_word' id='word_1_520' title='bbox 617 5262 756 5336; x_wconf 78' lang='lat' dir='ltr'><strong>Georpii</strong></span> <span class='ocrx_word' id='word_1_521' title='bbox 771 5262 813 5323; x_wconf 87' lang='lat' dir='ltr'><strong>ad</strong></span> <span class='ocrx_word' id='word_1_522' title='bbox 833 5263 949 5325; x_wconf 77' lang='lat' dir='ltr'><strong>velum</strong></span> <span class='ocrx_word' id='word_1_523' title='bbox 1005 5262 1134 5325; x_wconf 87' lang='lat' dir='ltr'><strong>nellciis</strong></span> <span class='ocrx_word' id='word_1_524' title='bbox 1158 5261 1285 5338; x_wconf 83' lang='lat' dir='ltr'><strong>gratias</strong></span> <span class='ocrx_word' id='word_1_525' title='bbox 1306 5259 1468 5323; x_wconf 81' lang='lat' dir='ltr'><strong>exbibens</strong></span> <span class='ocrx_word' id='word_1_526' title='bbox 1490 5259 1620 5338; x_wconf 85' lang='lat' dir='ltr'><strong>potiora</strong></span> <span class='ocrx_word' id='word_1_527' title='bbox 1639 5258 1801 5321; x_wconf 82' lang='lat' dir='ltr'><strong>beneficia</strong></span> 
     </span>
     <span class='ocr_line' id='line_1_55' title="bbox 152 5353 1803 5435; baseline 0.001 -19"><span class='ocrx_word' id='word_1_528' title='bbox 152 5370 290 5416; x_wconf 89' lang='lat' dir='ltr'><strong>aureum</strong></span> <span class='ocrx_word' id='word_1_529' title='bbox 307 5354 466 5418; x_wconf 89' lang='lat' dir='ltr'><strong>diaconus</strong></span> <span class='ocrx_word' id='word_1_530' title='bbox 481 5353 672 5416; x_wconf 86' lang='lat' dir='ltr'><strong>cardinalis.</strong></span> <span class='ocrx_word' id='word_1_531' title='bbox 1006 5376 1140 5422; x_wconf 90' lang='lat' dir='ltr'><strong>sumere</strong></span> <span class='ocrx_word' id='word_1_532' title='bbox 1155 5359 1338 5435; x_wconf 64' lang='lat' dir='ltr'><strong>mereatum</strong></span> <span class='ocrx_word' id='word_1_533' title='bbox 1351 5373 1447 5421; x_wconf 89' lang='lat' dir='ltr'><strong>secus</strong></span> <span class='ocrx_word' id='word_1_534' title='bbox 1456 5356 1631 5434; x_wconf 81' lang='lat' dir='ltr'><strong>agentibus</strong></span> <span class='ocrx_word' id='word_1_535' title='bbox 1640 5356 1803 5433; x_wconf 90' lang='lat' dir='ltr'><strong>reputatis</strong></span> 
     </span>
    </p>
   </div>
   <div class='ocr_carea' id='block_1_7' title="bbox 192 5573 1105 5650">
    <p class='ocr_par' dir='ltr' id='par_1_8' title="bbox 192 5573 1105 5650">
     <span class='ocr_line' id='line_1_56' title="bbox 192 5573 1105 5650; baseline 0.007 -19"><span class='ocrx_word' id='word_1_536' title='bbox 192 5573 233 5648; x_wconf 86' lang='lat' dir='ltr'><strong>(l)</strong></span> <span class='ocrx_word' id='word_1_537' title='bbox 254 5578 285 5635; x_wconf 90' lang='lat' dir='ltr'><strong>ln</strong></span> <span class='ocrx_word' id='word_1_538' title='bbox 302 5577 398 5645; x_wconf 82' lang='lat' dir='ltr'><strong>Quint.</strong></span> <span class='ocrx_word' id='word_1_539' title='bbox 416 5577 546 5648; x_wconf 78' lang='lat' dir='ltr'><strong>Carpit,</strong></span> <span class='ocrx_word' id='word_1_540' title='bbox 563 5573 612 5636; x_wconf 86' lang='lat' dir='ltr'><strong>lib.</strong></span> <span class='ocrx_word' id='word_1_541' title='bbox 628 5577 681 5647; x_wconf 90' lang='lat' dir='ltr'><strong>lll,</strong></span> <span class='ocrx_word' id='word_1_542' title='bbox 693 5576 736 5635; x_wconf 87' lang='lat' dir='ltr'><strong>tit.</strong></span> <span class='ocrx_word' id='word_1_543' title='bbox 754 5576 799 5649; x_wconf 82' lang='lat' dir='ltr'><strong>tt,</strong></span> <span class='ocrx_word' id='word_1_544' title='bbox 814 5593 841 5642; x_wconf 77' lang='lat' dir='ltr'><strong>a.</strong></span> <span class='ocrx_word' id='word_1_545' title='bbox 856 5579 880 5650; x_wconf 77' lang='lat'><strong>2,</strong></span> <span class='ocrx_word' id='word_1_546' title='bbox 900 5579 1025 5650; x_wconf 78' lang='lat' dir='ltr'><strong>t.1,col.</strong></span> <span class='ocrx_word' id='word_1_547' title='bbox 1042 5579 1105 5638; x_wconf 79' lang='lat' dir='ltr'><strong>tlt.</strong></span> 
     </span>
    </p>
   </div>
   <div class='ocr_carea' id='block_1_8' title="bbox 0 0 2122 6436">
    <p class='ocr_par' dir='ltr' id='par_1_9' title="bbox 0 0 2122 6436">
     <span class='ocr_line' id='line_1_57' title="bbox 0 0 2122 6436; baseline 0 0"><span class='ocrx_word' id='word_1_548' title='bbox 0 0 2122 6436; x_wconf 95' lang='lat' dir='ltr'><strong> </strong></span> 
     </span>
    </p>
   </div>
  </div>
 </body>
</html>
