<?xml version="1.0" encoding="UTF-8"?>
<!DOCTYPE html PUBLIC "-//W3C//DTD XHTML 1.0 Transitional//EN"
    "http://www.w3.org/TR/xhtml1/DTD/xhtml1-transitional.dtd">
<html xmlns="http://www.w3.org/1999/xhtml" xml:lang="en" lang="en">
 <head>
  <title>
</title>
<meta http-equiv="Content-Type" content="text/html;charset=utf-8" />
  <meta name='ocr-system' content='tesseract 3.04.00' />
  <meta name='ocr-capabilities' content='ocr_page ocr_carea ocr_par ocr_line ocrx_word'/>
</head>
<body>
  <div class='ocr_page' id='page_1' title='image "./mediiaevibiblio02unkngoog/mediiaevibiblio02unkngoog_0353.png"; bbox 0 0 4234 6408; ppageno 0'>
   <div class='ocr_carea' id='block_1_1' title="bbox 339 229 399 290">
    <p class='ocr_par' dir='ltr' id='par_1_1' title="bbox 339 229 399 290">
     <span class='ocr_line' id='line_1_1' title="bbox 339 229 399 290; baseline 0 0"><span class='ocrx_word' id='word_1_1' title='bbox 339 229 399 290; x_wconf 79' lang='lat'>223</span> 
     </span>
    </p>
   </div>
   <div class='ocr_carea' id='block_1_2' title="bbox 305 383 1155 2416">
    <p class='ocr_par' dir='ltr' id='par_1_2' title="bbox 305 383 1155 2416">
     <span class='ocr_line' id='line_1_2' title="bbox 340 383 1153 466; baseline 0.001 -15"><span class='ocrx_word' id='word_1_2' title='bbox 340 385 491 466; x_wconf 87' lang='lat' dir='ltr'>generali</span> <span class='ocrx_word' id='word_1_3' title='bbox 505 383 653 450; x_wconf 83' lang='lat' dir='ltr'>Concilio</span> <span class='ocrx_word' id='word_1_4' title='bbox 668 383 908 450; x_wconf 90' lang='lat' dir='ltr'>deliberatione</span> <span class='ocrx_word' id='word_1_5' title='bbox 916 389 1065 466; x_wconf 82' lang='lat' dir='ltr'>provida,</span> <span class='ocrx_word' id='word_1_6' title='bbox 1073 389 1137 452; x_wconf 82' lang='lat' dir='ltr'>cle</span> <span class='ocrx_word' id='word_1_7' title='bbox 1151 430 1153 436; x_wconf 83' lang='lat'><em>.</em></span> 
     </span>
     <span class='ocr_line' id='line_1_3' title="bbox 305 479 1134 562; baseline 0.002 -14"><span class='ocrx_word' id='word_1_8' title='bbox 305 479 308 482; x_wconf 72' lang='grc'><strong>’</strong></span> <span class='ocrx_word' id='word_1_9' title='bbox 340 486 422 548; x_wconf 90' lang='lat' dir='ltr'>ricis</span> <span class='ocrx_word' id='word_1_10' title='bbox 438 484 501 547; x_wconf 86' lang='lat' dir='ltr'>luit</span> <span class='ocrx_word' id='word_1_11' title='bbox 514 482 735 556; x_wconf 84' lang='lat' dir='ltr'>interdictum,</span> <span class='ocrx_word' id='word_1_12' title='bbox 752 500 794 545; x_wconf 88' lang='lat' dir='ltr'>ne</span> <span class='ocrx_word' id='word_1_13' title='bbox 809 484 882 562; x_wconf 88' lang='lat' dir='ltr'>quis</span> <span class='ocrx_word' id='word_1_14' title='bbox 895 487 1058 562; x_wconf 84' lang='lat' dir='ltr'>praetextu</span> <span class='ocrx_word' id='word_1_15' title='bbox 1075 503 1134 550; x_wconf 92' lang='lat' dir='ltr'>ec-</span> 
     </span>
     <span class='ocr_line' id='line_1_4' title="bbox 342 581 1136 662; baseline 0.001 -16"><span class='ocrx_word' id='word_1_16' title='bbox 342 583 537 646; x_wconf 90' lang='lat' dir='ltr'>clesiasticae</span> <span class='ocrx_word' id='word_1_17' title='bbox 552 581 715 644; x_wconf 78' lang='lat' dir='ltr'><strong>libertatis</strong></span> <span class='ocrx_word' id='word_1_18' title='bbox 732 599 826 644; x_wconf 88' lang='lat' dir='ltr'>suam</span> <span class='ocrx_word' id='word_1_19' title='bbox 842 583 882 644; x_wconf 88' lang='lat' dir='ltr'>de</span> <span class='ocrx_word' id='word_1_20' title='bbox 898 586 1018 647; x_wconf 89' lang='lat' dir='ltr'>caetero</span> <span class='ocrx_word' id='word_1_21' title='bbox 1028 586 1136 662; x_wconf 86' lang='lat' dir='ltr'>juris-</span> 
     </span>
     <span class='ocr_line' id='line_1_5' title="bbox 342 679 1135 760; baseline 0.004 -19"><span class='ocrx_word' id='word_1_22' title='bbox 342 681 519 744; x_wconf 81' lang='lat' dir='ltr'>dictionem</span> <span class='ocrx_word' id='word_1_23' title='bbox 534 679 692 742; x_wconf 83' lang='lat' dir='ltr'>extendat</span> <span class='ocrx_word' id='word_1_24' title='bbox 705 680 740 740; x_wconf 91' lang='lat' dir='ltr'>in</span> <span class='ocrx_word' id='word_1_25' title='bbox 757 682 987 758; x_wconf 72' lang='lat' dir='ltr'>prejudicium</span> <span class='ocrx_word' id='word_1_26' title='bbox 996 683 1135 760; x_wconf 77' lang='lat' dir='ltr'>Justitiae</span> 
     </span>
     <span class='ocr_line' id='line_1_6' title="bbox 341 778 1137 860; baseline 0.001 -20"><span class='ocrx_word' id='word_1_27' title='bbox 341 778 579 850; x_wconf 85' lang='lat' dir='ltr'>secularis,sed</span> <span class='ocrx_word' id='word_1_28' title='bbox 594 778 767 840; x_wconf 88' lang='lat' dir='ltr'>contentus</span> <span class='ocrx_word' id='word_1_29' title='bbox 782 779 904 842; x_wconf 87' lang='lat' dir='ltr'>existat</span> <span class='ocrx_word' id='word_1_30' title='bbox 926 779 1137 860; x_wconf 89' lang='lat' dir='ltr'>constitutio-</span> 
     </span>
     <span class='ocr_line' id='line_1_7' title="bbox 341 865 1136 955; baseline 0.005 -19"><span class='ocrx_word' id='word_1_31' title='bbox 341 875 452 949; x_wconf 88' lang='lat' dir='ltr'>nibus,</span> <span class='ocrx_word' id='word_1_32' title='bbox 469 876 602 953; x_wconf 90' lang='lat' dir='ltr'>scriptis</span> <span class='ocrx_word' id='word_1_33' title='bbox 614 876 646 938; x_wconf 92' lang='lat' dir='ltr'>et</span> <span class='ocrx_word' id='word_1_34' title='bbox 661 865 954 939; x_wconf 85' lang='lat' dir='ltr'>consuetudinibus</span> <span class='ocrx_word' id='word_1_35' title='bbox 969 895 1042 955; x_wconf 82' lang='lat' dir='ltr'>quae</span> <span class='ocrx_word' id='word_1_36' title='bbox 1053 878 1136 940; x_wconf 89' lang='lat' dir='ltr'>hao-</span> 
     </span>
     <span class='ocr_line' id='line_1_8' title="bbox 341 973 1155 1052; baseline 0.002 -18"><span class='ocrx_word' id='word_1_37' title='bbox 341 973 438 1052; x_wconf 89' lang='lat' dir='ltr'>tenus</span> <span class='ocrx_word' id='word_1_38' title='bbox 456 973 532 1035; x_wconf 89' lang='lat' dir='ltr'>sunt</span> <span class='ocrx_word' id='word_1_39' title='bbox 558 973 710 1046; x_wconf 90' lang='lat' dir='ltr'>obtentae,</span> <span class='ocrx_word' id='word_1_40' title='bbox 734 974 928 1036; x_wconf 90' lang='lat' dir='ltr'>discretioni</span> <span class='ocrx_word' id='word_1_41' title='bbox 940 977 1062 1038; x_wconf 79' lang='lat' dir='ltr'>vestras</span> <span class='ocrx_word' id='word_1_42' title='bbox 1076 991 1136 1052; x_wconf 92' lang='lat' dir='ltr'>per</span> <span class='ocrx_word' id='word_1_43' title='bbox 1152 1039 1155 1046; x_wconf 78' lang='grc'>,</span> 
     </span>
     <span class='ocr_line' id='line_1_9' title="bbox 341 1069 1133 1149; baseline 0.001 -16"><span class='ocrx_word' id='word_1_44' title='bbox 341 1069 524 1148; x_wconf 83' lang='lat' dir='ltr'>apostolica</span> <span class='ocrx_word' id='word_1_45' title='bbox 545 1071 668 1148; x_wconf 83' lang='lat' dir='ltr'>scripta</span> <span class='ocrx_word' id='word_1_46' title='bbox 682 1072 907 1149; x_wconf 86' lang='lat' dir='ltr'>praecipiendo</span> <span class='ocrx_word' id='word_1_47' title='bbox 926 1073 1133 1147; x_wconf 90' lang='lat' dir='ltr'>mandamus,</span> 
     </span>
     <span class='ocr_line' id='line_1_10' title="bbox 325 1168 1135 1247; baseline 0.005 -17"><span class='ocrx_word' id='word_1_48' title='bbox 325 1168 1135 1247; x_wconf 71' lang='lat' dir='ltr'>·quatenusrocatisquisuerintevocandiaudia·</span> 
     </span>
     <span class='ocr_line' id='line_1_11' title="bbox 340 1262 1134 1346; baseline -0.001 -16"><span class='ocrx_word' id='word_1_49' title='bbox 340 1267 383 1330; x_wconf 85' lang='lat' dir='ltr'>tis</span> <span class='ocrx_word' id='word_1_50' title='bbox 398 1266 477 1327; x_wconf 91' lang='lat' dir='ltr'>hinc</span> <span class='ocrx_word' id='word_1_51' title='bbox 494 1266 572 1327; x_wconf 91' lang='lat' dir='ltr'>inde</span> <span class='ocrx_word' id='word_1_52' title='bbox 587 1262 766 1343; x_wconf 86' lang='lat' dir='ltr'>proposita</span> <span class='ocrx_word' id='word_1_53' title='bbox 779 1268 812 1329; x_wconf 90' lang='lat' dir='ltr'>et</span> <span class='ocrx_word' id='word_1_54' title='bbox 832 1283 936 1346; x_wconf 90' lang='lat' dir='ltr'>usque</span> <span class='ocrx_word' id='word_1_55' title='bbox 955 1269 996 1329; x_wconf 92' lang='lat' dir='ltr'>ad</span> <span class='ocrx_word' id='word_1_56' title='bbox 1011 1269 1134 1331; x_wconf 84' lang='lat' dir='ltr'>defini-</span> 
     </span>
     <span class='ocr_line' id='line_1_12' title="bbox 339 1351 1140 1443; baseline 0.002 -17"><span class='ocrx_word' id='word_1_57' title='bbox 339 1361 417 1426; x_wconf 80' lang='lat' dir='ltr'>tivae</span> <span class='ocrx_word' id='word_1_58' title='bbox 464 1363 636 1426; x_wconf 89' lang='lat' dir='ltr'>sententiae</span> <span class='ocrx_word' id='word_1_59' title='bbox 676 1365 862 1438; x_wconf 89' lang='lat' dir='ltr'>calculum,</span> <span class='ocrx_word' id='word_1_60' title='bbox 913 1351 1140 1443; x_wconf 84' lang='lat' dir='ltr'>appellatione</span> 
     </span>
     <span class='ocr_line' id='line_1_13' title="bbox 339 1461 1135 1540; baseline 0.004 -18"><span class='ocrx_word' id='word_1_61' title='bbox 339 1461 533 1538; x_wconf 87' lang='lat' dir='ltr'>postposita,</span> <span class='ocrx_word' id='word_1_62' title='bbox 547 1462 763 1538; x_wconf 77' lang='lat' dir='ltr'>procedentes</span> <span class='ocrx_word' id='word_1_63' title='bbox 779 1462 815 1523; x_wconf 89' lang='lat' dir='ltr'>in</span> <span class='ocrx_word' id='word_1_64' title='bbox 833 1479 967 1525; x_wconf 88' lang='lat' dir='ltr'>causam</span> <span class='ocrx_word' id='word_1_65' title='bbox 986 1464 1091 1540; x_wconf 86' lang='lat' dir='ltr'>ipsam</span> <span class='ocrx_word' id='word_1_66' title='bbox 1106 1465 1135 1526; x_wconf 91' lang='lat' dir='ltr'>si</span> 
     </span>
     <span class='ocr_line' id='line_1_14' title="bbox 340 1550 1136 1636; baseline 0.005 -18"><span class='ocrx_word' id='word_1_67' title='bbox 340 1557 381 1619; x_wconf 91' lang='lat' dir='ltr'>de</span> <span class='ocrx_word' id='word_1_68' title='bbox 395 1559 540 1636; x_wconf 86' lang='lat' dir='ltr'>partimn</span> <span class='ocrx_word' id='word_1_69' title='bbox 553 1557 654 1621; x_wconf 84' lang='lat' dir='ltr'>luerit</span> <span class='ocrx_word' id='word_1_70' title='bbox 665 1550 835 1622; x_wconf 76' lang='lat' dir='ltr'>voluntate</span> <span class='ocrx_word' id='word_1_71' title='bbox 859 1560 924 1622; x_wconf 82' lang='lat' dir='ltr'>dne</span> <span class='ocrx_word' id='word_1_72' title='bbox 944 1560 1052 1624; x_wconf 88' lang='lat' dir='ltr'>debito</span> <span class='ocrx_word' id='word_1_73' title='bbox 1067 1563 1136 1624; x_wconf 90' lang='lat' dir='ltr'>ter-</span> 
     </span>
     <span class='ocr_line' id='line_1_15' title="bbox 339 1655 1137 1733; baseline 0.008 -17"><span class='ocrx_word' id='word_1_74' title='bbox 339 1656 486 1728; x_wconf 87' lang='lat' dir='ltr'>minetis,</span> <span class='ocrx_word' id='word_1_75' title='bbox 510 1655 659 1733; x_wconf 88' lang='lat' dir='ltr'>alioquin</span> <span class='ocrx_word' id='word_1_76' title='bbox 677 1657 826 1718; x_wconf 88' lang='lat' dir='ltr'>eamdem</span> <span class='ocrx_word' id='word_1_77' title='bbox 838 1657 1042 1720; x_wconf 83' lang='lat' dir='ltr'>sufficienter</span> <span class='ocrx_word' id='word_1_78' title='bbox 1064 1661 1137 1722; x_wconf 90' lang='lat' dir='ltr'>ins-</span> 
     </span>
     <span class='ocr_line' id='line_1_16' title="bbox 339 1753 1132 1831; baseline 0.005 -17"><span class='ocrx_word' id='word_1_79' title='bbox 339 1753 483 1815; x_wconf 79' lang='lat' dir='ltr'><strong>tructam</strong></span> <span class='ocrx_word' id='word_1_80' title='bbox 498 1754 541 1814; x_wconf 90' lang='lat' dir='ltr'>ad</span> <span class='ocrx_word' id='word_1_81' title='bbox 560 1753 707 1816; x_wconf 87' lang='lat' dir='ltr'>nostram</span> <span class='ocrx_word' id='word_1_82' title='bbox 716 1755 929 1831; x_wconf 72' lang='lat' dir='ltr'>praesentiam</span> <span class='ocrx_word' id='word_1_83' title='bbox 944 1756 1132 1830; x_wconf 80' lang='lat' dir='ltr'>remittatis,</span> 
     </span>
     <span class='ocr_line' id='line_1_17' title="bbox 340 1850 1134 1932; baseline 0.005 -20"><span class='ocrx_word' id='word_1_84' title='bbox 340 1851 509 1928; x_wconf 86' lang='lat' dir='ltr'>assignato</span> <span class='ocrx_word' id='word_1_85' title='bbox 524 1850 674 1929; x_wconf 88' lang='lat' dir='ltr'>partibus</span> <span class='ocrx_word' id='word_1_86' title='bbox 686 1852 829 1914; x_wconf 90' lang='lat' dir='ltr'>termino</span> <span class='ocrx_word' id='word_1_87' title='bbox 843 1854 1052 1930; x_wconf 82' lang='lat' dir='ltr'>competenti,</span> <span class='ocrx_word' id='word_1_88' title='bbox 1069 1871 1134 1932; x_wconf 91' lang='lat' dir='ltr'>quo</span> 
     </span>
     <span class='ocr_line' id='line_1_18' title="bbox 340 1950 1135 2028; baseline 0.009 -21"><span class='ocrx_word' id='word_1_89' title='bbox 340 1963 377 2009; x_wconf 92' lang='lat' dir='ltr'>se</span> <span class='ocrx_word' id='word_1_90' title='bbox 401 1950 514 2012; x_wconf 89' lang='lat' dir='ltr'>nostro</span> <span class='ocrx_word' id='word_1_91' title='bbox 533 1950 724 2025; x_wconf 89' lang='lat' dir='ltr'>conspectui</span> <span class='ocrx_word' id='word_1_92' title='bbox 745 1951 994 2026; x_wconf 80' lang='lat' dir='ltr'>repraesentent,</span> <span class='ocrx_word' id='word_1_93' title='bbox 1008 1952 1135 2028; x_wconf 86' lang='lat' dir='ltr'>justam</span> 
     </span>
     <span class='ocr_line' id='line_1_19' title="bbox 340 2045 1135 2128; baseline 0.01 -23"><span class='ocrx_word' id='word_1_94' title='bbox 340 2045 478 2108; x_wconf 87' lang='lat' dir='ltr'>auctore</span> <span class='ocrx_word' id='word_1_95' title='bbox 489 2045 627 2123; x_wconf 80' lang='lat' dir='ltr'>Domino</span> <span class='ocrx_word' id='word_1_96' title='bbox 642 2047 840 2109; x_wconf 88' lang='lat' dir='ltr'>sententiam</span> <span class='ocrx_word' id='word_1_97' title='bbox 852 2048 1028 2128; x_wconf 89' lang='lat' dir='ltr'>recepturi.</span> <span class='ocrx_word' id='word_1_98' title='bbox 1039 2050 1135 2121; x_wconf 81' lang='lat' dir='ltr'>Quod</span> 
     </span>
     <span class='ocr_line' id='line_1_20' title="bbox 341 2141 1134 2218; baseline 0.009 -16"><span class='ocrx_word' id='word_1_99' title='bbox 341 2141 371 2202; x_wconf 92' lang='lat' dir='ltr'>si</span> <span class='ocrx_word' id='word_1_100' title='bbox 387 2157 455 2204; x_wconf 89' lang='lat' dir='ltr'>non</span> <span class='ocrx_word' id='word_1_101' title='bbox 467 2157 592 2216; x_wconf 89' lang='lat' dir='ltr'>omnes,</span> <span class='ocrx_word' id='word_1_102' title='bbox 607 2144 709 2216; x_wconf 91' lang='lat' dir='ltr'>etc...,</span> <span class='ocrx_word' id='word_1_103' title='bbox 729 2144 793 2205; x_wconf 90' lang='lat' dir='ltr'>duo</span> <span class='ocrx_word' id='word_1_104' title='bbox 810 2145 967 2218; x_wconf 88' lang='lat' dir='ltr'>vestrum,</span> <span class='ocrx_word' id='word_1_105' title='bbox 984 2147 1046 2208; x_wconf 88' lang='lat' dir='ltr'>etc.</span> <span class='ocrx_word' id='word_1_106' title='bbox 1064 2149 1134 2209; x_wconf 85' lang='lat' dir='ltr'>Ita-</span> 
     </span>
     <span class='ocr_line' id='line_1_21' title="bbox 339 2239 1136 2322; baseline 0.006 -20"><span class='ocrx_word' id='word_1_107' title='bbox 339 2239 410 2302; x_wconf 86' lang='lat' dir='ltr'>tum</span> <span class='ocrx_word' id='word_1_108' title='bbox 422 2240 590 2313; x_wconf 83' lang='lat' dir='ltr'>Laterani,</span> <span class='ocrx_word' id='word_1_109' title='bbox 610 2243 639 2304; x_wconf 85' lang='lat' dir='ltr'><strong>V</strong></span> <span class='ocrx_word' id='word_1_110' title='bbox 653 2240 814 2304; x_wconf 86' lang='lat' dir='ltr'>kalendas</span> <span class='ocrx_word' id='word_1_111' title='bbox 829 2241 1001 2319; x_wconf 78' lang='lat' dir='ltr'>februarii,</span> <span class='ocrx_word' id='word_1_112' title='bbox 1022 2245 1136 2322; x_wconf 92' lang='lat' dir='ltr'>ponti-</span> 
     </span>
     <span class='ocr_line' id='line_1_22' title="bbox 339 2336 810 2416; baseline 0.008 -19"><span class='ocrx_word' id='word_1_113' title='bbox 339 2336 458 2400; x_wconf 86' lang='lat' dir='ltr'>ficatus</span> <span class='ocrx_word' id='word_1_114' title='bbox 473 2338 578 2401; x_wconf 88' lang='lat' dir='ltr'>nostri</span> <span class='ocrx_word' id='word_1_115' title='bbox 589 2354 678 2406; x_wconf 84' lang='lat' dir='ltr'>anno</span> <span class='ocrx_word' id='word_1_116' title='bbox 691 2340 810 2416; x_wconf 86' lang='lat' dir='ltr'>primo.</span> 
     </span>
    </p>
   </div>
   <div class='ocr_carea' id='block_1_3' title="bbox 648 2524 838 2636">
    <p class='ocr_par' dir='ltr' id='par_1_3' title="bbox 648 2524 838 2636">
     <span class='ocr_line' id='line_1_23' title="bbox 648 2524 838 2636; baseline 0.005 -25"><span class='ocrx_word' id='word_1_117' title='bbox 648 2524 838 2636; x_wconf 84' lang='lat' dir='ltr'>cnxxn</span> 
     </span>
    </p>
   </div>
   <div class='ocr_carea' id='block_1_4' title="bbox 438 2665 1032 2796">
    <p class='ocr_par' dir='ltr' id='par_1_4' title="bbox 438 2665 1032 2796">
     <span class='ocr_line' id='line_1_24' title="bbox 438 2665 1032 2796; baseline 0.01 -34"><span class='ocrx_word' id='word_1_118' title='bbox 438 2702 492 2762; x_wconf 81' lang='lat' dir='ltr'>Ad</span> <span class='ocrx_word' id='word_1_119' title='bbox 504 2702 683 2796; x_wconf 77' lang='lat' dir='ltr'>Alcdrcnm</span> <span class='ocrx_word' id='word_1_120' title='bbox 692 2717 812 2796; x_wconf 73' lang='lat' dir='ltr'>regem</span> <span class='ocrx_word' id='word_1_121' title='bbox 825 2665 1032 2782; x_wconf 56' lang='lat' dir='ltr'>bawariae.</span> 
     </span>
    </p>
   </div>
   <div class='ocr_carea' id='block_1_5' title="bbox 392 2841 1118 3015">
    <p class='ocr_par' dir='ltr' id='par_1_5' title="bbox 392 2841 1118 3015">
     <span class='ocr_line' id='line_1_25' title="bbox 633 2841 1118 2930; baseline 0.01 -30"><span class='ocrx_word' id='word_1_122' title='bbox 633 2841 738 2915; x_wconf 74' lang='lat' dir='ltr'>satan</span> <span class='ocrx_word' id='word_1_123' title='bbox 757 2844 835 2903; x_wconf 78' lang='lat' dir='ltr'>ltll.</span> <span class='ocrx_word' id='word_1_124' title='bbox 1115 2925 1118 2930; x_wconf 20' lang='grc' dir='ltr'><strong><em>Ι</em></strong></span> 
     </span>
     <span class='ocr_line' id='line_1_26' title="bbox 392 2947 1084 3015; baseline 0.006 -16"><span class='ocrx_word' id='word_1_125' title='bbox 392 2947 521 3014; x_wconf 72' lang='lat' dir='ltr'>[Tbeincc</span> <span class='ocrx_word' id='word_1_126' title='bbox 534 2947 699 2999; x_wconf 69' lang='lat' dir='ltr'>documenta</span> <span class='ocrx_word' id='word_1_127' title='bbox 710 2948 853 3013; x_wconf 83' lang='lat' dir='ltr'>llunguria,</span> <span class='ocrx_word' id='word_1_128' title='bbox 866 2953 886 2999; x_wconf 88' lang='lat' dir='ltr'>t.</span> <span class='ocrx_word' id='word_1_129' title='bbox 900 2949 920 3010; x_wconf 92' lang='lat' dir='ltr'>l,</span> <span class='ocrx_word' id='word_1_130' title='bbox 932 2964 957 3015; x_wconf 94' lang='lat' dir='ltr'>p.</span> <span class='ocrx_word' id='word_1_131' title='bbox 968 2948 992 3010; x_wconf 78' lang='lat' dir='ltr'>t,</span> <span class='ocrx_word' id='word_1_132' title='bbox 1009 2964 1035 3001; x_wconf 90' lang='lat' dir='ltr'>n.</span> <span class='ocrx_word' id='word_1_133' title='bbox 1046 2951 1084 3015; x_wconf 75' lang='lat'>51.</span> 
     </span>
    </p>
   </div>
   <div class='ocr_carea' id='block_1_6' title="bbox 338 3089 1132 3166">
    <p class='ocr_par' dir='ltr' id='par_1_6' title="bbox 338 3089 1132 3166">
     <span class='ocr_line' id='line_1_27' title="bbox 338 3089 1132 3166; baseline 0.003 -16"><span class='ocrx_word' id='word_1_134' title='bbox 338 3089 461 3150; x_wconf 84' lang='lat' dir='ltr'>Andreoe</span> <span class='ocrx_word' id='word_1_135' title='bbox 477 3093 515 3160; x_wconf 90' lang='lat' dir='ltr'>ll,</span> <span class='ocrx_word' id='word_1_136' title='bbox 538 3089 602 3164; x_wconf 90' lang='lat' dir='ltr'>regi</span> <span class='ocrx_word' id='word_1_137' title='bbox 618 3090 784 3164; x_wconf 84' lang='lat' dir='ltr'>Hungaria,</span> <span class='ocrx_word' id='word_1_138' title='bbox 804 3097 836 3148; x_wconf 92' lang='lat' dir='ltr'>ut</span> <span class='ocrx_word' id='word_1_139' title='bbox 849 3092 1001 3150; x_wconf 90' lang='lat' dir='ltr'>consilium</span> <span class='ocrx_word' id='word_1_140' title='bbox 1017 3101 1132 3166; x_wconf 89' lang='lat' dir='ltr'>captum</span> 
     </span>
    </p>
   </div>
   <div class='ocr_carea' id='block_1_7' title="bbox 373 3177 1183 3254">
    <p class='ocr_par' dir='ltr' id='par_1_7' title="bbox 373 3177 1183 3254">
     <span class='ocr_line' id='line_1_28' title="bbox 373 3177 1183 3254; baseline -0.001 -16"><span class='ocrx_word' id='word_1_141' title='bbox 373 3181 490 3238; x_wconf 78' lang='lat' dir='ltr'>Terram</span> <span class='ocrx_word' id='word_1_142' title='bbox 505 3179 638 3236; x_wconf 88' lang='lat' dir='ltr'>Sanctam</span> <span class='ocrx_word' id='word_1_143' title='bbox 651 3177 790 3236; x_wconf 90' lang='lat' dir='ltr'>liberandi</span> <span class='ocrx_word' id='word_1_144' title='bbox 809 3183 895 3253; x_wconf 85' lang='lat' dir='ltr'>quant</span> <span class='ocrx_word' id='word_1_145' title='bbox 910 3182 1033 3253; x_wconf 88' lang='lat' dir='ltr'>primurn</span> <span class='ocrx_word' id='word_1_146' title='bbox 1046 3181 1130 3254; x_wconf 62' lang='lat' dir='ltr'>perliss</span> <span class='ocrx_word' id='word_1_147' title='bbox 1147 3221 1148 3224; x_wconf 63' lang='lat'>,</span> <span class='ocrx_word' id='word_1_148' title='bbox 1179 3212 1183 3218; x_wconf 93' lang='lat'><em>·</em></span> 
     </span>
    </p>
   </div>
   <div class='ocr_carea' id='block_1_8' title="bbox 372 3265 1130 3430">
    <p class='ocr_par' dir='ltr' id='par_1_8' title="bbox 372 3265 1130 3430">
     <span class='ocr_line' id='line_1_29' title="bbox 373 3265 1130 3342; baseline 0.003 -16"><span class='ocrx_word' id='word_1_149' title='bbox 373 3268 440 3338; x_wconf 88' lang='lat' dir='ltr'>ciat,</span> <span class='ocrx_word' id='word_1_150' title='bbox 457 3268 541 3339; x_wconf 90' lang='lat' dir='ltr'>eique</span> <span class='ocrx_word' id='word_1_151' title='bbox 553 3265 589 3324; x_wconf 90' lang='lat' dir='ltr'>de</span> <span class='ocrx_word' id='word_1_152' title='bbox 601 3267 744 3339; x_wconf 91' lang='lat' dir='ltr'>proposita</span> <span class='ocrx_word' id='word_1_153' title='bbox 761 3281 812 3325; x_wconf 87' lang='lat' dir='ltr'>sua</span> <span class='ocrx_word' id='word_1_154' title='bbox 826 3268 855 3324; x_wconf 90' lang='lat' dir='ltr'>in</span> <span class='ocrx_word' id='word_1_155' title='bbox 872 3269 1130 3342; x_wconf 87' lang='lat' dir='ltr'>Constantinopoli-</span> 
     </span>
     <span class='ocr_line' id='line_1_30' title="bbox 372 3356 1023 3430; baseline 0.002 -16"><span class='ocrx_word' id='word_1_156' title='bbox 372 3363 472 3415; x_wconf 89' lang='lat' dir='ltr'>tanum</span> <span class='ocrx_word' id='word_1_157' title='bbox 485 3357 687 3429; x_wconf 85' lang='lat' dir='ltr'>imperatorem</span> <span class='ocrx_word' id='word_1_158' title='bbox 702 3356 841 3413; x_wconf 85' lang='lat' dir='ltr'>electione</span> <span class='ocrx_word' id='word_1_159' title='bbox 854 3358 1023 3430; x_wconf 88' lang='lat' dir='ltr'>gratulatur.</span> 
     </span>
    </p>
   </div>
   <div class='ocr_carea' id='block_1_9' title="bbox 252 3506 1129 3587">
    <p class='ocr_par' dir='ltr' id='par_1_9' title="bbox 252 3506 1129 3587">
     <span class='ocr_line' id='line_1_31' title="bbox 252 3506 1129 3587; baseline 0.001 -16"><span class='ocrx_word' id='word_1_160' title='bbox 252 3506 254 3511; x_wconf 78' lang='grc'>’</span> <span class='ocrx_word' id='word_1_161' title='bbox 377 3510 544 3574; x_wconf 90' lang='lat' dir='ltr'>Honorius</span> <span class='ocrx_word' id='word_1_162' title='bbox 554 3509 739 3587; x_wconf 89' lang='lat' dir='ltr'>episcopus,</span> <span class='ocrx_word' id='word_1_163' title='bbox 749 3524 866 3572; x_wconf 88' lang='lat' dir='ltr'>servus</span> <span class='ocrx_word' id='word_1_164' title='bbox 877 3525 1048 3573; x_wconf 84' lang='lat' dir='ltr'>servorum</span> <span class='ocrx_word' id='word_1_165' title='bbox 1059 3511 1129 3586; x_wconf 91' lang='lat' dir='ltr'>Dei,</span> 
     </span>
    </p>
   </div>
   <div class='ocr_carea' id='block_1_10' title="bbox 331 3606 1163 5644">
    <p class='ocr_par' dir='ltr' id='par_1_10' title="bbox 336 3606 1163 3782">
     <span class='ocr_line' id='line_1_32' title="bbox 337 3606 1163 3684; baseline -0.001 -14"><span class='ocrx_word' id='word_1_166' title='bbox 337 3609 512 3670; x_wconf 88' lang='lat' dir='ltr'>carissimo</span> <span class='ocrx_word' id='word_1_167' title='bbox 531 3609 568 3668; x_wconf 90' lang='lat' dir='ltr'>in</span> <span class='ocrx_word' id='word_1_168' title='bbox 587 3607 719 3670; x_wconf 84' lang='lat' dir='ltr'>Christo</span> <span class='ocrx_word' id='word_1_169' title='bbox 732 3606 936 3676; x_wconf 86' lang='lat' dir='ltr'>tilio,illustri</span> <span class='ocrx_word' id='word_1_170' title='bbox 946 3609 1018 3684; x_wconf 91' lang='lat' dir='ltr'>regi</span> <span class='ocrx_word' id='word_1_171' title='bbox 1033 3611 1130 3669; x_wconf 92' lang='lat' dir='ltr'>Hun-</span> <span class='ocrx_word' id='word_1_172' title='bbox 1162 3607 1163 3610; x_wconf 73' lang='grc'>’</span> 
     </span>
     <span class='ocr_line' id='line_1_33' title="bbox 336 3704 605 3782; baseline -0.007 -14"><span class='ocrx_word' id='word_1_173' title='bbox 336 3706 441 3782; x_wconf 89' lang='lat' dir='ltr'>gariae</span> <span class='ocrx_word' id='word_1_174' title='bbox 454 3704 605 3766; x_wconf 89' lang='lat' dir='ltr'>salutem.</span> 
     </span>
    </p>

    <p class='ocr_par' dir='ltr' id='par_1_11' title="bbox 331 3801 1145 5644">
     <span class='ocr_line' id='line_1_34' title="bbox 377 3801 1130 3880; baseline 0.003 -16"><span class='ocrx_word' id='word_1_175' title='bbox 377 3801 439 3864; x_wconf 90' lang='lat' dir='ltr'>Illa</span> <span class='ocrx_word' id='word_1_176' title='bbox 453 3801 641 3864; x_wconf 86' lang='lat' dir='ltr'>dilectionis</span> <span class='ocrx_word' id='word_1_177' title='bbox 653 3801 875 3878; x_wconf 87' lang='lat' dir='ltr'>praerogativa</span> <span class='ocrx_word' id='word_1_178' title='bbox 896 3803 987 3864; x_wconf 91' lang='lat' dir='ltr'>tuam</span> <span class='ocrx_word' id='word_1_179' title='bbox 1010 3819 1130 3880; x_wconf 90' lang='lat' dir='ltr'>perso-</span> 
     </span>
     <span class='ocr_line' id='line_1_35' title="bbox 337 3897 1145 3980; baseline 0.001 -19"><span class='ocrx_word' id='word_1_180' title='bbox 337 3914 414 3961; x_wconf 88' lang='lat' dir='ltr'>nam</span> <span class='ocrx_word' id='word_1_181' title='bbox 434 3897 611 3960; x_wconf 75' lang='lat' dir='ltr'>dileximus</span> <span class='ocrx_word' id='word_1_182' title='bbox 625 3897 786 3960; x_wconf 88' lang='lat' dir='ltr'>hactenus</span> <span class='ocrx_word' id='word_1_183' title='bbox 801 3899 834 3960; x_wconf 94' lang='lat' dir='ltr'>et</span> <span class='ocrx_word' id='word_1_184' title='bbox 847 3899 1026 3976; x_wconf 90' lang='lat' dir='ltr'>diligimus,</span> <span class='ocrx_word' id='word_1_185' title='bbox 1043 3901 1145 3980; x_wconf 78' lang='lat' dir='ltr'>quod¹</span> 
     </span>
     <span class='ocr_line' id='line_1_36' title="bbox 336 3995 1130 4076; baseline 0.004 -19"><span class='ocrx_word' id='word_1_186' title='bbox 336 3996 478 4058; x_wconf 88' lang='lat' dir='ltr'>libenter</span> <span class='ocrx_word' id='word_1_187' title='bbox 492 3995 694 4058; x_wconf 88' lang='lat' dir='ltr'>admittimus</span> <span class='ocrx_word' id='word_1_188' title='bbox 706 4011 822 4072; x_wconf 87' lang='lat' dir='ltr'>preces</span> <span class='ocrx_word' id='word_1_189' title='bbox 832 3996 907 4058; x_wconf 90' lang='lat' dir='ltr'>tuas</span> <span class='ocrx_word' id='word_1_190' title='bbox 923 3998 1130 4076; x_wconf 91' lang='lat' dir='ltr'>inquantum</span> 
     </span>
     <span class='ocr_line' id='line_1_37' title="bbox 335 4093 1130 4170; baseline 0.001 -13"><span class='ocrx_word' id='word_1_191' title='bbox 335 4110 412 4157; x_wconf 90' lang='lat' dir='ltr'>cum</span> <span class='ocrx_word' id='word_1_192' title='bbox 421 4097 488 4157; x_wconf 90' lang='lat' dir='ltr'>Deo</span> <span class='ocrx_word' id='word_1_193' title='bbox 501 4094 534 4155; x_wconf 92' lang='lat' dir='ltr'>et</span> <span class='ocrx_word' id='word_1_194' title='bbox 546 4093 661 4155; x_wconf 90' lang='lat' dir='ltr'>nostra</span> <span class='ocrx_word' id='word_1_195' title='bbox 672 4108 847 4170; x_wconf 90' lang='lat' dir='ltr'>possumus</span> <span class='ocrx_word' id='word_1_196' title='bbox 860 4093 1033 4157; x_wconf 90' lang='lat' dir='ltr'>honestate</span> <span class='ocrx_word' id='word_1_197' title='bbox 1046 4116 1053 4156; x_wconf 75' lang='grc' dir='ltr'><strong>ε</strong></span> <span class='ocrx_word' id='word_1_198' title='bbox 1068 4111 1130 4158; x_wconf 90' lang='lat' dir='ltr'>nec</span> 
     </span>
     <span class='ocr_line' id='line_1_38' title="bbox 334 4189 1130 4280; baseline 0 -25"><span class='ocrx_word' id='word_1_199' title='bbox 334 4195 393 4255; x_wconf 89' lang='lat' dir='ltr'>tua</span> <span class='ocrx_word' id='word_1_200' title='bbox 425 4191 566 4254; x_wconf 89' lang='lat' dir='ltr'>miretur</span> <span class='ocrx_word' id='word_1_201' title='bbox 596 4189 803 4264; x_wconf 84' lang='lat' dir='ltr'>sublimitas,</span> <span class='ocrx_word' id='word_1_202' title='bbox 833 4190 868 4274; x_wconf 90' lang='lat' dir='ltr'>si</span> <span class='ocrx_word' id='word_1_203' title='bbox 895 4207 1130 4280; x_wconf 81' lang='lat' dir='ltr'>usquequaque</span> 
     </span>
     <span class='ocr_line' id='line_1_39' title="bbox 334 4287 1131 4370; baseline 0 -18"><span class='ocrx_word' id='word_1_204' title='bbox 334 4289 500 4370; x_wconf 87' lang='lat' dir='ltr'>precibus,</span> <span class='ocrx_word' id='word_1_205' title='bbox 522 4305 604 4367; x_wconf 89' lang='lat' dir='ltr'>quas</span> <span class='ocrx_word' id='word_1_206' title='bbox 628 4287 849 4369; x_wconf 50' lang='lat' dir='ltr'>nuperssnobis</span> <span class='ocrx_word' id='word_1_207' title='bbox 863 4303 923 4366; x_wconf 90' lang='lat' dir='ltr'>per</span> <span class='ocrx_word' id='word_1_208' title='bbox 943 4290 1019 4351; x_wconf 90' lang='lat' dir='ltr'>tuas</span> <span class='ocrx_word' id='word_1_209' title='bbox 1041 4290 1131 4354; x_wconf 87' lang='lat' dir='ltr'>litte-</span> 
     </span>
     <span class='ocr_line' id='line_1_40' title="bbox 334 4385 1130 4465; baseline 0 -15"><span class='ocrx_word' id='word_1_210' title='bbox 334 4405 391 4451; x_wconf 89' lang='lat' dir='ltr'>ras</span> <span class='ocrx_word' id='word_1_211' title='bbox 403 4385 593 4465; x_wconf 87' lang='lat' dir='ltr'>porrexisti,</span> <span class='ocrx_word' id='word_1_212' title='bbox 608 4386 650 4448; x_wconf 91' lang='lat' dir='ltr'>ad</span> <span class='ocrx_word' id='word_1_213' title='bbox 664 4401 812 4463; x_wconf 74' lang='lat' dir='ltr'>presens</span> <span class='ocrx_word' id='word_1_214' title='bbox 824 4402 891 4447; x_wconf 92' lang='lat' dir='ltr'>non</span> <span class='ocrx_word' id='word_1_215' title='bbox 906 4386 1061 4449; x_wconf 86' lang='lat' dir='ltr'>duximus</span> <span class='ocrx_word' id='word_1_216' title='bbox 1074 4405 1130 4450; x_wconf 88' lang='lat' dir='ltr'>an·</span> 
     </span>
     <span class='ocr_line' id='line_1_41' title="bbox 334 4483 1129 4563; baseline 0 -16"><span class='ocrx_word' id='word_1_217' title='bbox 334 4484 524 4547; x_wconf 85' lang='lat' dir='ltr'>nuendum:</span> <span class='ocrx_word' id='word_1_218' title='bbox 541 4483 698 4561; x_wconf 90' lang='lat' dir='ltr'>quoniam</span> <span class='ocrx_word' id='word_1_219' title='bbox 712 4483 808 4544; x_wconf 88' lang='lat' dir='ltr'>nobis</span> <span class='ocrx_word' id='word_1_220' title='bbox 833 4483 874 4545; x_wconf 90' lang='lat' dir='ltr'>de</span> <span class='ocrx_word' id='word_1_221' title='bbox 890 4483 955 4557; x_wconf 89' lang='lat' dir='ltr'>his,</span> <span class='ocrx_word' id='word_1_222' title='bbox 972 4501 1046 4562; x_wconf 83' lang='lat' dir='ltr'>quae</span> <span class='ocrx_word' id='word_1_223' title='bbox 1067 4501 1129 4563; x_wconf 91' lang='lat' dir='ltr'>pe-</span> 
     </span>
     <span class='ocr_line' id='line_1_42' title="bbox 334 4580 1129 4658; baseline 0.003 -14"><span class='ocrx_word' id='word_1_224' title='bbox 334 4581 505 4652; x_wconf 89' lang='lat' dir='ltr'>tebantur,</span> <span class='ocrx_word' id='word_1_225' title='bbox 526 4580 623 4657; x_wconf 90' lang='lat' dir='ltr'>plene</span> <span class='ocrx_word' id='word_1_226' title='bbox 644 4582 796 4641; x_wconf 87' lang='lat' dir='ltr'>constare</span> <span class='ocrx_word' id='word_1_227' title='bbox 816 4594 882 4641; x_wconf 92' lang='lat' dir='ltr'>non</span> <span class='ocrx_word' id='word_1_228' title='bbox 904 4581 1043 4658; x_wconf 89' lang='lat' dir='ltr'>poterat,</span> <span class='ocrx_word' id='word_1_229' title='bbox 1067 4599 1129 4646; x_wconf 90' lang='lat' dir='ltr'>neo</span> 
     </span>
     <span class='ocr_line' id='line_1_43' title="bbox 335 4675 1129 4756; baseline 0.001 -16"><span class='ocrx_word' id='word_1_230' title='bbox 335 4677 376 4741; x_wconf 92' lang='lat' dir='ltr'>de</span> <span class='ocrx_word' id='word_1_231' title='bbox 395 4675 653 4740; x_wconf 90' lang='lat' dir='ltr'>circumstantiis</span> <span class='ocrx_word' id='word_1_232' title='bbox 672 4677 873 4750; x_wconf 89' lang='lat' dir='ltr'>eorumdem,</span> <span class='ocrx_word' id='word_1_233' title='bbox 897 4695 979 4756; x_wconf 90' lang='lat' dir='ltr'>quas</span> <span class='ocrx_word' id='word_1_234' title='bbox 1000 4678 1036 4740; x_wconf 92' lang='lat' dir='ltr'>in</span> <span class='ocrx_word' id='word_1_235' title='bbox 1061 4679 1129 4742; x_wconf 89' lang='lat' dir='ltr'>illis</span> 
     </span>
     <span class='ocr_line' id='line_1_44' title="bbox 334 4772 1128 4852; baseline -0.003 -12"><span class='ocrx_word' id='word_1_236' title='bbox 334 4774 460 4840; x_wconf 85' lang='lat' dir='ltr'>attendi</span> <span class='ocrx_word' id='word_1_237' title='bbox 481 4772 689 4852; x_wconf 91' lang='lat' dir='ltr'>potissimum</span> <span class='ocrx_word' id='word_1_238' title='bbox 704 4773 885 4850; x_wconf 89' lang='lat' dir='ltr'>oportebat.</span> <span class='ocrx_word' id='word_1_239' title='bbox 908 4777 958 4836; x_wconf 79' lang='lat' dir='ltr'>lix</span> <span class='ocrx_word' id='word_1_240' title='bbox 980 4775 1128 4852; x_wconf 90' lang='lat' dir='ltr'>ipsarum</span> 
     </span>
     <span class='ocr_line' id='line_1_45' title="bbox 334 4871 1128 4950; baseline 0.001 -14"><span class='ocrx_word' id='word_1_241' title='bbox 334 4889 415 4937; x_wconf 86' lang='lat' dir='ltr'>sane</span> <span class='ocrx_word' id='word_1_242' title='bbox 430 4871 617 4950; x_wconf 88' lang='lat' dir='ltr'>accepimus</span> <span class='ocrx_word' id='word_1_243' title='bbox 627 4871 813 4935; x_wconf 89' lang='lat' dir='ltr'>htterarum</span> <span class='ocrx_word' id='word_1_244' title='bbox 823 4873 949 4946; x_wconf 92' lang='lat' dir='ltr'>tenore,</span> <span class='ocrx_word' id='word_1_245' title='bbox 958 4874 1128 4950; x_wconf 89' lang='lat' dir='ltr'>quodcum</span> 
     </span>
     <span class='ocr_line' id='line_1_46' title="bbox 332 4969 1130 5036; baseline -0.004 1"><span class='ocrx_word' id='word_1_246' title='bbox 332 4973 401 5036; x_wconf 88' lang='lat' dir='ltr'>toto</span> <span class='ocrx_word' id='word_1_247' title='bbox 429 4969 594 5033; x_wconf 88' lang='lat' dir='ltr'>desiderio</span> <span class='ocrx_word' id='word_1_248' title='bbox 620 4969 662 5030; x_wconf 88' lang='lat' dir='ltr'>ad</span> <span class='ocrx_word' id='word_1_249' title='bbox 685 4972 797 5034; x_wconf 85' lang='lat' dir='ltr'>Terrae</span> <span class='ocrx_word' id='word_1_250' title='bbox 813 4971 943 5032; x_wconf 85' lang='lat' dir='ltr'>Sanctae</span> <span class='ocrx_word' id='word_1_251' title='bbox 957 4969 1130 5034; x_wconf 90' lang='lat' dir='ltr'>liberatio-</span> 
     </span>
     <span class='ocr_line' id='line_1_47' title="bbox 332 5066 1128 5147; baseline -0.005 -13"><span class='ocrx_word' id='word_1_252' title='bbox 332 5085 409 5134; x_wconf 90' lang='lat' dir='ltr'>nem</span> <span class='ocrx_word' id='word_1_253' title='bbox 428 5069 567 5147; x_wconf 90' lang='lat' dir='ltr'>aspires,</span> <span class='ocrx_word' id='word_1_254' title='bbox 593 5066 724 5130; x_wconf 81' lang='lat' dir='ltr'>firmum</span> <span class='ocrx_word' id='word_1_255' title='bbox 752 5067 899 5130; x_wconf 83' lang='lat' dir='ltr'>habuisti</span> <span class='ocrx_word' id='word_1_256' title='bbox 922 5069 1128 5147; x_wconf 90' lang='lat' dir='ltr'>propositum</span> 
     </span>
     <span class='ocr_line' id='line_1_48' title="bbox 332 5164 1127 5245; baseline -0.001 -15"><span class='ocrx_word' id='word_1_257' title='bbox 332 5168 397 5232; x_wconf 88' lang='lat' dir='ltr'>iter</span> <span class='ocrx_word' id='word_1_258' title='bbox 426 5164 706 5245; x_wconf 78' lang='lat' dir='ltr'>peregrinationis</span> <span class='ocrx_word' id='word_1_259' title='bbox 737 5165 888 5243; x_wconf 86' lang='lat' dir='ltr'>arripere</span> <span class='ocrx_word' id='word_1_260' title='bbox 924 5165 958 5226; x_wconf 92' lang='lat' dir='ltr'>in</span> <span class='ocrx_word' id='word_1_261' title='bbox 986 5165 1127 5229; x_wconf 91' lang='lat' dir='ltr'>termino</span> 
     </span>
     <span class='ocr_line' id='line_1_49' title="bbox 332 5253 1127 5340; baseline -0.005 -10"><span class='ocrx_word' id='word_1_262' title='bbox 332 5265 473 5330; x_wconf 86' lang='lat' dir='ltr'>dillinito</span> <span class='ocrx_word' id='word_1_263' title='bbox 483 5263 519 5326; x_wconf 91' lang='lat' dir='ltr'>in</span> <span class='ocrx_word' id='word_1_264' title='bbox 532 5263 679 5324; x_wconf 84' lang='lat' dir='ltr'>Concilio</span> <span class='ocrx_word' id='word_1_265' title='bbox 689 5262 840 5340; x_wconf 88' lang='lat' dir='ltr'>generali</span> <span class='ocrx_word' id='word_1_266' title='bbox 853 5284 860 5324; x_wconf 74' lang='grc' dir='ltr'>ι</span> <span class='ocrx_word' id='word_1_267' title='bbox 873 5261 931 5324; x_wconf 89' lang='lat' dir='ltr'>sed</span> <span class='ocrx_word' id='word_1_268' title='bbox 948 5253 1072 5324; x_wconf 86' lang='lat' dir='ltr'>arduus</span> <span class='ocrx_word' id='word_1_269' title='bbox 1087 5263 1127 5326; x_wconf 89' lang='lat' dir='ltr'>de</span> 
     </span>
     <span class='ocr_line' id='line_1_50' title="bbox 331 5359 1127 5438; baseline -0.004 -14"><span class='ocrx_word' id='word_1_270' title='bbox 331 5379 417 5426; x_wconf 85' lang='lat' dir='ltr'>novo</span> <span class='ocrx_word' id='word_1_271' title='bbox 437 5377 535 5424; x_wconf 90' lang='lat' dir='ltr'>casus</span> <span class='ocrx_word' id='word_1_272' title='bbox 559 5377 750 5437; x_wconf 81' lang='lat' dir='ltr'>emergens,</span> <span class='ocrx_word' id='word_1_273' title='bbox 764 5359 920 5424; x_wconf 74' lang='lat' dir='ltr'>videlicet</span> <span class='ocrx_word' id='word_1_274' title='bbox 939 5360 1026 5438; x_wconf 91' lang='lat' dir='ltr'>quod</span> <span class='ocrx_word' id='word_1_275' title='bbox 1046 5361 1127 5428; x_wconf 87' lang='lat' dir='ltr'>unt-</span> 
     </span>
     <span class='ocr_line' id='line_1_51' title="bbox 331 5457 1126 5524; baseline -0.005 0"><span class='ocrx_word' id='word_1_276' title='bbox 331 5460 473 5524; x_wconf 84' lang='lat' dir='ltr'>versitas</span> <span class='ocrx_word' id='word_1_277' title='bbox 488 5459 682 5522; x_wconf 89' lang='lat' dir='ltr'>Latinorum</span> <span class='ocrx_word' id='word_1_278' title='bbox 705 5459 741 5520; x_wconf 94' lang='lat' dir='ltr'>in</span> <span class='ocrx_word' id='word_1_279' title='bbox 763 5457 1126 5520; x_wconf 77' lang='lat' dir='ltr'>Graecianommoran-</span> 
     </span>
     <span class='ocr_line' id='line_1_52' title="bbox 332 5555 1126 5644; baseline 0 -24"><span class='ocrx_word' id='word_1_280' title='bbox 332 5556 416 5620; x_wconf 91' lang='lat' dir='ltr'>tium</span> <span class='ocrx_word' id='word_1_281' title='bbox 430 5557 472 5620; x_wconf 88' lang='lat' dir='ltr'>ad</span> <span class='ocrx_word' id='word_1_282' title='bbox 485 5558 518 5622; x_wconf 91' lang='lat' dir='ltr'>te</span> <span class='ocrx_word' id='word_1_283' title='bbox 531 5573 608 5620; x_wconf 87' lang='lat' dir='ltr'>suos</span> <span class='ocrx_word' id='word_1_284' title='bbox 624 5555 759 5620; x_wconf 90' lang='lat' dir='ltr'>nuntios</span> <span class='ocrx_word' id='word_1_285' title='bbox 771 5555 992 5630; x_wconf 88' lang='lat' dir='ltr'>destinarunt,</span> <span class='ocrx_word' id='word_1_286' title='bbox 1007 5556 1043 5618; x_wconf 92' lang='lat' dir='ltr'>in</span> <span class='ocrx_word' id='word_1_287' title='bbox 1057 5557 1126 5644; x_wconf 92' lang='lat' dir='ltr'>im-</span> 
     </span>
    </p>
   </div>
   <div class='ocr_carea' id='block_1_11' title="bbox 950 225 1429 293">
    <p class='ocr_par' dir='ltr' id='par_1_12' title="bbox 950 225 1429 293">
     <span class='ocr_line' id='line_1_53' title="bbox 950 225 1429 293; baseline 0.002 -3"><span class='ocrx_word' id='word_1_288' title='bbox 950 228 1126 293; x_wconf 85' lang='lat' dir='ltr'>HONORII</span> <span class='ocrx_word' id='word_1_289' title='bbox 1148 230 1204 291; x_wconf 92' lang='lat' dir='ltr'><strong>III.</strong></span> <span class='ocrx_word' id='word_1_290' title='bbox 1227 230 1375 292; x_wconf 80' lang='lat' dir='ltr'>OPERA.</span> <span class='ocrx_word' id='word_1_291' title='bbox 1424 225 1429 232; x_wconf 80' lang='grc'><strong>’</strong></span> 
     </span>
    </p>
   </div>
   <div class='ocr_carea' id='block_1_12' title="bbox 1926 240 1989 302">
    <p class='ocr_par' dir='ltr' id='par_1_13' title="bbox 1926 240 1989 302">
     <span class='ocr_line' id='line_1_54' title="bbox 1926 240 1989 302; baseline 0 0"><span class='ocrx_word' id='word_1_292' title='bbox 1926 240 1989 302; x_wconf 67' lang='grc'>224</span> 
     </span>
    </p>
   </div>
   <div class='ocr_carea' id='block_1_13' title="bbox 1189 388 2029 1446">
    <p class='ocr_par' dir='ltr' id='par_1_14' title="bbox 1189 388 2029 1446">
     <span class='ocr_line' id='line_1_55' title="bbox 1189 388 1989 470; baseline 0.014 -18"><span class='ocrx_word' id='word_1_293' title='bbox 1189 391 1377 468; x_wconf 82' lang='lat' dir='ltr'>paraturam</span> <span class='ocrx_word' id='word_1_294' title='bbox 1409 388 1809 469; x_wconf 78' lang='lat' dir='ltr'>constantinopolitanum</span> <span class='ocrx_word' id='word_1_295' title='bbox 1848 395 1897 470; x_wconf 83' lang='lat' dir='ltr'>te,</span> <span class='ocrx_word' id='word_1_296' title='bbox 1914 400 1989 464; x_wconf 52' lang='lat' dir='ltr'>scel</span> 
     </span>
     <span class='ocr_line' id='line_1_56' title="bbox 1189 487 1981 570; baseline 0.013 -21"><span class='ocrx_word' id='word_1_297' title='bbox 1189 487 1333 550; x_wconf 90' lang='lat' dir='ltr'>nobilem</span> <span class='ocrx_word' id='word_1_298' title='bbox 1343 489 1451 551; x_wconf 78' lang='lat' dir='ltr'>virum</span> <span class='ocrx_word' id='word_1_299' title='bbox 1473 487 1625 550; x_wconf 91' lang='lat' dir='ltr'>comitem</span> <span class='ocrx_word' id='word_1_300' title='bbox 1641 489 1981 570; x_wconf 71' lang='lat' dir='ltr'>antissiodorensem,</span> 
     </span>
     <span class='ocr_line' id='line_1_57' title="bbox 1189 585 2029 663; baseline 0.013 -17"><span class='ocrx_word' id='word_1_301' title='bbox 1189 586 1282 647; x_wconf 91' lang='lat' dir='ltr'>tuum</span> <span class='ocrx_word' id='word_1_302' title='bbox 1297 601 1458 658; x_wconf 90' lang='lat' dir='ltr'>socerum,</span> <span class='ocrx_word' id='word_1_303' title='bbox 1476 585 1652 658; x_wconf 88' lang='lat' dir='ltr'>electuros,</span> <span class='ocrx_word' id='word_1_304' title='bbox 1666 588 1861 663; x_wconf 90' lang='lat' dir='ltr'>praedictum</span> <span class='ocrx_word' id='word_1_305' title='bbox 1873 593 1987 656; x_wconf 89' lang='lat' dir='ltr'>termi-</span> <span class='ocrx_word' id='word_1_306' title='bbox 2025 649 2029 656; x_wconf 95' lang='lat'><em>.</em></span> 
     </span>
     <span class='ocr_line' id='line_1_58' title="bbox 1190 683 2007 768; baseline 0.011 -24"><span class='ocrx_word' id='word_1_307' title='bbox 1190 699 1269 744; x_wconf 91' lang='lat' dir='ltr'>num</span> <span class='ocrx_word' id='word_1_308' title='bbox 1293 684 1326 745; x_wconf 92' lang='lat' dir='ltr'>te</span> <span class='ocrx_word' id='word_1_309' title='bbox 1355 683 1540 760; x_wconf 81' lang='lat' dir='ltr'>praevenire</span> <span class='ocrx_word' id='word_1_310' title='bbox 1562 684 1753 761; x_wconf 80' lang='lat' dir='ltr'>compellit:</span> <span class='ocrx_word' id='word_1_311' title='bbox 1782 687 1870 750; x_wconf 90' lang='lat' dir='ltr'>unde</span> <span class='ocrx_word' id='word_1_312' title='bbox 1889 690 2007 768; x_wconf 50' lang='lat' dir='ltr'>nobis,</span> 
     </span>
     <span class='ocr_line' id='line_1_59' title="bbox 1190 779 1987 857; baseline 0.013 -17"><span class='ocrx_word' id='word_1_313' title='bbox 1190 781 1314 849; x_wconf 86' lang='lat' dir='ltr'>eisdem</span> <span class='ocrx_word' id='word_1_314' title='bbox 1349 779 1471 842; x_wconf 84' lang='lat' dir='ltr'>litteris</span> <span class='ocrx_word' id='word_1_315' title='bbox 1503 779 1713 857; x_wconf 86' lang='lat' dir='ltr'>supplicasti,</span> <span class='ocrx_word' id='word_1_316' title='bbox 1749 782 1785 844; x_wconf 90' lang='lat' dir='ltr'>ut</span> <span class='ocrx_word' id='word_1_317' title='bbox 1819 785 1987 850; x_wconf 82' lang='lat' dir='ltr'>universis</span> 
     </span>
     <span class='ocr_line' id='line_1_60' title="bbox 1191 877 1987 956; baseline 0.009 -17"><span class='ocrx_word' id='word_1_318' title='bbox 1191 877 1430 956; x_wconf 84' lang='lat' dir='ltr'>crucesignatis</span> <span class='ocrx_word' id='word_1_319' title='bbox 1444 877 1568 938; x_wconf 88' lang='lat' dir='ltr'>nostris</span> <span class='ocrx_word' id='word_1_320' title='bbox 1582 893 1777 940; x_wconf 89' lang='lat' dir='ltr'>curaremus</span> <span class='ocrx_word' id='word_1_321' title='bbox 1792 881 1912 944; x_wconf 89' lang='lat' dir='ltr'>litteris</span> <span class='ocrx_word' id='word_1_322' title='bbox 1931 885 1987 946; x_wconf 91' lang='lat' dir='ltr'>in-</span> 
     </span>
     <span class='ocr_line' id='line_1_61' title="bbox 1189 975 1988 1060; baseline 0.009 -23"><span class='ocrx_word' id='word_1_323' title='bbox 1189 976 1320 1048; x_wconf 90' lang='lat' dir='ltr'>timare,</span> <span class='ocrx_word' id='word_1_324' title='bbox 1334 975 1366 1036; x_wconf 93' lang='lat' dir='ltr'>te</span> <span class='ocrx_word' id='word_1_325' title='bbox 1377 990 1438 1052; x_wconf 88' lang='lat' dir='ltr'>per</span> <span class='ocrx_word' id='word_1_326' title='bbox 1447 976 1571 1037; x_wconf 89' lang='lat' dir='ltr'>terram</span> <span class='ocrx_word' id='word_1_327' title='bbox 1581 975 1627 1060; x_wconf 34' lang='lat' dir='ltr'>&#39;ad</span> <span class='ocrx_word' id='word_1_328' title='bbox 1638 976 1788 1053; x_wconf 82' lang='lat' dir='ltr'>eJ&#39;usdem</span> <span class='ocrx_word' id='word_1_329' title='bbox 1802 977 1901 1042; x_wconf 89' lang='lat' dir='ltr'>terrae</span> <span class='ocrx_word' id='word_1_330' title='bbox 1913 981 1988 1044; x_wconf 90' lang='lat' dir='ltr'>sub-</span> 
     </span>
     <span class='ocr_line' id='line_1_62' title="bbox 1190 1072 1988 1149; baseline 0.009 -15"><span class='ocrx_word' id='word_1_331' title='bbox 1190 1073 1311 1134; x_wconf 88' lang='lat' dir='ltr'>sidium</span> <span class='ocrx_word' id='word_1_332' title='bbox 1346 1072 1588 1149; x_wconf 85' lang='lat' dir='ltr'>protecturum,</span> <span class='ocrx_word' id='word_1_333' title='bbox 1617 1073 1883 1139; x_wconf 85' lang='lat' dir='ltr'>et&#39;moneremus</span> <span class='ocrx_word' id='word_1_334' title='bbox 1909 1095 1988 1141; x_wconf 93' lang='lat' dir='ltr'>eos-</span> 
     </span>
     <span class='ocr_line' id='line_1_63' title="bbox 1190 1169 1982 1252; baseline 0.01 -21"><span class='ocrx_word' id='word_1_335' title='bbox 1190 1170 1283 1248; x_wconf 86' lang='lat' dir='ltr'>dem,</span> <span class='ocrx_word' id='word_1_336' title='bbox 1317 1169 1353 1232; x_wconf 93' lang='lat' dir='ltr'>ut</span> <span class='ocrx_word' id='word_1_337' title='bbox 1372 1187 1408 1232; x_wconf 88' lang='lat' dir='ltr'>se</span> <span class='ocrx_word' id='word_1_338' title='bbox 1433 1170 1490 1231; x_wconf 90' lang='lat' dir='ltr'>tuo</span> <span class='ocrx_word' id='word_1_339' title='bbox 1515 1171 1721 1232; x_wconf 89' lang='lat' dir='ltr'>commitatui</span> <span class='ocrx_word' id='word_1_340' title='bbox 1749 1173 1982 1252; x_wconf 86' lang='lat' dir='ltr'>adjungentes,</span> 
     </span>
     <span class='ocr_line' id='line_1_64' title="bbox 1189 1267 1987 1350; baseline 0.008 -21"><span class='ocrx_word' id='word_1_341' title='bbox 1189 1268 1298 1330; x_wconf 89' lang='lat' dir='ltr'>tecum</span> <span class='ocrx_word' id='word_1_342' title='bbox 1323 1272 1437 1328; x_wconf 86' lang='lat' dir='ltr'>votum</span> <span class='ocrx_word' id='word_1_343' title='bbox 1461 1267 1739 1345; x_wconf 84' lang='lat' dir='ltr'>peregrinationis</span> <span class='ocrx_word' id='word_1_344' title='bbox 1760 1273 1987 1350; x_wconf 88' lang='lat' dir='ltr'>exsequantur</span> 
     </span>
     <span class='ocr_line' id='line_1_65' title="bbox 1190 1364 1986 1446; baseline 0.009 -20"><span class='ocrx_word' id='word_1_345' title='bbox 1190 1365 1379 1442; x_wconf 85' lang='lat' dir='ltr'>assumptae.</span> <span class='ocrx_word' id='word_1_346' title='bbox 1395 1366 1464 1426; x_wconf 90' lang='lat' dir='ltr'>Nos</span> <span class='ocrx_word' id='word_1_347' title='bbox 1477 1380 1556 1442; x_wconf 89' lang='lat' dir='ltr'>ergo</span> <span class='ocrx_word' id='word_1_348' title='bbox 1569 1364 1610 1427; x_wconf 91' lang='lat' dir='ltr'>de</span> <span class='ocrx_word' id='word_1_349' title='bbox 1623 1367 1682 1428; x_wconf 91' lang='lat' dir='ltr'>tua</span> <span class='ocrx_word' id='word_1_350' title='bbox 1692 1367 1894 1431; x_wconf 87' lang='lat' dir='ltr'>exaltatione</span> <span class='ocrx_word' id='word_1_351' title='bbox 1906 1387 1986 1446; x_wconf 88' lang='lat' dir='ltr'>gau·</span> 
     </span>
    </p>
   </div>
   <div class='ocr_carea' id='block_1_14' title="bbox 1179 1451 1984 1544">
    <p class='ocr_par' dir='ltr' id='par_1_15' title="bbox 1179 1451 1984 1544">
     <span class='ocr_line' id='line_1_66' title="bbox 1179 1451 1984 1544; baseline 0.009 -21"><span class='ocrx_word' id='word_1_352' title='bbox 1179 1463 1315 1536; x_wconf 89' lang='lat' dir='ltr'>dentes,</span> <span class='ocrx_word' id='word_1_353' title='bbox 1333 1462 1434 1539; x_wconf 86' lang='lat' dir='ltr'>atilli</span> <span class='ocrx_word' id='word_1_354' title='bbox 1448 1463 1640 1540; x_wconf 86' lang='lat' dir='ltr'>gratiarum¹</span> <span class='ocrx_word' id='word_1_355' title='bbox 1653 1451 1847 1544; x_wconf 79' lang='lat' dir='ltr'>exhibentes</span> <span class='ocrx_word' id='word_1_356' title='bbox 1866 1467 1984 1530; x_wconf 88' lang='lat' dir='ltr'>multi-</span> 
     </span>
    </p>
   </div>
   <div class='ocr_carea' id='block_1_15' title="bbox 1188 1560 2042 2810">
    <p class='ocr_par' dir='ltr' id='par_1_16' title="bbox 1188 1560 2042 2810">
     <span class='ocr_line' id='line_1_67' title="bbox 1190 1560 1988 1648; baseline 0.006 -26"><span class='ocrx_word' id='word_1_357' title='bbox 1190 1561 1293 1638; x_wconf 87' lang='lat' dir='ltr'>plices</span> <span class='ocrx_word' id='word_1_358' title='bbox 1308 1561 1467 1633; x_wconf 84' lang='lat' dir='ltr'>actiones,</span> <span class='ocrx_word' id='word_1_359' title='bbox 1484 1561 1541 1638; x_wconf 90' lang='lat' dir='ltr'>qui</span> <span class='ocrx_word' id='word_1_360' title='bbox 1559 1560 1602 1622; x_wconf 88' lang='lat' dir='ltr'>ad</span> <span class='ocrx_word' id='word_1_361' title='bbox 1623 1561 1770 1648; x_wconf 82' lang='lat' dir='ltr'>praelatae</span> <span class='ocrx_word' id='word_1_362' title='bbox 1787 1561 1888 1625; x_wconf 80' lang='lat' dir='ltr'>terra</span> <span class='ocrx_word' id='word_1_363' title='bbox 1915 1578 1988 1627; x_wconf 89' lang='lat' dir='ltr'>suc-</span> 
     </span>
     <span class='ocr_line' id='line_1_68' title="bbox 1190 1653 1986 1724; baseline 0.003 -2"><span class='ocrx_word' id='word_1_364' title='bbox 1190 1675 1324 1722; x_wconf 86' lang='lat' dir='ltr'>cursum</span> <span class='ocrx_word' id='word_1_365' title='bbox 1337 1659 1413 1721; x_wconf 91' lang='lat' dir='ltr'>vota</span> <span class='ocrx_word' id='word_1_366' title='bbox 1427 1659 1485 1720; x_wconf 86' lang='lat' dir='ltr'>tua</span> <span class='ocrx_word' id='word_1_367' title='bbox 1498 1674 1542 1720; x_wconf 89' lang='lat' dir='ltr'>ex</span> <span class='ocrx_word' id='word_1_368' title='bbox 1556 1653 1732 1722; x_wconf 86' lang='lat' dir='ltr'>clementia</span> <span class='ocrx_word' id='word_1_369' title='bbox 1743 1676 1813 1722; x_wconf 84' lang='lat' dir='ltr'>suae</span> <span class='ocrx_word' id='word_1_370' title='bbox 1826 1659 1986 1724; x_wconf 88' lang='lat' dir='ltr'>bonitatis</span> 
     </span>
     <span class='ocr_line' id='line_1_69' title="bbox 1190 1755 1986 1834; baseline 0.005 -17"><span class='ocrx_word' id='word_1_371' title='bbox 1190 1755 1360 1834; x_wconf 82' lang='lat' dir='ltr'>praerenit,</span> <span class='ocrx_word' id='word_1_372' title='bbox 1385 1756 1495 1833; x_wconf 90' lang='lat' dir='ltr'>ipsum</span> <span class='ocrx_word' id='word_1_373' title='bbox 1515 1756 1710 1834; x_wconf 87' lang='lat' dir='ltr'>suppliciter</span> <span class='ocrx_word' id='word_1_374' title='bbox 1737 1771 1924 1834; x_wconf 89' lang='lat' dir='ltr'>exoramus,</span> <span class='ocrx_word' id='word_1_375' title='bbox 1946 1761 1986 1822; x_wconf 91' lang='lat' dir='ltr'>ut</span> 
     </span>
     <span class='ocr_line' id='line_1_70' title="bbox 1190 1853 1987 1931; baseline 0.003 -15"><span class='ocrx_word' id='word_1_376' title='bbox 1190 1854 1377 1930; x_wconf 83' lang='lat' dir='ltr'>adjuvando</span> <span class='ocrx_word' id='word_1_377' title='bbox 1398 1853 1514 1914; x_wconf 90' lang='lat' dir='ltr'>eadem</span> <span class='ocrx_word' id='word_1_378' title='bbox 1534 1854 1769 1931; x_wconf 89' lang='lat' dir='ltr'>prosequatur,</span> <span class='ocrx_word' id='word_1_379' title='bbox 1788 1855 1821 1917; x_wconf 90' lang='lat' dir='ltr'>et</span> <span class='ocrx_word' id='word_1_380' title='bbox 1836 1857 1987 1918; x_wconf 88' lang='lat' dir='ltr'>crucesi-</span> 
     </span>
     <span class='ocr_line' id='line_1_71' title="bbox 1189 1950 1987 2028; baseline 0.004 -16"><span class='ocrx_word' id='word_1_381' title='bbox 1189 1951 1317 2028; x_wconf 83' lang='lat' dir='ltr'>gnatos,</span> <span class='ocrx_word' id='word_1_382' title='bbox 1326 1951 1382 2028; x_wconf 92' lang='lat' dir='ltr'>qui</span> <span class='ocrx_word' id='word_1_383' title='bbox 1393 1950 1434 2012; x_wconf 91' lang='lat' dir='ltr'>ad</span> <span class='ocrx_word' id='word_1_384' title='bbox 1447 1951 1633 2028; x_wconf 81' lang='lat' dir='ltr'>saepedictae</span> <span class='ocrx_word' id='word_1_385' title='bbox 1641 1952 1772 2014; x_wconf 76' lang='lat' dir='ltr'>Sancte</span> <span class='ocrx_word' id='word_1_386' title='bbox 1782 1955 1892 2014; x_wconf 80' lang='lat' dir='ltr'>Terrae</span> <span class='ocrx_word' id='word_1_387' title='bbox 1903 1953 1987 2015; x_wconf 89' lang='lat' dir='ltr'>sub-</span> 
     </span>
     <span class='ocr_line' id='line_1_72' title="bbox 1190 2049 1985 2127; baseline 0.003 -17"><span class='ocrx_word' id='word_1_388' title='bbox 1190 2049 1311 2110; x_wconf 92' lang='lat' dir='ltr'>sidium</span> <span class='ocrx_word' id='word_1_389' title='bbox 1330 2049 1482 2114; x_wconf 89' lang='lat' dir='ltr'>terrestri</span> <span class='ocrx_word' id='word_1_390' title='bbox 1500 2049 1745 2126; x_wconf 89' lang='lat' dir='ltr'>proposuerunt</span> <span class='ocrx_word' id='word_1_391' title='bbox 1760 2049 1879 2124; x_wconf 85' lang='lat' dir='ltr'>itinere</span> <span class='ocrx_word' id='word_1_392' title='bbox 1897 2065 1985 2127; x_wconf 92' lang='lat' dir='ltr'>pro-</span> 
     </span>
     <span class='ocr_line' id='line_1_73' title="bbox 1189 2145 1986 2219; baseline 0.004 -13"><span class='ocrx_word' id='word_1_393' title='bbox 1189 2145 1305 2219; x_wconf 85' lang='lat' dir='ltr'>ticisci,</span> <span class='ocrx_word' id='word_1_394' title='bbox 1320 2145 1576 2208; x_wconf 89' lang='lat' dir='ltr'>nostrislitteris</span> <span class='ocrx_word' id='word_1_395' title='bbox 1591 2145 1818 2216; x_wconf 85' lang='lat' dir='ltr'>exhortamur,</span> <span class='ocrx_word' id='word_1_396' title='bbox 1841 2147 1878 2208; x_wconf 89' lang='lat' dir='ltr'>nt</span> <span class='ocrx_word' id='word_1_397' title='bbox 1893 2147 1986 2209; x_wconf 87' lang='lat' dir='ltr'>circa</span> 
     </span>
     <span class='ocr_line' id='line_1_74' title="bbox 1189 2242 1984 2320; baseline 0.003 -16"><span class='ocrx_word' id='word_1_398' title='bbox 1189 2243 1318 2305; x_wconf 89' lang='lat' dir='ltr'>Pascha</span> <span class='ocrx_word' id='word_1_399' title='bbox 1339 2242 1404 2304; x_wconf 90' lang='lat' dir='ltr'>iter</span> <span class='ocrx_word' id='word_1_400' title='bbox 1425 2243 1591 2320; x_wconf 89' lang='lat' dir='ltr'>arripiant</span> <span class='ocrx_word' id='word_1_401' title='bbox 1608 2243 1719 2305; x_wconf 89' lang='lat' dir='ltr'>tecum</span> <span class='ocrx_word' id='word_1_402' title='bbox 1738 2244 1778 2304; x_wconf 92' lang='lat' dir='ltr'>ad</span> <span class='ocrx_word' id='word_1_403' title='bbox 1795 2242 1984 2320; x_wconf 69' lang='lat' dir='ltr'>sepedicta</span> 
     </span>
     <span class='ocr_line' id='line_1_75' title="bbox 1188 2340 1986 2417; baseline 0.003 -15"><span class='ocrx_word' id='word_1_404' title='bbox 1188 2341 1287 2402; x_wconf 89' lang='lat' dir='ltr'>terrae</span> <span class='ocrx_word' id='word_1_405' title='bbox 1300 2340 1484 2402; x_wconf 89' lang='lat' dir='ltr'>subsidium</span> <span class='ocrx_word' id='word_1_406' title='bbox 1497 2340 1688 2417; x_wconf 83' lang='lat' dir='ltr'>protecturi.</span> <span class='ocrx_word' id='word_1_407' title='bbox 1702 2343 1751 2402; x_wconf 85' lang='lat' dir='ltr'>Tu</span> <span class='ocrx_word' id='word_1_408' title='bbox 1766 2356 1847 2416; x_wconf 90' lang='lat' dir='ltr'>ergo</span> <span class='ocrx_word' id='word_1_409' title='bbox 1863 2355 1986 2404; x_wconf 79' lang='lat' dir='ltr'>caveas</span> 
     </span>
     <span class='ocr_line' id='line_1_76' title="bbox 1189 2437 1984 2516; baseline 0.001 -17"><span class='ocrx_word' id='word_1_410' title='bbox 1189 2438 1377 2516; x_wconf 88' lang='lat' dir='ltr'>diligenter,</span> <span class='ocrx_word' id='word_1_411' title='bbox 1390 2453 1433 2500; x_wconf 90' lang='lat' dir='ltr'>ne</span> <span class='ocrx_word' id='word_1_412' title='bbox 1447 2453 1508 2515; x_wconf 91' lang='lat' dir='ltr'>per</span> <span class='ocrx_word' id='word_1_413' title='bbox 1521 2437 1584 2500; x_wconf 90' lang='lat' dir='ltr'>hoc</span> <span class='ocrx_word' id='word_1_414' title='bbox 1598 2441 1710 2500; x_wconf 84' lang='lat' dir='ltr'>Terrae</span> <span class='ocrx_word' id='word_1_415' title='bbox 1727 2439 1857 2500; x_wconf 84' lang='lat' dir='ltr'>Sanctae</span> <span class='ocrx_word' id='word_1_416' title='bbox 1868 2443 1984 2502; x_wconf 87' lang='lat' dir='ltr'>retar-</span> 
     </span>
     <span class='ocr_line' id='line_1_77' title="bbox 1189 2534 1986 2614; baseline 0.003 -16"><span class='ocrx_word' id='word_1_417' title='bbox 1189 2535 1286 2598; x_wconf 89' lang='lat' dir='ltr'>detur</span> <span class='ocrx_word' id='word_1_418' title='bbox 1304 2534 1493 2609; x_wconf 85' lang='lat' dir='ltr'>succursus,</span> <span class='ocrx_word' id='word_1_419' title='bbox 1517 2537 1573 2614; x_wconf 91' lang='lat' dir='ltr'>qni</span> <span class='ocrx_word' id='word_1_420' title='bbox 1592 2535 1697 2598; x_wconf 88' lang='lat' dir='ltr'>multa</span> <span class='ocrx_word' id='word_1_421' title='bbox 1715 2535 1768 2598; x_wconf 91' lang='lat' dir='ltr'>est</span> <span class='ocrx_word' id='word_1_422' title='bbox 1785 2536 1986 2614; x_wconf 86' lang='lat' dir='ltr'>procuratus</span> 
     </span>
     <span class='ocr_line' id='line_1_78' title="bbox 1188 2632 1986 2711; baseline 0.003 -17"><span class='ocrx_word' id='word_1_423' title='bbox 1188 2633 1412 2700; x_wconf 90' lang='lat' dir='ltr'>sollieitudine</span> <span class='ocrx_word' id='word_1_424' title='bbox 1424 2649 1463 2696; x_wconf 87' lang='lat' dir='ltr'>ac</span> <span class='ocrx_word' id='word_1_425' title='bbox 1477 2632 1612 2695; x_wconf 89' lang='lat' dir='ltr'>labore:</span> <span class='ocrx_word' id='word_1_426' title='bbox 1628 2632 1784 2711; x_wconf 90' lang='lat' dir='ltr'>quoniam</span> <span class='ocrx_word' id='word_1_427' title='bbox 1798 2634 1863 2696; x_wconf 91' lang='lat' dir='ltr'>hoc</span> <span class='ocrx_word' id='word_1_428' title='bbox 1875 2633 1911 2695; x_wconf 93' lang='lat' dir='ltr'>in</span> <span class='ocrx_word' id='word_1_429' title='bbox 1921 2633 1986 2697; x_wconf 87' lang='lat' dir='ltr'>Dei</span> 
     </span>
     <span class='ocr_line' id='line_1_79' title="bbox 1188 2721 2042 2810; baseline -0.002 -16"><span class='ocrx_word' id='word_1_430' title='bbox 1188 2721 1360 2806; x_wconf 81' lang='lat' dir='ltr'>offensam,</span> <span class='ocrx_word' id='word_1_431' title='bbox 1374 2729 1678 2808; x_wconf 76' lang='lat' dir='ltr'>apostolicaesedis</span> <span class='ocrx_word' id='word_1_432' title='bbox 1693 2731 1870 2810; x_wconf 87' lang='lat' dir='ltr'>injuriam,</span> <span class='ocrx_word' id='word_1_433' title='bbox 1886 2733 1919 2794; x_wconf 89' lang='lat' dir='ltr'>et</span> <span class='ocrx_word' id='word_1_434' title='bbox 1932 2733 1987 2796; x_wconf 87' lang='lat' dir='ltr'>tui</span> <span class='ocrx_word' id='word_1_435' title='bbox 2038 2786 2042 2792; x_wconf 15' lang='grc' dir='ltr'><em>Α</em></span> 
     </span>
    </p>
   </div>
   <div class='ocr_carea' id='block_1_16' title="bbox 1187 2827 2094 2907">
    <p class='ocr_par' dir='ltr' id='par_1_17' title="bbox 1187 2827 2094 2907">
     <span class='ocr_line' id='line_1_80' title="bbox 1187 2827 2094 2907; baseline 0.001 -17"><span class='ocrx_word' id='word_1_436' title='bbox 1187 2829 1424 2906; x_wconf 88' lang='lat' dir='ltr'>sempiternum</span> <span class='ocrx_word' id='word_1_437' title='bbox 1435 2827 1648 2906; x_wconf 90' lang='lat' dir='ltr'>opprobrium</span> <span class='ocrx_word' id='word_1_438' title='bbox 1658 2827 1879 2892; x_wconf 83' lang='lat' dir='ltr'>redundaret:</span> <span class='ocrx_word' id='word_1_439' title='bbox 1894 2829 1986 2907; x_wconf 92' lang='lat' dir='ltr'>quod</span> <span class='ocrx_word' id='word_1_440' title='bbox 2093 2853 2094 2858; x_wconf 42' lang='lat'>¹</span> 
     </span>
    </p>
   </div>
   <div class='ocr_carea' id='block_1_17' title="bbox 1186 2925 1988 3586">
    <p class='ocr_par' dir='ltr' id='par_1_18' title="bbox 1186 2925 1988 3586">
     <span class='ocr_line' id='line_1_81' title="bbox 1188 2925 1984 3004; baseline 0 -16"><span class='ocrx_word' id='word_1_441' title='bbox 1188 2927 1221 2988; x_wconf 90' lang='lat' dir='ltr'>et</span> <span class='ocrx_word' id='word_1_442' title='bbox 1238 2925 1367 2988; x_wconf 88' lang='lat' dir='ltr'>anobis</span> <span class='ocrx_word' id='word_1_443' title='bbox 1383 2941 1448 2988; x_wconf 91' lang='lat' dir='ltr'>non</span> <span class='ocrx_word' id='word_1_444' title='bbox 1468 2927 1581 3004; x_wconf 87' lang='lat' dir='ltr'>posset</span> <span class='ocrx_word' id='word_1_445' title='bbox 1596 2925 1632 2998; x_wconf 85' lang='lat' dir='ltr'>in</span> <span class='ocrx_word' id='word_1_446' title='bbox 1647 2925 1807 3003; x_wconf 89' lang='lat' dir='ltr'>patientia</span> <span class='ocrx_word' id='word_1_447' title='bbox 1830 2926 1984 2989; x_wconf 88' lang='lat' dir='ltr'>tolerari.</span> 
     </span>
     <span class='ocr_line' id='line_1_82' title="bbox 1189 3022 1985 3100; baseline 0 -15"><span class='ocrx_word' id='word_1_448' title='bbox 1189 3024 1295 3100; x_wconf 87' lang='lat' dir='ltr'>Super</span> <span class='ocrx_word' id='word_1_449' title='bbox 1313 3038 1352 3084; x_wconf 92' lang='lat' dir='ltr'>eo</span> <span class='ocrx_word' id='word_1_450' title='bbox 1366 3039 1456 3096; x_wconf 80' lang='lat' dir='ltr'>sero,</span> <span class='ocrx_word' id='word_1_451' title='bbox 1473 3023 1560 3100; x_wconf 90' lang='lat' dir='ltr'>quod</span> <span class='ocrx_word' id='word_1_452' title='bbox 1584 3022 1624 3084; x_wconf 92' lang='lat' dir='ltr'>da</span> <span class='ocrx_word' id='word_1_453' title='bbox 1638 3038 1742 3100; x_wconf 90' lang='lat' dir='ltr'>regno</span> <span class='ocrx_word' id='word_1_454' title='bbox 1764 3023 1797 3085; x_wconf 92' lang='lat' dir='ltr'>et</span> <span class='ocrx_word' id='word_1_455' title='bbox 1813 3023 1898 3085; x_wconf 91' lang='lat' dir='ltr'>natis</span> <span class='ocrx_word' id='word_1_456' title='bbox 1911 3023 1985 3085; x_wconf 88' lang='lat' dir='ltr'>tuis</span> 
     </span>
     <span class='ocr_line' id='line_1_83' title="bbox 1188 3109 1985 3199; baseline 0.003 -19"><span class='ocrx_word' id='word_1_457' title='bbox 1188 3119 1425 3182; x_wconf 89' lang='lat' dir='ltr'>deliberatione</span> <span class='ocrx_word' id='word_1_458' title='bbox 1440 3119 1578 3199; x_wconf 83' lang='lat' dir='ltr'>provida</span> <span class='ocrx_word' id='word_1_459' title='bbox 1589 3109 1775 3193; x_wconf 85' lang='lat' dir='ltr'>ordinasti,</span> <span class='ocrx_word' id='word_1_460' title='bbox 1793 3120 1985 3183; x_wconf 87' lang='lat' dir='ltr'>exultantes</span> 
     </span>
     <span class='ocr_line' id='line_1_84' title="bbox 1186 3215 1987 3293; baseline 0.001 -14"><span class='ocrx_word' id='word_1_461' title='bbox 1186 3216 1222 3279; x_wconf 93' lang='lat' dir='ltr'>in</span> <span class='ocrx_word' id='word_1_462' title='bbox 1234 3215 1987 3293; x_wconf 86' lang='lat' dir='ltr'>Dominogratiasagimusbonorumomnium</span> 
     </span>
     <span class='ocr_line' id='line_1_85' title="bbox 1187 3314 1988 3392; baseline 0.001 -17"><span class='ocrx_word' id='word_1_463' title='bbox 1187 3315 1349 3391; x_wconf 89' lang='lat' dir='ltr'>largitori,</span> <span class='ocrx_word' id='word_1_464' title='bbox 1366 3330 1463 3392; x_wconf 90' lang='lat' dir='ltr'>aquo</span> <span class='ocrx_word' id='word_1_465' title='bbox 1475 3314 1666 3392; x_wconf 86' lang='lat' dir='ltr'>hujnsmodi</span> <span class='ocrx_word' id='word_1_466' title='bbox 1681 3314 1855 3392; x_wconf 90' lang='lat' dir='ltr'>dispositio</span> <span class='ocrx_word' id='word_1_467' title='bbox 1870 3314 1988 3376; x_wconf 89' lang='lat' dir='ltr'>credi-</span> 
     </span>
     <span class='ocr_line' id='line_1_86' title="bbox 1186 3411 1987 3490; baseline 0.002 -16"><span class='ocrx_word' id='word_1_468' title='bbox 1186 3412 1241 3487; x_wconf 90' lang='lat' dir='ltr'>tur</span> <span class='ocrx_word' id='word_1_469' title='bbox 1268 3412 1472 3490; x_wconf 88' lang='lat' dir='ltr'>provenisse.</span> <span class='ocrx_word' id='word_1_470' title='bbox 1508 3414 1556 3474; x_wconf 90' lang='lat' dir='ltr'>De</span> <span class='ocrx_word' id='word_1_471' title='bbox 1579 3411 1656 3473; x_wconf 91' lang='lat' dir='ltr'>aliis</span> <span class='ocrx_word' id='word_1_472' title='bbox 1680 3411 1842 3489; x_wconf 91' lang='lat' dir='ltr'>equidem,</span> <span class='ocrx_word' id='word_1_473' title='bbox 1866 3428 1942 3488; x_wconf 83' lang='lat' dir='ltr'>quae</span> <span class='ocrx_word' id='word_1_474' title='bbox 1963 3429 1987 3476; x_wconf 91' lang='lat' dir='ltr'>a</span> 
     </span>
     <span class='ocr_line' id='line_1_87' title="bbox 1186 3509 1986 3586; baseline 0 -14"><span class='ocrx_word' id='word_1_475' title='bbox 1186 3509 1281 3572; x_wconf 91' lang='lat' dir='ltr'>nobis</span> <span class='ocrx_word' id='word_1_476' title='bbox 1300 3509 1425 3571; x_wconf 88' lang='lat' dir='ltr'>eisdem</span> <span class='ocrx_word' id='word_1_477' title='bbox 1440 3509 1559 3572; x_wconf 90' lang='lat' dir='ltr'>litteris</span> <span class='ocrx_word' id='word_1_478' title='bbox 1573 3509 1759 3586; x_wconf 90' lang='lat' dir='ltr'>postulasti,</span> <span class='ocrx_word' id='word_1_479' title='bbox 1776 3509 1986 3572; x_wconf 82' lang='lat' dir='ltr'>venerabilis</span> 
     </span>
    </p>
   </div>
   <div class='ocr_carea' id='block_1_18' title="bbox 1184 3607 2094 3866">
    <p class='ocr_par' dir='ltr' id='par_1_19' title="bbox 1184 3607 2094 3866">
     <span class='ocr_line' id='line_1_88' title="bbox 1185 3607 2094 3702; baseline 0.002 -34"><span class='ocrx_word' id='word_1_480' title='bbox 1185 3607 1289 3670; x_wconf 81' lang='lat' dir='ltr'>frater</span> <span class='ocrx_word' id='word_1_481' title='bbox 1312 3607 1425 3669; x_wconf 90' lang='lat' dir='ltr'>noster</span> <span class='ocrx_word' id='word_1_482' title='bbox 1443 3607 1605 3702; x_wconf 86' lang='lat' dir='ltr'>Ostiensis</span> <span class='ocrx_word' id='word_1_483' title='bbox 1632 3607 1818 3684; x_wconf 86' lang='lat' dir='ltr'>episcopus,</span> <span class='ocrx_word' id='word_1_484' title='bbox 1837 3607 1987 3684; x_wconf 81' lang='lat' dir='ltr'>Aposto-</span> <span class='ocrx_word' id='word_1_485' title='bbox 2093 3621 2094 3696; x_wconf 59' lang='lat' dir='ltr'>t</span> 
     </span>
     <span class='ocr_line' id='line_1_89' title="bbox 1185 3701 2094 3800; baseline 0.007 -37"><span class='ocrx_word' id='word_1_486' title='bbox 1185 3705 1364 3800; x_wconf 87' lang='lat' dir='ltr'>licaeSedis</span> <span class='ocrx_word' id='word_1_487' title='bbox 1377 3705 1516 3780; x_wconf 90' lang='lat' dir='ltr'>legatus,</span> <span class='ocrx_word' id='word_1_488' title='bbox 1531 3703 1985 3780; x_wconf 87' lang='lat' dir='ltr'>cumillicvenerit,cognita</span> <span class='ocrx_word' id='word_1_489' title='bbox 2030 3701 2035 3711; x_wconf 90' lang='lat'>&#39;</span> <span class='ocrx_word' id='word_1_490' title='bbox 2093 3749 2094 3752; x_wconf 19' lang='grc' dir='ltr'><strong>κ</strong></span> 
     </span>
     <span class='ocr_line' id='line_1_90' title="bbox 1184 3800 2094 3866; baseline -0.002 -1"><span class='ocrx_word' id='word_1_491' title='bbox 1184 3803 1325 3865; x_wconf 87' lang='lat' dir='ltr'>veritate</span> <span class='ocrx_word' id='word_1_492' title='bbox 1343 3817 1382 3863; x_wconf 91' lang='lat' dir='ltr'>ae</span> <span class='ocrx_word' id='word_1_493' title='bbox 1398 3800 1617 3866; x_wconf 88' lang='lat' dir='ltr'>consideratis</span> <span class='ocrx_word' id='word_1_494' title='bbox 1631 3800 1888 3864; x_wconf 87' lang='lat' dir='ltr'>circumstantiis</span> <span class='ocrx_word' id='word_1_495' title='bbox 1903 3803 1985 3862; x_wconf 90' lang='lat' dir='ltr'>uni-</span> <span class='ocrx_word' id='word_1_496' title='bbox 2093 3841 2094 3852; x_wconf 53' lang='lat'>,</span> 
     </span>
    </p>
   </div>
   <div class='ocr_carea' id='block_1_19' title="bbox 1184 3891 1983 3976">
    <p class='ocr_par' dir='ltr' id='par_1_20' title="bbox 1184 3891 1983 3976">
     <span class='ocr_line' id='line_1_91' title="bbox 1184 3891 1983 3976; baseline -0.005 -14"><span class='ocrx_word' id='word_1_497' title='bbox 1184 3899 1291 3962; x_wconf 83' lang='lat' dir='ltr'>versis</span> <span class='ocrx_word' id='word_1_498' title='bbox 1302 3897 1499 3962; x_wconf 88' lang='lat' dir='ltr'>auctoritate</span> <span class='ocrx_word' id='word_1_499' title='bbox 1510 3899 1625 3960; x_wconf 89' lang='lat' dir='ltr'>nostra</span> <span class='ocrx_word' id='word_1_500' title='bbox 1638 3891 1770 3968; x_wconf 89' lang='lat' dir='ltr'>statuet,</span> <span class='ocrx_word' id='word_1_501' title='bbox 1782 3898 1868 3976; x_wconf 92' lang='lat' dir='ltr'>quod</span> <span class='ocrx_word' id='word_1_502' title='bbox 1877 3900 1983 3974; x_wconf 84' lang='lat' dir='ltr'>Apes·</span> 
     </span>
    </p>
   </div>
   <div class='ocr_carea' id='block_1_20' title="bbox 1183 3995 2094 4072">
    <p class='ocr_par' dir='ltr' id='par_1_21' title="bbox 1183 3995 2094 4072">
     <span class='ocr_line' id='line_1_92' title="bbox 1183 3995 2094 4072; baseline -0.003 -13"><span class='ocrx_word' id='word_1_503' title='bbox 1183 3997 1292 4060; x_wconf 85' lang='lat' dir='ltr'>tolicae</span> <span class='ocrx_word' id='word_1_504' title='bbox 1309 3996 1403 4059; x_wconf 86' lang='lat' dir='ltr'>Sedis</span> <span class='ocrx_word' id='word_1_505' title='bbox 1418 3995 1538 4058; x_wconf 89' lang='lat' dir='ltr'>honori</span> <span class='ocrx_word' id='word_1_506' title='bbox 1548 3995 1581 4057; x_wconf 91' lang='lat' dir='ltr'>et</span> <span class='ocrx_word' id='word_1_507' title='bbox 1594 3996 1660 4058; x_wconf 88' lang='lat' dir='ltr'>tuae</span> <span class='ocrx_word' id='word_1_508' title='bbox 1675 3995 1777 4058; x_wconf 87' lang='lat' dir='ltr'>saluti</span> <span class='ocrx_word' id='word_1_509' title='bbox 1784 3995 1907 4058; x_wconf 77' lang='lat' dir='ltr'>viderit</span> <span class='ocrx_word' id='word_1_510' title='bbox 1921 4011 1981 4056; x_wconf 87' lang='lat' dir='ltr'>ex·</span> <span class='ocrx_word' id='word_1_511' title='bbox 2093 4043 2094 4072; x_wconf 80' lang='lat'>,</span> 
     </span>
    </p>
   </div>
   <div class='ocr_carea' id='block_1_21' title="bbox 1184 4091 1980 4270">
    <p class='ocr_par' dir='ltr' id='par_1_22' title="bbox 1184 4091 1980 4270">
     <span class='ocr_line' id='line_1_93' title="bbox 1184 4091 1980 4172; baseline -0.003 -16"><span class='ocrx_word' id='word_1_512' title='bbox 1184 4095 1309 4172; x_wconf 89' lang='lat' dir='ltr'>pedire.</span> <span class='ocrx_word' id='word_1_513' title='bbox 1332 4094 1451 4155; x_wconf 90' lang='lat' dir='ltr'>Datum</span> <span class='ocrx_word' id='word_1_514' title='bbox 1471 4092 1641 4166; x_wconf 86' lang='lat' dir='ltr'>Laterani,</span> <span class='ocrx_word' id='word_1_515' title='bbox 1658 4094 1704 4156; x_wconf 91' lang='lat'>111</span> <span class='ocrx_word' id='word_1_516' title='bbox 1721 4093 1789 4155; x_wconf 88' lang='lat' dir='ltr'>hal.</span> <span class='ocrx_word' id='word_1_517' title='bbox 1804 4091 1980 4166; x_wconf 77' lang='lat' dir='ltr'>februarii,</span> 
     </span>
     <span class='ocr_line' id='line_1_94' title="bbox 1184 4189 1741 4270; baseline -0.002 -16"><span class='ocrx_word' id='word_1_518' title='bbox 1184 4190 1393 4270; x_wconf 72' lang='lat' dir='ltr'>pontificatus</span> <span class='ocrx_word' id='word_1_519' title='bbox 1407 4190 1513 4254; x_wconf 88' lang='lat' dir='ltr'>nostri</span> <span class='ocrx_word' id='word_1_520' title='bbox 1523 4205 1612 4252; x_wconf 89' lang='lat' dir='ltr'>anno</span> <span class='ocrx_word' id='word_1_521' title='bbox 1622 4189 1741 4267; x_wconf 82' lang='lat' dir='ltr'>primo.</span> 
     </span>
    </p>
   </div>
   <div class='ocr_carea' id='block_1_22' title="bbox 1203 4598 1962 4680">
    <p class='ocr_par' dir='ltr' id='par_1_23' title="bbox 1203 4598 1962 4680">
     <span class='ocr_line' id='line_1_95' title="bbox 1203 4598 1962 4680; baseline -0.004 -19"><span class='ocrx_word' id='word_1_522' title='bbox 1203 4599 1420 4662; x_wconf 71' lang='lat' dir='ltr'>Ad&#39;cbbctem</span> <span class='ocrx_word' id='word_1_523' title='bbox 1430 4599 1465 4661; x_wconf 87' lang='lat' dir='ltr'>et</span> <span class='ocrx_word' id='word_1_524' title='bbox 1477 4599 1690 4680; x_wconf 74' lang='lat' dir='ltr'>concentum</span> <span class='ocrx_word' id='word_1_525' title='bbox 1703 4598 1909 4661; x_wconf 79' lang='lat' dir='ltr'>amnastcrtt</span> <span class='ocrx_word' id='word_1_526' title='bbox 1922 4599 1962 4658; x_wconf 80' lang='lat' dir='ltr'>ta</span> 
     </span>
    </p>
   </div>
   <div class='ocr_carea' id='block_1_23' title="bbox 1430 4697 1736 4759">
    <p class='ocr_par' dir='ltr' id='par_1_24' title="bbox 1430 4697 1736 4759">
     <span class='ocr_line' id='line_1_96' title="bbox 1430 4697 1736 4759; baseline -0.01 0"><span class='ocrx_word' id='word_1_527' title='bbox 1430 4698 1492 4759; x_wconf 85' lang='lat' dir='ltr'>Om</span> <span class='ocrx_word' id='word_1_528' title='bbox 1504 4699 1577 4757; x_wconf 83' lang='lat' dir='ltr'>ord.</span> <span class='ocrx_word' id='word_1_529' title='bbox 1592 4697 1736 4759; x_wconf 74' lang='lat' dir='ltr'>cisterc.</span> 
     </span>
    </p>
   </div>
   <div class='ocr_carea' id='block_1_24' title="bbox 1265 4811 1902 5018">
    <p class='ocr_par' dir='ltr' id='par_1_25' title="bbox 1265 4811 1902 5018">
     <span class='ocr_line' id='line_1_97' title="bbox 1486 4811 1769 4901; baseline 0 -15"><span class='ocrx_word' id='word_1_530' title='bbox 1486 4828 1522 4886; x_wconf 79' lang='grc'>30</span> <span class='ocrx_word' id='word_1_531' title='bbox 1533 4825 1593 4901; x_wconf 78' lang='lat' dir='ltr'>ian.</span> <span class='ocrx_word' id='word_1_532' title='bbox 1607 4825 1686 4886; x_wconf 79' lang='lat' dir='ltr'>lili.</span> <span class='ocrx_word' id='word_1_533' title='bbox 1764 4811 1769 4820; x_wconf 79' lang='grc'><strong>’</strong></span> 
     </span>
     <span class='ocr_line' id='line_1_98' title="bbox 1265 4949 1902 5018; baseline -0.006 -14"><span class='ocrx_word' id='word_1_534' title='bbox 1265 4951 1365 5018; x_wconf 87' lang='lat' dir='ltr'>[Sahm,</span> <span class='ocrx_word' id='word_1_535' title='bbox 1377 4950 1486 5003; x_wconf 84' lang='lat' dir='ltr'>llistorie</span> <span class='ocrx_word' id='word_1_536' title='bbox 1496 4949 1524 5002; x_wconf 79' lang='lat' dir='ltr'>et</span> <span class='ocrx_word' id='word_1_537' title='bbox 1531 4951 1685 5011; x_wconf 82' lang='lat' dir='ltr'>hanamarlr,</span> <span class='ocrx_word' id='word_1_538' title='bbox 1702 4955 1721 5000; x_wconf 89' lang='lat' dir='ltr'>t.</span> <span class='ocrx_word' id='word_1_539' title='bbox 1732 4949 1777 5011; x_wconf 82' lang='lat' dir='ltr'>lx,</span> <span class='ocrx_word' id='word_1_540' title='bbox 1788 4964 1816 5015; x_wconf 91' lang='lat' dir='ltr'>p.</span> <span class='ocrx_word' id='word_1_541' title='bbox 1833 4949 1902 5016; x_wconf 73' lang='lat' dir='ltr'>m]</span> 
     </span>
    </p>
   </div>
   <div class='ocr_carea' id='block_1_25' title="bbox 1228 5108 1927 5185">
    <p class='ocr_par' dir='ltr' id='par_1_26' title="bbox 1228 5108 1927 5185">
     <span class='ocr_line' id='line_1_99' title="bbox 1228 5108 1927 5185; baseline -0.009 -11"><span class='ocrx_word' id='word_1_542' title='bbox 1228 5111 1383 5174; x_wconf 86' lang='lat' dir='ltr'>Contlrmat</span> <span class='ocrx_word' id='word_1_543' title='bbox 1397 5110 1609 5185; x_wconf 85' lang='lat' dir='ltr'>possessionem</span> <span class='ocrx_word' id='word_1_544' title='bbox 1624 5109 1754 5172; x_wconf 81' lang='lat' dir='ltr'>aeclesia</span> <span class='ocrx_word' id='word_1_545' title='bbox 1768 5108 1805 5167; x_wconf 87' lang='lat' dir='ltr'>de</span> <span class='ocrx_word' id='word_1_546' title='bbox 1818 5109 1927 5182; x_wconf 86' lang='lat' dir='ltr'>Weng.</span> 
     </span>
    </p>
   </div>
   <div class='ocr_carea' id='block_1_26' title="bbox 1181 5253 1989 5624">
    <p class='ocr_par' dir='ltr' id='par_1_27' title="bbox 1181 5253 1989 5624">
     <span class='ocr_line' id='line_1_100' title="bbox 1220 5253 1987 5333; baseline -0.01 -12"><span class='ocrx_word' id='word_1_547' title='bbox 1220 5256 1326 5321; x_wconf 85' lang='lat' dir='ltr'>Justis</span> <span class='ocrx_word' id='word_1_548' title='bbox 1341 5255 1521 5333; x_wconf 88' lang='lat' dir='ltr'>petentium</span> <span class='ocrx_word' id='word_1_549' title='bbox 1536 5253 1722 5326; x_wconf 89' lang='lat' dir='ltr'>desideriis,</span> <span class='ocrx_word' id='word_1_550' title='bbox 1740 5255 1805 5315; x_wconf 88' lang='lat' dir='ltr'>etc.</span> <span class='ocrx_word' id='word_1_551' title='bbox 1828 5255 1987 5332; x_wconf 83' lang='lat' dir='ltr'>Eaprop-</span> 
     </span>
     <span class='ocr_line' id='line_1_101' title="bbox 1181 5349 1988 5428; baseline -0.009 -11"><span class='ocrx_word' id='word_1_552' title='bbox 1181 5356 1233 5417; x_wconf 92' lang='lat' dir='ltr'>ter</span> <span class='ocrx_word' id='word_1_553' title='bbox 1246 5353 1359 5416; x_wconf 85' lang='lat' dir='ltr'>dilecti</span> <span class='ocrx_word' id='word_1_554' title='bbox 1373 5353 1409 5414; x_wconf 94' lang='lat' dir='ltr'>in</span> <span class='ocrx_word' id='word_1_555' title='bbox 1419 5352 1560 5428; x_wconf 88' lang='lat' dir='ltr'>Domino</span> <span class='ocrx_word' id='word_1_556' title='bbox 1573 5349 1775 5424; x_wconf 85' lang='lat' dir='ltr'>flhi,vastris</span> <span class='ocrx_word' id='word_1_557' title='bbox 1786 5349 1887 5428; x_wconf 86' lang='lat' dir='ltr'>justis</span> <span class='ocrx_word' id='word_1_558' title='bbox 1898 5366 1988 5427; x_wconf 91' lang='lat' dir='ltr'>pos-</span> 
     </span>
     <span class='ocr_line' id='line_1_102' title="bbox 1181 5447 1984 5526; baseline -0.01 -11"><span class='ocrx_word' id='word_1_559' title='bbox 1181 5450 1399 5516; x_wconf 89' lang='lat' dir='ltr'>tulationibus</span> <span class='ocrx_word' id='word_1_560' title='bbox 1433 5449 1528 5526; x_wconf 88' lang='lat' dir='ltr'>grato</span> <span class='ocrx_word' id='word_1_561' title='bbox 1562 5447 1800 5511; x_wconf 89' lang='lat' dir='ltr'>concurrentes</span> <span class='ocrx_word' id='word_1_562' title='bbox 1821 5461 1984 5521; x_wconf 83' lang='lat' dir='ltr'>assensu,</span> 
     </span>
     <span class='ocr_line' id='line_1_103' title="bbox 1181 5543 1989 5624; baseline -0.01 -11"><span class='ocrx_word' id='word_1_563' title='bbox 1181 5543 1356 5614; x_wconf 85' lang='lat' dir='ltr'>ecclesiam</span> <span class='ocrx_word' id='word_1_564' title='bbox 1378 5547 1419 5612; x_wconf 90' lang='lat' dir='ltr'>de</span> <span class='ocrx_word' id='word_1_565' title='bbox 1432 5550 1540 5624; x_wconf 90' lang='lat' dir='ltr'>Weng</span> <span class='ocrx_word' id='word_1_566' title='bbox 1554 5563 1574 5610; x_wconf 93' lang='lat' dir='ltr'>a</span> <span class='ocrx_word' id='word_1_567' title='bbox 1589 5562 1654 5624; x_wconf 88' lang='lat' dir='ltr'>qua</span> <span class='ocrx_word' id='word_1_568' title='bbox 1675 5545 1823 5610; x_wconf 83' lang='lat' dir='ltr'>restrum</span> <span class='ocrx_word' id='word_1_569' title='bbox 1842 5558 1989 5608; x_wconf 50' lang='lat' dir='ltr'>monae</span> 
     </span>
    </p>
   </div>
   <div class='ocr_carea' id='block_1_27' title="bbox 0 0 2122 6407">
    <p class='ocr_par' dir='ltr' id='par_1_28' title="bbox 0 0 2122 6407">
     <span class='ocr_line' id='line_1_104' title="bbox 0 0 2122 6407; baseline 0 0"><span class='ocrx_word' id='word_1_570' title='bbox 0 0 2122 6407; x_wconf 95' lang='lat' dir='ltr'> </span> 
     </span>
    </p>
   </div>
  </div>
 </body>
</html>
