4214 6400
287 282 346 344 cvl
655 291 656 296 ’
755 274 933 336 HONORII
954 275 1001 335 111
1022 275 1171 337 OPERA.
1188 301 1226 323 -·
1242 275 1477 338 SERMONES.
1884 277 1952 338 312

289 440 386 513 idest,
403 438 438 500 in
450 429 679 500 mansionibus
696 450 770 513 quae
781 436 859 496 suut
872 434 908 495 iu
919 433 1090 496 domoPa-
1142 434 1253 498 cordis
1285 436 1485 499 contritione
1510 435 1623 498 anima
1649 434 1803 512 lavatur;
1820 435 1857 496 in
1879 436 1950 497 oris

288 539 362 611 tris,
388 537 476 598 idest
506 536 541 596 in
570 535 694 596 eterna
721 531 948 595 tabernacula.
979 535 1088 594 Melos
1142 533 1351 596 consessione
1376 549 1474 611 poena
1494 533 1707 595 modificatur
1726 534 1759 595 et
1779 535 1951 610 tempera-

289 637 408 698 cntem
436 638 532 709 foras
551 631 735 704 miserunt,
751 630 847 703 idest,
876 629 911 692 in
931 629 1087 691 tenebras
1143 631 1216 704 tur3
1233 631 1268 691 in
1289 633 1399 708 operis
1425 630 1652 693 satisfactione
1667 631 1800 708 penitus
1817 631 1952 692 relaxa·

290 733 484 802 exteriores,
498 729 595 802 idest,
612 728 647 789 in
670 728 849 790 infernum.
868 727 962 789 Unde
985 730 1090 790 Joan·
1143 729 1209 788 tur.
1225 727 1260 788 ln
1273 729 1380 805 primo
1397 731 1543 790 Lazarus
1557 729 1593 789 in
1609 729 1823 790 monumento
1838 743 1951 790 resur·

290 846 350 894 nes
361 829 508 907 Baptista
525 849 532 887 ε
550 832 654 902 Canus
671 827 902 888 ventilabrum
922 829 960 887 in
981 841 1089 886 anone
1142 826 1206 901 git3
1223 825 1258 886 in
1274 826 1419 888 secundo
1432 826 1473 887 de
1490 827 1703 888 monumento
1719 825 1947 903 torasprodii;

288 945 356 992 sne
377 929 440 999 est,
457 928 491 988 et
509 924 755 1000 remandabit
775 939 898 988 orcum
920 939 1032 994 snam,
1055 924 1090 984 et
1143 923 1178 982 in
1209 923 1308 985 tertio
1342 939 1401 1001 per
1430 923 1620 1000 Apostolos,
1645 923 1805 995 vincula,
1829 922 1951 998 quibus

288 1024 508 1102 congregabit
532 1024 691 1084 triticam
715 1025 754 1083 in
776 1025 943 1084 borremn
972 1036 1086 1092 annm,
1144 1020 1267 1096 ligatus
1293 1022 1376 1092 erat,
1398 1019 1601 1098 deponitis
1627 1021 1735 1099 primo
1764 1020 1949 1082 abomino

287 1123 538 1202 puteosantcm
552 1121 727 1182 cmnbnret
740 1122 820 1194 ipne
834 1117 1090 1193 incontinentem
1143 1117 1268 1196 leprosi
1295 1120 1466 1181 curantur.
1488 1121 1526 1180 In
1549 1118 1695 1179 secundo
1717 1119 1754 1180 ut
1772 1117 1950 1180 ostendant

293 1220 423 1301 (Matth.
449 1234 499 1290 111,
526 1217 590 1296 12).
615 1216 844 1278 ventilabrum
872 1217 923 1278 est
947 1231 1089 1278 examen
1144 1233 1180 1279 se
1194 1216 1438 1289 sacerdotibus,
1457 1215 1710 1278 demandantur.
1733 1218 1769 1276 ln
1789 1216 1891 1278 tertio
1907 1216 1952 1276 ad

291 1317 433 1380 districti
443 1315 575 1394 judicii,
592 1313 678 1392 quod
695 1313 792 1376 estin
813 1311 926 1386 mauu,
940 1313 1036 1386 idest,
1053 1313 1088 1374 in
1145 1316 1254 1376 castra
1271 1312 1313 1374 ab
1327 1313 1410 1390 ipsis
1432 1311 1660 1374 sacerdotibus
1681 1312 1894 1374 revocantur.
1913 1312 1952 1373 si

289 1414 454 1493 potestate
475 1412 610 1484 Christi,
625 1413 662 1474 ut
679 1411 879 1473 misereatur
897 1413 994 1488 cujus
1005 1411 1087 1482 vult,
1144 1428 1224 1488 ergo
1235 1427 1296 1474 nos
1311 1427 1424 1473 sumus
1436 1411 1590 1489 palmites
1600 1410 1725 1483 invite,
1739 1410 1823 1472 illud
1833 1410 1950 1472 vinum

291 1514 324 1576 et
344 1513 399 1574 cui
412 1512 494 1582 vult,
519 1511 552 1572 ei
572 1510 690 1587 puniat
708 1525 805 1587 quem
824 1508 905 1570 vult.
928 1510 1016 1570 Area
1040 1508 1091 1569 est
1144 1510 1240 1571 debet
1255 1525 1274 1570 a
1289 1508 1385 1570 nobis
1399 1508 1577 1585 profluere,
1602 1507 1688 1587 quod
1706 1508 1754 1569 sic
1775 1507 1949 1569 auditores

291 1610 452 1682 Ecclesia,
470 1609 547 1686 quia
561 1608 647 1668 sicut
661 1607 696 1668 in
712 1621 790 1668 area
801 1607 970 1684 ponuntur
983 1621 1089 1682 grana
1144 1605 1297 1679 inebriet,
1311 1609 1346 1668 ut
1359 1605 1488 1668 sobrios
1501 1605 1627 1678 reddat,
1645 1605 1722 1668 etut
1731 1605 1822 1666 calix
1834 1605 1949 1666 noster

290 1724 366 1770 eum
383 1707 502 1786 paleis,
514 1706 560 1769 ita
578 1706 613 1766 in
634 1705 784 1767 Ecclesia
800 1705 878 1765 sunt
896 1704 974 1765 boni
993 1703 1089 1765 mixti
1144 1721 1241 1784 quem
1257 1705 1427 1766 offerimus
1442 1705 1477 1764 in
1489 1705 1598 1776 altari,
1616 1704 1660 1766 sit
1674 1703 1844 1766 inebrians
1856 1703 1889 1764 et
1904 1702 1949 1766 sit

290 1823 367 1868 cum
391 1806 501 1876 malis,
531 1803 617 1866 sicut
634 1803 685 1865 est
705 1801 787 1862 illud
811 1802 900 1864 beati
922 1802 1087 1878 Gregorii.
1144 1802 1452 1880 quampraeclarus.

290 1906 436 1965 «Pauca
451 1887 529 1964 sunt
547 1917 652 1978 grana
665 1916 739 1977 quae
752 1900 883 1960 horreis
900 1899 1086 1971 servantur,
1184 1901 1342 1962 Palmites
1369 1900 1450 1961 sunt
1473 1899 1599 1973 fideles,
1629 1914 1770 1976 quoram
1794 1899 1855 1961 alii
1879 1914 1948 1960 non

290 2001 371 2063 etin
384 1999 606 2060 numerabiles
621 1998 733 2059 acervi
740 1997 925 2074 palearum,
937 1997 993 2074 qui
1007 1997 1090 2072 igni·
1144 1998 1271 2060 iaciunt
1297 1997 1451 2070 tractum,
1483 1997 1542 2058 alii
1574 1996 1702 2058 faciunt
1724 1996 1868 2058 fructum
1886 1996 1954 2057 bo-

290 2097 353 2159 bus
382 2096 631 2160 comburuntur.
656 2111 676 2155 r
699 2094 803 2156 Pauci
827 2094 903 2156 sunt
931 2093 1009 2156 boni
1033 2094 1090 2172 qui
1144 2112 1235 2168 num,
1259 2095 1316 2156 sed
1340 2094 1491 2171 indigent
1518 2094 1727 2172 purgatione,
1759 2093 1838 2171 quia
1864 2095 1948 2156 tunc

290 2195 507 2258 assumuntur
518 2193 721 2269 adreguum,
732 2193 828 2253 multi
840 2195 916 2254 suni
928 2193 1019 2264 mali,
1033 2193 1087 2270 qui
1144 2209 1326 2270 purgamus
1339 2193 1492 2270 palmites
1514 2193 1624 2254 cordis
1643 2193 1750 2254 nostri
1765 2209 1785 2252 a
1803 2191 1895 2254 vitiis
1916 2193 1949 2254 ei

291 2291 573 2356 comburenturin
595 2291 706 2367 ignem
719 2291 892 2363 aternum,
909 2291 987 2368 quia
1003 2290 1091 2351 sicut
1144 2291 1272 2353 nocivis
1296 2289 1553 2366 cogitationibus
1574 2307 1650 2352 cum
1669 2305 1860 2352 resecamus
1883 2290 1949 2350 mi-

290 2391 397 2453 bonus
421 2389 591 2451 laborator
604 2389 789 2457 vinearum,
801 2389 904 2451 mittit
919 2388 1027 2466 capita
1038 2387 1090 2448 vi·
1144 2405 1205 2450 nus
1221 2389 1320 2451 utiles
1335 2404 1395 2466 per
1409 2387 1621 2451 sobrietatem
1636 2387 1786 2450 ciborum
1801 2387 1834 2450 et
1847 2387 1951 2450 absti-

289 2489 371 2551 tium
385 2489 546 2550 subterra
563 2487 603 2548 ad
616 2487 784 2548 iaciendas
799 2486 941 2559 radices,
959 2488 995 2547 ut
1009 2486 1090 2547 mul·
1144 2487 1291 2550 rentiam
1307 2488 1476 2548 vitiorum.
1493 2481 1597 2548 'Unde
1612 2485 1716 2548 isaias
1733 2489 1948 2550 :Circumci-

290 2586 483 2664 tiplicentur
496 2586 592 2657 vites,
605 2584 943 2647 italiominusiirmat
956 2585 1089 2646 sanctos
1144 2587 1212 2647 dite
1227 2588 1332 2648 corda
1359 2585 1489 2656 vestra,
1513 2586 1788 2658 etnoncorporc
1811 2583 1945 2646 cestre.

289 2687 324 2746 et
340 2686 448 2763 justos
462 2684 498 2745 in
513 2683 675 2745 charitate
690 2684 723 2744 et
741 2682 945 2756 fortitudine,
959 2683 995 2744 ut
1011 2698 1091 2760 pos-
1145 2682 1361 2744 Circnmcisio
1381 2682 1491 2744 cordis
1510 2683 1560 2744 est
1581 2682 1713 2760 quando
1737 2682 1836 2743 homo
1865 2697 1955 2742 con-

292 2782 360 2843 sint
378 2781 600 2858 multiplicare
621 2780 656 2840 in
682 2795 820 2841 numero
849 2783 881 2842 ei
896 2781 1089 2858 operatione
1144 2780 1227 2842 tinet
1241 2795 1299 2842 cor
1320 2796 1417 2840 suum
1440 2795 1460 2840 a
1482 2779 1678 2841 crudelitate
1702 2779 1735 2840 et
1750 2779 1899 2841 vanitate
1913 2784 1948 2840 et

289 2879 388 2942 bona.
1145 2878 1241 2939 malis
1266 2877 1538 2955 cogitationibus.
1560 2881 1607 2938 De
1628 2876 1748 2954 quibus
1767 2877 1802 2936 in
1835 2879 1950 2938 Evan-

334 2979 373 3040 nt
396 2976 482 3038 sicut
506 2974 676 3036 laborator
690 2975 863 3037 vinearum
886 2975 989 3052 plicat
1006 2975 1090 3037 vites
1144 2976 1251 3052 gelio:
1268 2980 1317 3037 De
1338 2979 1440 3037 corde
1456 2975 1818 3051 emenntcopitctioncs
1830 2979 1952 3046 mulce,

293 3077 327 3138 et
341 3075 441 3136 mittit
457 3089 514 3134 cas
527 3071 587 3133 sub
600 3074 690 3135 terra
705 3071 746 3132 ad
769 3071 938 3133 iaciendas
960 3071 1090 3134 radices
1144 3073 1524 3145 comminuentem
1542 3070 1672 3151 (Matth.
1691 3088 1748 3146 xv,
1764 3071 1827 3152 19),
1844 3072 1878 3134 et
1891 3073 1947 3133 si·

291 3172 327 3236 ut
342 3169 542 3233 tructiticent
552 3169 648 3241 vites,
664 3169 711 3230 ita
726 3183 788 3230 nos
802 3167 958 3229 debemus
972 3169 1007 3230 in
1022 3171 1092 3231 ter·
1145 3171 1249 3232 milia.
1267 3170 1361 3232 Unde
1380 3171 1505 3232 veritas
1521 3169 1665 3231 ibidem:
1682 3173 1721 3232 Si
1738 3185 1865 3231 manns
1886 3171 1949 3231 tua

291 3285 364 3331 ram
379 3267 505 3344 plicare
519 3266 672 3344 palmites
694 3265 932 3342 cogitationum
958 3267 1091 3328 nostra·
1145 3274 1267 3342 volpes
1277 3270 1358 3329 tnns
1372 3269 1583 3330 scandalizet
1599 3268 1642 3340 te,
1653 3270 1787 3330 amcide
1802 3283 1893 3338 ewn,
1911 3269 1952 3329 et.

288 3383 376 3439 rum,
408 3365 596 3427 reducendo
628 3365 670 3426 ad
701 3363 895 3425 memoriam
921 3364 1090 3440 praetcrita
1142 3370 1277 3442 projice
1291 3369 1351 3428 obs
1363 3366 1396 3427 te
1409 3364 1544 3445 (Matth.
1555 3381 1652 3438 xviii,
1669 3364 1715 3446 8),
1729 3364 1825 3438 idest,
1841 3365 1872 3426 si
1882 3381 1951 3426 ma·

291 3464 438 3542 peccata,
453 3463 602 3525 sicutest
617 3461 698 3522 illud
715 3461 902 3524 Salomonis
915 3478 922 3522 :
934 3465 1012 3534 lili,
1029 3478 1090 3523 re·
1145 3464 1214 3525 lum
1229 3479 1312 3540 opus
1339 3463 1393 3526 vel
1419 3463 1508 3525 mala
1530 3463 1685 3524 voluntas
1706 3463 1947 3526 scandalizat...

288 3565 436 3624 cordare
448 3563 638 3624 normanna
660 3561 730 3631 tuo,
744 3561 777 3621 et
788 3562 827 3621 in
836 3561 1008 3621 aeternnm
1021 3575 1091 3622 non
1145 3563 1272 3623 Bonum
1287 3563 1337 3624 est
1348 3561 1409 3623 tibi
1420 3561 1462 3622 ad
1477 3561 1578 3623 vitam
1594 3561 1725 3638 ingredi
1740 3560 1884 3622 debilem
1894 3561 1950 3622 vei

289 3661 443 3734 peccabis
470 3657 572 3737 (Eccl.
600 3673 665 3729 vn,
691 3655 758 3738 40).
786 3657 826 3719 nt
851 3657 941 3720 bobr
967 3659 1090 3720 Nndns
1145 3659 1310 3732 claudum,
1328 3675 1428 3736 quarn
1443 3659 1529 3720 duas
1542 3675 1660 3720 manus
1676 3660 1734 3720 aut
1748 3659 1830 3720 duos
1846 3657 1947 3736 pedes

292 3770 541 3832 egressilssnm
555 3759 598 3816 dc
612 3757 711 3816 atero
724 3757 851 3816 aratris
865 3769 963 3827 niem,
976 3757 1090 3816 nudus
1145 3756 1320 3818 habentem
1336 3757 1422 3818 mitti
1442 3757 1476 3817 in
1491 3757 1679 3832 gehennam
1694 3757 1793 3832 iguis.

289 3853 455 3915 revertar
464 3855 541 3913 illuc
552 3849 638 3930 (iob.
650 3867 674 3922 1,
683 3850 1090 3929 21).Epressnsdentero
1186 3855 1240 3916 Sic
1255 3855 1355 3916 etiam
1379 3853 1536 3916 debemus
1557 3855 1690 3916 vineam
1709 3853 1819 3916 cordis
1840 3854 1950 3918 nostri

289 3951 325 4012 et
335 3953 512 4025 inpressam
525 3952 562 4009 in
577 3948 759 4016 tumulum,
772 3949 952 4011 novissima
966 3950 1044 4010 sunt
1057 3952 1091 4011 et
1145 3952 1308 4024 excolere,
1325 3953 1362 4013 ut
1375 3966 1583 4030 nequaquam
1598 3952 1669 4030 ipsa
1685 3953 1783 4014 vinea
1799 3967 1874 4029 quaa
1888 3951 1950 4014 de-

290 4046 365 4108 ideo
392 4044 617 4106 memoranda.
647 4045 702 4106 Sic
727 4045 845 4122 plicuit
870 4046 970 4108 vitem
995 4061 1088 4108 suam
1144 4050 1199 4112 bet
1224 4065 1306 4110 uvas
1335 4050 1464 4122 iacere,
1495 4051 1670 4111 labruscas
1681 4050 1817 4111 inutiles
1834 4050 1951 4111 valeat

287 4145 467 4217 Abraham,
482 4143 613 4222 quaudo
628 4142 715 4206 dixit
731 4166 738 4203 :
754 4146 895 4218 muner
907 4147 953 4206 od
967 4149 1087 4207 Doiiti'-
1144 4148 1345 4223 germinare.
1368 4148 1398 4208 N
1402 4163 1444 4208 on
1465 4146 1625 4208 iacientes
1641 4146 1784 4208 fructum
1798 4147 1877 4208 sunt
1893 4145 1946 4206 illi

288 4259 374 4308 nnnc
407 4258 539 4316 meum,
576 4258 655 4304 cnm
689 4245 758 4304 sinc
787 4244 902 4316 palcis
936 4243 969 4304 et
1000 4245 1089 4305 cinis
1145 4246 1201 4322 qui
1222 4260 1289 4306 non
1307 4244 1434 4306 iaciunt
1451 4243 1585 4325 aliquod
1605 4243 1952 4324 opusbonum.Unde

290 4341 386 4420 (Gen.
409 4357 509 4408 xvvn.
532 4339 598 4418 27).
618 4339 674 4402 Sic
695 4338 798 4404 Jacob
824 4340 956 4418 quando
978 4340 1087 4406 dixit:
1144 4341 1285 4418 legimus
1300 4341 1335 4402 in
1351 4341 1544 4418 Evangelio
1559 4341 1646 4422 quod
1657 4341 1816 4404 Dominus
1827 4341 1948 4403 videns

289 4441 408 4500 Minor
428 4453 517 4510 snm,
534 4441 690 4510 Dominae,
709 4441 866 4500 ominibus
885 4441 1088 4500 miseratio·
1144 4439 1298 4501 arhorem
1313 4439 1369 4503 tici
1383 4455 1480 4500 secus
1494 4440 1595 4508 viam,
1612 4439 1698 4500 nihil
1713 4439 1841 4503 invenit
1855 4441 1892 4500 in
1907 4455 1948 4501 ea

290 4539 389 4596 nibeis
416 4536 485 4597 iuis
509 4533 605 4613 (Gen.
624 4551 732 4608 xxm,
750 4536 813 4615 lb).
831 4535 935 4596 David
959 4552 1089 4614 quomis
1145 4538 1211 4600 nisi
1232 4537 1313 4600 lolia
1341 4539 1481 4610 tantum
1509 4553 1576 4600 non
1605 4538 1695 4599 enim
1722 4539 1795 4600 erat
1816 4539 1949 4614 tempus

291 4631 399 4694 dixit:
425 4635 549 4693 Unicus
572 4632 605 4693 et
624 4647 760 4707 pacher
778 4647 856 4693 snm
878 4647 939 4708 epo
954 4632 1023 4712 (Ps.
1037 4636 1090 4706 24,
1145 4637 1279 4708 ficuum,
1291 4635 1324 4696 et
1338 4636 1511 4697 maledixit
1521 4636 1718 4699 eamdicans
1731 4639 1950 4710 :Numquam

292 4729 356 4808 16).
373 4729 475 4791 Beata
491 4729 598 4790 Maria
613 4729 712 4793 etiam
732 4728 852 4805 plicuit
863 4729 964 4792 vitem
981 4747 1087 4799 suam.
1145 4750 1191 4796 eor
1207 4735 1239 4795 ie
1260 4733 1395 4809 [rachis
1410 4735 1576 4795 nascatur
1591 4737 1629 4795 tn
1648 4735 1901 4808 sempiternum
1917 4735 1953 4796 et

289 4827 422 4906 quando
448 4827 564 4889 dixit:
587 4829 675 4889 Ecce
699 4831 823 4889 macida
848 4830 998 4901 omnem,
1027 4829 1089 4900 dat
1143 4833 1304 4894 continuo
1319 4828 1636 4909 ernit(idatth.xx1,
1649 4830 1714 4910 ab).
1735 4830 1827 4894 idem
1841 4831 1951 4907 signi-

293 4929 379 4988 rniln‘
395 4928 737 4989 secundnmocrbmn
753 4926 851 4986 tunm
873 4925 968 5004 (Luc.
985 4941 1008 4999 1,
1022 4925 1088 5006 38).
1146 4928 1264 4994 boatu
1291 4927 1475 5004 perticum
1503 4928 1590 5010 quod
1618 4930 1650 4991 et
1678 4943 1738 5006 per
1764 4928 1949 5006 palmitem.

290 5024 458 5087 micatus
475 5023 601 5084 Paulus
615 5023 784 5100 palmitem
799 5039 894 5086 suum
913 5025 1087 5101 plicuerat,
1145 5027 1231 5087 Nam
1250 5026 1389 5103 quilibet
1414 5025 1522 5088 tidelis
1544 5041 1605 5102 per
1626 5024 1880 5088 similitudinem
1895 5026 1947 5087 est

288 5122 422 5202 quando
446 5121 578 5184 dicebat
593 5143 600 5182 :
615 5125 695 5185 Non
714 5137 794 5184 suna
819 5125 946 5198 diprncs
972 5127 1091 5186 cocart
1145 5123 1253 5185 dictus
1282 5122 1408 5200 palmes
1432 5122 1583 5184 atticus.
1609 5122 1674 5184 Sed
1688 5123 1718 5184 si
1743 5138 1809 5184 nou
1830 5121 1950 5185 iecerit

288 5221 479 5294 Apostolus,
496 5223 578 5295 cnm
594 5221 796 5295 persecutns
807 5235 887 5282 suan
902 5223 1090 5283 Ecclesiam
1145 5219 1300 5290 trucium,
1328 5220 1423 5294 idest,
1438 5236 1521 5297 opus
1541 5220 1675 5288 bouum,
1692 5235 1759 5282 non
1773 5220 1804 5282 ei
1828 5219 1952 5298 prode-

291 5322 356 5382 Dei
371 5318 399 5399 (l
414 5321 488 5381 Gor.
503 5333 560 5391 xv,
574 5316 620 5396 9).
1146 5319 1223 5379 runt
1250 5317 1341 5389 folia,
1362 5319 1450 5381 idest
1473 5333 1595 5382 nomen
1618 5317 1874 5382 christianitatis
1897 5317 1950 5380 vel

332 5418 414 5478 Sunt
437 5418 549 5478 autem
571 5415 723 5494 palmites
750 5415 845 5478 bonae
872 5415 1090 5492 cogitationes
1146 5415 1223 5476 fidei
1244 5416 1357 5488 verba,
1374 5417 1453 5495 quia
1465 5417 1625 5477 Dominus
1640 5413 1817 5478 maledicet
1828 5416 1860 5476 ei
1878 5432 1950 5477 ma-

289 5529 366 5593 quae
381 5516 566 5576 nascuntur
579 5515 619 5576 de
643 5514 842 5576 contritione
868 5513 989 5585 cordis,
1010 5529 1091 5575 con·
1146 5514 1323 5578 ledictione
1344 5515 1514 5593 perpetua,
1531 5517 1564 5577 at
1578 5515 1708 5576 arescet
1731 5529 1852 5592 corpus
1875 5517 1947 5592 ejus

218 5653 219 5656 =
292 5611 439 5676 sessione
472 5613 552 5685 oris,
587 5612 620 5674 et
649 5611 877 5710 satisfactione
901 5611 1022 5690 operis.
1052 5614 1090 5674 In
1120 5677 1123 5684 ,
1146 5613 1180 5674 in
1195 5613 1344 5690 pulvere,
1363 5613 1477 5675 anima
1491 5629 1571 5676 vero
1586 5611 1621 5674 in
1643 5612 1722 5690 igno
1733 5611 1945 5676 cremabitur.
