4234 6408
174 284 234 346 289

178 441 265 522 quod
277 456 378 520 quum
391 439 513 502 dudum
525 439 558 502 te
573 437 615 502 ab
633 435 829 500 haereditate
847 437 905 500 tua
918 438 975 500 lnt-

176 541 267 619 J'uste
281 540 464 617 depulsum,
490 553 529 598 ac
550 536 713 598 bellorum
728 534 821 596 clade
837 551 977 614 quassa-

178 641 260 712 tum,
276 640 312 700 in
325 639 448 700 terram
461 652 556 696 suam
568 635 638 696 tum
653 634 797 713 pietatis,
811 635 881 696 tum
897 651 978 696 een-

180 736 414 813 sanguinitatis
423 735 544 796 intuitu
556 733 977 812 recepisset,'castrumque

180 853 275 899 suum
299 835 339 895 de
365 832 460 894 Kella
478 832 540 894 tibi
559 847 620 910 pre
639 831 716 894 vitae
738 834 803 893 ture
828 831 977 892 subsidio

179 933 395 1008 assignasset,
423 931 572 1009 praestiie
599 945 620 991 a
645 931 679 992 te
704 930 862 1006 primitus
879 933 978 1007 jura·

178 1031 298 1102 mente,
328 1028 414 1106 quod
447 1030 522 1106 pest
554 1028 843 1105 recuperationem
877 1029 978 1090 terrae

177 1130 256 1195 tuae,
274 1128 407 1190 fortuna
436 1126 497 1189 tibi
521 1141 679 1204 prospere
700 1126 880 1199 arridente,
904 1143 981 1188 eas-

178 1229 267 1290 trum
290 1225 372 1287 illud
395 1225 459 1286 sibi
485 1225 678 1287 restitueres
700 1225 773 1286 sine
801 1241 919 1286 mera:
943 1225 980 1286 tu

180 1323 377 1401 recuperata
394 1323 609 1400 ,postmodum
628 1322 718 1386 terra
741 1321 810 1394 tua,
835 1323 980 1384 castrum

180 1422 376 1500 praedictum
406 1421 525 1482 eontra
557 1421 728 1498 preprium
754 1421 980 1497 juramentum

181 1519 344 1590 detinens,
361 1517 403 1578 ad
417 1519 450 1580 te
461 1519 585 1579 asseris
599 1519 778 1595 pertinere,
792 1534 831 1580 ac
844 1519 878 1580 in
891 1518 982 1595 peri-

183 1617 295 1678 culum
319 1617 440 1679 animae
477 1615 543 1678 tuae
579 1614 730 1678 reddere
747 1616 946 1678 contradicis
971 1635 979 1678 ε

180 1715 343 1792 quasdam
367 1713 467 1775 etiam
493 1728 548 1774 res
567 1712 754 1775 immobiles
778 1714 982 1793 pertinentes

183 1813 224 1875 ad
238 1814 385 1875 castrum
397 1811 564 1872 alienasse
582 1812 705 1872 diceris
718 1811 754 1872 in
769 1812 875 1890 ipsius
888 1813 982 1874 ducis

184 1911 415 1989 praejudicium
422 1909 455 1970 et
462 1923 653 1986 gravamen,
666 1912 761 1986 cujus
769 1909 982 1975 alienationis

184 2008 390 2070 contractum
403 2005 605 2068 venerabilis
625 2006 728 2068 irater
743 2007 857 2068 noster
872 2010 982 2068 Gnez·

183 2106 299 2168 nensis
325 2105 596 2182 archiepiscopus
617 2105 732 2166 contra
745 2103 852 2182 ipsius
868 2105 984 2182 prehi-

185 2203 345 2267 bitienem
357 2202 467 2281 minus
479 2202 571 2264 licite
580 2200 744 2264 asseritur
753 2202 981 2264 confirmasse.

64 2331 66 2335 v
185 2301 270 2374 Quia
289 2316 370 2363 vero
391 2301 427 2362 in
445 2299 536 2362 nullo
562 2299 623 2361 tibi
644 2301 859 2368 accresceret,
883 2300 983 2361 immo

186 2400 367 2478 plurimum
386 2398 562 2476 deperiret,
587 2397 627 2470 si,
653 2399 818 2475 praetextu
841 2397 984 2475 alicujus

186 2496 350 2560 commodi
364 2496 568 2574 temporalis,
585 2496 706 2556 animae
720 2495 786 2558 tuae
802 2495 985 2557 incurreris

186 2597 433 2668 detrimentum,
467 2594 674 2656 nobilitatem
697 2595 790 2656 tuam
813 2609 985 2655 monemus

187 2696 222 2756 et
236 2693 454 2756 exhortamur
477 2693 611 2764 attente,
636 2707 697 2769 per
717 2692 907 2769 Apostolica
924 2690 986 2752 tibi

188 2792 312 2870 scripta
331 2790 515 2862 monentes,
546 2791 721 2869 quatenus,
749 2805 792 2850 ne
810 2789 899 2850 idem
918 2789 986 2850 dun

187 2889 265 2953 inde
304 2889 455 2951 incurrat
494 2887 755 2960 incommodum,
781 2887 869 2949 unde
892 2887 988 2948 vide·

188 2988 243 3051 tur
264 2988 436 3066 praemium
456 2986 629 3059 meruisse,
651 2985 825 3063 praelatum
839 2987 986 3047 castrum

188 3103 264 3149 cum
286 3085 439 3148 omnibus
467 3084 677 3163 pertinentiis
702 3085 771 3145 suis
796 3083 860 3145 sibi
886 3083 987 3144 resti-

188 3185 284 3258 tuas,
315 3185 352 3246 ut
383 3183 519 3246 teneris.
546 3181 714 3260 Alioquin,
741 3181 819 3260 quia
845 3181 880 3243 in
910 3184 987 3259 jure

179 3299 251 3345 sue
287 3283 396 3344 eidem
431 3281 507 3342 duci
541 3281 658 3342 deesse
701 3295 769 3342 non
797 3295 984 3358 possumus,

190 3381 276 3442 sicut
310 3379 410 3442 etiam
447 3395 509 3440 nec
538 3378 708 3450 debemus,
744 3377 874 3440 dilectis
907 3377 986 3437 liliis

160 3535 163 3540 .
189 3478 365 3541 scolastice
386 3475 668 3546 wratislaviensi,
685 3475 719 3536 et
737 3474 985 3544 archidiacono,

189 3578 223 3640 et
258 3577 357 3639 Slavo
392 3574 554 3637 canonice
578 3572 853 3635 GracovIensibus
872 3571 988 3634 damus

190 3676 313 3738 nestris
339 3673 459 3736 litteris
493 3673 528 3733 in
550 3671 734 3741 mandatis,
761 3671 798 3732 ut
822 3671 855 3732 te
884 3668 926 3732 ad
954 3668 987 3730 id

190 3788 250 3852 per
273 3787 450 3836 censuram
473 3769 746 3841 ecclesiasticam,
765 3767 988 3844 appellatione

189 3873 328 3943 remota,
340 3869 474 3947 justitia
500 3865 667 3928 mediante
688 3864 898 3942 compellant.
919 3867 989 3925 Da-

188 3971 259 4032 tum
271 3966 438 4037 Laterani,
454 3966 531 4026 VilI
546 3961 707 4025 kalendas
717 3962 842 4036 martii,
854 3961 991 4040 pontiti-

188 4068 284 4130 catus
298 4063 407 4127 nestri
419 4077 510 4126 ,anne
524 4055 643 4140 prime.

368 4299 373 4310 ·
492 4248 695 4337 ccxxiv

191 4435 244 4502 Ad
265 4431 482 4495 scolasticum
513 4428 850 4498 Wretizleeiensem,
875 4427 992 4488 crebi-

232 4533 414 4594 dioeeaum
431 4529 621 4593 sisiacum
640 4527 844 4588 coceineum
860 4526 989 4585 Croco-

233 4631 379 4690 eternas.

477 4779 512 4838 22
530 4778 602 4839 febr.
626 4779 705 4839 latr.

257 4892 387 4962 [Theinen
400 4894 564 4944 Monumenta
575 4893 700 4956 Pelopiae,
713 4899 733 4944 t.
746 4893 766 4954 l,
777 4907 803 4958 p.
816 4893 841 4954 3,
852 4905 880 4944 n⁰
891 4893 928 4957 7,]

194 4995 343 5106 iudicibus
354 5025 516 5095 mandetur,
533 5032 567 5086 ut
585 5025 688 5084 ducem
710 5026 747 5086 de
763 5026 842 5086 llalis
857 5027 893 5085 ad
908 5029 991 5088 resti-

231 5119 368 5180 tuendum
386 5120 512 5180 cestrum
530 5113 567 5172 de
592 5114 672 5172 Ketis
695 5114 760 5174 duci
786 5115 894 5174 silesia
912 5129 991 5174 cem·

231 5210 348 5285 pellant.

236 5331 404 5398 Honorius
422 5329 597 5408 episcopus
615 5327 706 5391 etc...
724 5326 854 5390 dilectis
875 5329 992 5392 filiis...

198 5435 373 5496 scolastice
392 5426 675 5500 wratislaviensi,
701 5425 736 5488 et
759 5426 994 5493 archidiacone

199 5532 233 5594 et
257 5533 356 5594 Slave
379 5527 542 5591 canonico
576 5523 865 5599 cracoviensibus,
899 5525 994 5588 salu-

198 5631 371 5704 tem,etc...
388 5625 546 5705 Exposita
561 5623 657 5687 nobis
670 5623 784 5686 dilecti
799 5621 860 5685 lilii
875 5624 996 5687 nobilis

346 5800 460 5844 vernon.
480 5799 555 5844 reue
574 5787 611 5843 ll.

811 277 1040 340 EPISTOLAE.
1064 277 1143 337 LlB.
1167 278 1191 336 Ι.

1769 279 1829 340 290

1029 437 1095 500 viri
1112 437 1153 500 Η.
1176 436 1270 501 ducis
1298 435 1426 504 elleste
1449 437 1643 516 conquestio
1669 439 1826 518 patefecit

1032 536 1116 614 qnod
1137 551 1238 613 quum
1262 535 1385 596 dudum
1404 535 1548 598 nobilem
1572 537 1680 600 virum
1694 541 1747 601 W.
1762 540 1827 601 du-

1031 649 1103 696 cem
1123 633 1163 696 de
1182 633 1277 696 Kalis
1292 635 1333 695 ab
1349 634 1542 696 haereditaie
1558 651 1618 697 sua
1638 637 1760 715 injuste
1775 639 1830 703 de·

1032 732 1175 810 pulsum,
1198 748 1238 793 ac
1262 732 1426 794 bellorum
1455 733 1548 795 clade
1575 737 1767 811 quassatum
1791 737 1826 799 in

1032 831 1157 892 terram
1172 846 1266 892 suam
1281 831 1351 892 tum
1368 829 1511 908 pietatis,
1530 833 1600 893 tum
1626 836 1830 912 consangui-

1033 929 1147 992 nitatis
1162 928 1285 992 intuitu
1299 930 1491 1006 recepisset,
1509 931 1719 1008 castrumque
1732 949 1828 996 suum

1034 1027 1074 1090 de
1096 1027 1190 1088 Italis
1213 1027 1276 1088 sibi
1296 1043 1355 1105 pre
1376 1027 1454 1088 vitae
1477 1043 1548 1089 suae
1575 1029 1723 1092 subsidio
1747 1033 1830 1094 assi·

1034 1124 1331 1203 guassetprestuo
1339 1124 1458 1202 abipso
1466 1125 1620 1202 primitus
1626 1129 1828 1204 juramento,

1034 1224 1121 1301 qued
1135 1224 1209 1300 post
1232 1223 1518 1299 recuperationem
1541 1225 1640 1286 terrae
1664 1241 1745 1296 strae,
1762 1227 1832 1289 ior-

1034 1324 1115 1384 tuna
1129 1321 1194 1382 sibi
1213 1335 1371 1398 prospere
1391 1321 1570 1394 arridente,
1585 1322 1731 1385 castrum
1748 1325 1830 1387 illud

1036 1420 1100 1482 sibi
1114 1419 1303 1480 restitueret
1317 1419 1390 1479 sine
1405 1433 1497 1479 mera
1512 1429 1525 1478 τ’
1536 1419 1618 1496 ipse,
1636 1423 1832 1500 recuperata

1036 1517 1244 1595 postmodum
1267 1516 1452 1588 terrama,
1477 1519 1623 1578 oestrum
1638 1520 1832 1595 praedictum

1037 1617 1152 1678 centra
1167 1614 1338 1692 preprium
1362 1614 1514 1676 detinens
1534 1617 1772 1692 Juramentum,
1790 1619 1832 1681 ad

1037 1729 1072 1775 se
1089 1713 1209 1775 asserit
1222 1712 1399 1790 pertinere,
1416 1729 1456 1774 ac
1471 1713 1506 1773 in
1517 1714 1701 1789 periculum
1713 1717 1834 1780 animae

1037 1827 1107 1873 suaa
1136 1811 1275 1873 reddere
1303 1810 1510 1872 contradicit.
1544 1812 1708 1884 Quasdam
1733 1815 1834 1876 etiam

1038 1925 1091 1972 res
1106 1909 1290 1971 immobiles
1312 1908 1515 1985 pertinentes
1531 1909 1571 1969 ad
1587 1911 1733 1973 castrum
1746 1912 1834 1975 alie-

1038 2023 1137 2070 nasse
1151 2007 1274 2068 dicitur
1288 2005 1323 2070 in
1338 2006 1443 2082 ipsius
1454 2005 1546 2068 ducis
1559 2009 1790 2086 praejudicime
1802 2011 1836 2074 et

1038 2121 1229 2182 gravamen,
1260 2106 1355 2181 eujus
1387 2103 1600 2166 alienationis
1629 2107 1835 2170 contractum

1038 2202 1240 2265 venerabilis
1253 2201 1356 2266 irater
1370 2203 1484 2264 nester
1493 2204 1695 2266 Gneznensis
1709 2205 1837 2268 archie-

1039 2302 1194 2380 piscopus
1210 2302 1325 2363 centra
1334 2301 1441 2377 ipsius
1452 2300 1712 2377 prohibitionem
1724 2304 1835 2366 minus

1039 2400 1130 2462 licite
1151 2399 1312 2460 asseritur
1331 2398 1559 2462 confirmasse.
1589 2400 1674 2473 Quia
1695 2418 1775 2466 vere
1799 2403 1835 2464 in

1039 2497 1130 2560 nulle
1147 2495 1212 2558 sibi
1231 2497 1447 2568 accresceret,
1465 2497 1564 2558 imme
1582 2497 1761 2574 plurimum
1779 2499 1839 2564 de-

1040 2595 1174 2676 periret,
1190 2592 1403 2671 si‚praetextu
1418 2593 1560 2672 alleujus
1577 2596 1740 2658 commodi
1752 2598 1839 2660 tem-

1040 2693 1176 2776 poralis,
1202 2691 1322 2754 animae
1345 2707 1414 2752 suae
1445 2691 1633 2754 incurreret
1658 2693 1839 2758 detrimen-

1040 2793 1121 2864 tum,
1138 2789 1246 2855 eidem
1262 2789 1337 2852 duci
1357 2789 1481 2852 nostris
1500 2789 1622 2852 litteris
1637 2790 1788 2856 dedimus
1802 2795 1839 2858 in

1041 2890 1216 2961 mandatis,
1232 2888 1268 2950 ut
1283 2903 1325 2950 ne
1342 2885 1429 2948 idem
1449 2887 1517 2949 dux
1531 2887 1609 2950 inde
1622 2887 1771 2961 incurrat
1784 2893 1840 2954 in-

1041 2987 1259 3058 commedum,
1282 2985 1318 3049 in
1342 3001 1406 3064 que
1430 2985 1561 3050 videtur
1575 2989 1749 3066 praemium
1767 3007 1839 3054 me-

1040 3087 1165 3160 ruisse;
1189 3086 1335 3149 castrum
1357 3100 1432 3146 cum
1453 3083 1604 3148 omnibus
1626 3087 1836 3164 pertiuentiIs

1042 3187 1111 3251 suis
1124 3183 1189 3246 sibi
1202 3181 1556 3255 restituatuttenetur.
1570 3183 1739 3262 Alioquin,
1751 3187 1838 3266 quod

1041 3283 1165 3361 injure
1189 3295 1249 3342 suo
1277 3280 1384 3346 eidem
1406 3279 1481 3340 duci
1506 3280 1622 3343 deesse
1644 3299 1841 3360 nonpossu-

1042 3379 1228 3452 messioni
1247 3377 1348 3439 etiam
1366 3393 1432 3438 non
1455 3376 1623 3455 debemus,
1647 3379 1840 3444 discretioni

1041 3479 1162 3540 vestrae
1183 3490 1243 3553 per
1266 3473 1455 3552 apostolica
1478 3475 1602 3552 scrtpta
1632 3478 1839 3553 mandamus,

1044 3575 1216 3659 quatenus,
1231 3572 1260 3633 si
1273 3571 1380 3634 dictus
1400 3571 1469 3633 dux
1483 3572 1674 3636 mandatum
1691 3577 1842 3640 nestrum

1043 3670 1230 3750 neglexerit
1249 3668 1442 3756 adimplere,
1469 3685 1528 3732 ves
1554 3687 1630 3732 eum
1658 3672 1699 3734 ad
1728 3673 1762 3734 id
1782 3691 1841 3752 per

1044 3786 1219 3834 censuram
1240 3766 1513 3841 ecclesiasticam,
1537 3769 1760 3848 appellatione
1781 3789 1841 3834 re-

1044 3869 1144 3938 mota,
1163 3865 1294 3946 justitia
1321 3865 1497 3938 mediante,
1527 3867 1664 3944 cogatis.
1690 3871 1781 3942 Quod
1812 3871 1842 3934 si

1044 3981 1169 4039 omnes,
1185 3965 1249 4026 due
1266 3965 1424 4039 vestrum,
1435 3965 1522 4026 etc...
1537 3967 1657 4028 Datum
1672 3969 1839 4044 Laterani,

1044 4068 1119 4130 VIII
1132 4063 1293 4126 kalendas
1308 4063 1422 4124 martii
1432 4077 1520 4125 anne
1533 4065 1652 4142 primo.
1764 4073 1768 4081 ·

1330 4280 1552 4368 CCXXXVI

1134 4508 1186 4568 Ad
1199 4504 1453 4566 recentarium
1466 4506 1587 4568 Fontis
1599 4508 1750 4570 libreldt.

1330 4662 1367 4720 24
1385 4660 1455 4720 febr.
1478 4663 1557 4728 1217.

1078 4787 1192 4854 [Niquet
1202 4787 1313 4840 Histoire
1328 4786 1358 4837 de
1372 4785 1468 4838 lOrdre
1479 4787 1509 4837 de
1520 4787 1694 4850 Fentrereelt,
1707 4807 1731 4856 p.
1744 4792 1813 4860 lit]

1047 4923 1220 4984 blenesterie
1235 4921 1333 4980 Fontis
1351 4921 1466 4980 Ebraldi
1487 4921 1624 4994 redditus,
1647 4928 1844 4998 possessiones

1083 5027 1118 5070 ec
1130 5011 1287 5080 libertates,
1299 5025 1371 5083 ques
1385 5011 1477 5067 eidem
1489 5011 1573 5069 elarae
1589 5027 1675 5070 ment.
1686 5015 1845 5076 Richardus

1081 5115 1134 5159 rex
1146 5099 1260 5174 Angites
1277 5100 1323 5172 pia
1344 5099 1514 5164 liberalitate
1528 5101 1661 5172 contulit,
1676 5105 1844 5164 auctoritate

1083 5188 1246 5262 Apostolos
1261 5185 1420 5248 confirmat.

1088 5333 1193 5398 iustis
1215 5331 1397 5410 petentium
1425 5332 1601 5395 desiderils
1627 5335 1763 5414 dignum
1795 5343 1847 5405 est

1050 5449 1111 5498 nes
1125 5431 1256 5494 facilem
1269 5429 1419 5510 praebere
1433 5447 1619 5505 assensum,
1637 5437 1670 5498 et
1680 5435 1757 5500 veta
1772 5455 1847 5517 qus

1050 5530 1231 5595 arationis
1251 5530 1385 5592 tramite
1408 5545 1475 5592 nen
1498 5529 1703 5604 discordant,
1724 5535 1846 5600 effectu

1050 5629 1271 5708 prosequente
1293 5628 1469 5707 complere.
1496 5631 1688 5708 eapropter,
1717 5633 1846 5700 dilectae

1611 5791 1652 5848 le.
