4234 6408
168 233 230 294 11
294 187 297 191 ’

168 385 427 467 parapostolica
444 385 566 462 scripta
585 385 791 457 mandamns,
809 387 970 462 quatenus

172 489 208 548 in
223 483 411 562 adoptionis
427 483 528 544 fillam
544 483 755 558 recipientes,
771 499 850 557 erga
866 483 971 560 ipsam

167 584 269 664 juxta
301 582 404 645 vestri
442 579 568 641 ordinis
601 580 752 640 instituta
789 581 970 640 maximum

173 681 342 752 affectum,
363 679 397 740 et
419 678 572 738 effectum
597 677 637 738 de
652 679 761 739 cetero
777 693 893 752 gerere
907 679 972 739 stn-

173 779 292 849 deatis,
318 779 354 838 ut
376 776 460 854 ipsa,
491 776 630 837 Domino
654 776 844 852 adjuvante,
871 775 972 850 spiri·

173 875 319 938 tualibus
358 873 511 951 proficiat
545 872 773 944 incrementis
811 875 844 932 et
875 872 971 933 bonis

174 971 412 1050 temporalibus
434 971 597 1046 augeatur
621 987 629 1024 :
654 986 777 1047 vosque
797 970 883 1046 apud
905 973 973 1030 Do-

174 1072 302 1132 minum
317 1069 483 1139 meritum,
509 1067 687 1129 etlaudem
712 1067 798 1144 apud
820 1067 971 1128 homines

173 1168 384 1245 comparetis.
397 1167 515 1228 Datum
526 1165 693 1238 Laterani,
707 1166 969 1242 nonisjanuarii‚

174 1264 385 1344 pontificatus
401 1263 505 1325 nostri
518 1278 605 1324 anno
620 1263 737 1339 primo.

506 1431 640 1518 CXXV

172 1604 228 1662 Ad
264 1603 448 1674 episcopos,
483 1601 631 1668 abbates,
652 1603 793 1674 priores
822 1601 854 1660 ct
887 1603 972 1661 ulios

211 1699 377 1774 1111111111
396 1701 620 1759 ecclesiaram
642 1712 708 1771 per·
731 1699 972 1758 Letnbnrttiont

215 1800 419 1857 ttnircrsant
438 1796 651 1856 constitutos.

478 1906 566 1978 ljan.
586 1908 663 1964 1217.

323 2031 441 2096 [llgbelli
454 2031 527 2080 ltalia
537 2044 617 2088 sacra,
629 2035 649 2080 t.
665 2031 706 2088 lv,
718 2045 744 2096 p.
756 2031 821 2094 1111]Ι

172 2147 302 2216 Mandat,
327 2155 358 2206 nt
374 2149 522 2204 invasores
545 2153 573 2204 et
599 2147 795 2204 molestatores
814 2154 972 2202 ccttvontus

211 2237 248 2294 de
267 2235 460 2304 bicrimundo,
486 2236 601 2294 Cisterc.
625 2235 698 2304 ord,
724 2235 855 2292 lfedicla.
874 2235 970 2304 dioec,

211 2327 341 2383 censuris
356 2325 556 2382 ecclesiasticis
564 2331 757 2396 compescant.

215 2451 384 2513 Honorius
394 2452 579 2528 episcopus,
591 2466 706 2510 servus
717 2465 888 2510 servorum
900 2451 969 2522 Dei,

174 2548 422 2610 venerabilibus
435 2547 593 2608 fratribus
607 2547 783 2623 episcopis,
797 2547 828 2608 et
842 2547 972 2607 dilectis

174 2647 256 2706 filiis
271 2645 457 2714 abbatibus,
477 2644 644 2722 prioribus
664 2645 697 2706 et
716 2644 793 2704 aliis
812 2645 974 2704 ecclesia-

175 2760 251 2804 rum
272 2743 431 2819 praelatis
445 2759 503 2819 per
529 2741 759 2802 Lombardiam
781 2742 971 2801 nniversam

175 2839 377 2910 constitutis,
407 2839 547 2900 salutem
572 2839 605 2899 et
630 2837 847 2914 apostolicam
870 2837 973 2897 bene·

177 2938 366 2999 dictionem.

218 3037 292 3096 Non
320 3035 443 3112 absque
467 3035 580 3096 dolore
613 3035 740 3103 cordis,
770 3034 803 3095 et
829 3033 971 3111 plurima

176 3131 367 3194 turbatione
387 3132 572 3203 didicimus
592 3133 677 3209 quod
694 3133 740 3194 ita
755 3133 789 3192 in
805 3132 972 3209 plerisque

176 3230 325 3308 partibus
347 3230 573 3291 ecclesiastica
601 3246 742 3290 censura
767 3230 970 3299 dissolvitur,

176 3329 210 3390 et
225 3328 394 3389 canonicae
414 3328 586 3389 sententiae
602 3329 761 3388 severitas
781 3327 970 3398 enervatur,

177 3426 214 3487 ut
227 3425 292 3486 viri
307 3424 467 3500 religiosi,
483 3426 554 3486 etii
570 3424 725 3492 maxime,
742 3425 797 3500 qui
813 3424 972 3500 persedis

177 3521 376 3599 apostolicae
398 3521 584 3598 privilegia,
615 3521 733 3598 majori
755 3520 868 3581 donati
897 3520 973 3580 sunt

178 3620 342 3692 libertate,
359 3620 481 3695 passim
501 3635 521 3680 a
543 3618 811 3680 malefactoribus
835 3618 903 3678 suis
919 3619 974 3677 in-

173 3718 283 3795 jurias
299 3717 495 3788 sustineant,
517 3717 549 3776 et
570 3716 719 3791 rapinas,
743 3715 819 3774 dum
841 3714 899 3774 vix
921 3714 974 3773 in-

177 3812 320 3883 venitur,
343 3814 398 3888 qui
417 3827 563 3884 congrua
583 3809 650 3869 illis
674 3809 876 3884 protectione
895 3808 974 3868 suh-

177 3911 300 3981 reniat,
336 3911 368 3969 et
405 3923 463 3983 pro
490 3905 630 3966 fovenda
665 3920 848 3980 pauperum
879 3905 974 3967 inno·

177 4008 303 4078 centia,
330 4021 365 4066 se
393 4019 524 4066 murum
558 4001 759 4064 defensionis
792 4005 936 4079 opponat
963 4025 970 4064 :

177 4099 369 4182 specialiter
383 4101 494 4162 antem
510 4100 621 4162 dilecti
634 4101 706 4172 filii,
724 4100 836 4172 abbas,
853 4102 973 4162 11111-

176 4203 297 4262 ventus
309 4199 577 4269 debforimundO,
591 4199 819 4260 cisterciensis
832 4199 970 4270 ordinis,

174 4298 434 4360 Mediolanensis
442 4297 605 4368 dioecesis,
618 4298 684 4357 tam
695 4296 736 4358 de
746 4296 972 4374 frequentibus

176 4396 322 4474 injuriis,
347 4412 444 4473 quam
467 4394 506 4455 de
527 4395 598 4471 ipso
628 4395 820 4472 quotidiano
843 4394 972 4457 defectu

170 4493 313 4570 justitiae
341 4494 596 4571 conquerentes,
623 4492 873 4553 universitatem
897 4508 974 4554 ves-

175 4593 262 4653 tram
278 4590 397 4651 litteris
416 4591 582 4668 petierunt
604 4591 793 4666 apostolicis
819 4589 970 4662 excitari,

175 4692 213 4750 ut
235 4689 283 4751 111
302 4689 457 4751 videlicet
478 4689 527 4750 eis
551 4688 586 4748 in
609 4683 878 4750 tribulationibus
902 4689 972 4750 suis

175 4785 292 4848 contra
320 4785 550 4846 malefactores
583 4801 698 4846 eorum
733 4789 884 4862 prompta
915 4787 974 4846 de-

174 4883 282 4946 beatis
297 4883 572 4958 magnanimitate
594 4899 806 4958 consurgere,
830 4883 915 4960 qnod
931 4884 972 4944 ab

175 4980 356 5057 angustiis,
393 4996 476 5056 quas
511 4980 688 5051 sustinent,
724 4981 757 5040 et
791 4982 969 5056 pressuris,

173 5080 287 5141 vestro
302 5077 430 5154 possint
448 5077 603 5153 praesidio
626 5078 807 5152 respirare;
831 5079 972 5154 ideoque

176 5175 389 5238 universitati
413 5175 533 5236 vestrae
556 5189 616 5249 per
641 5173 822 5249 apostolica
849 5177 972 5251 scripta

174 5273 384 5344 mandamus,
419 5273 517 5348 atque
547 5270 768 5347 praecipimus,
810 5273 971 5348 quatenus

174 5373 265 5442 illos,
290 5371 347 5447 qui
369 5371 608 5446 possessionen,
622 5369 675 5428 111
692 5384 756 5439 111,
775 5385 833 5429 111
857 5371 971 5432 domos

83 5501 90 5510 ·
175 5469 412 5547 praedictorum
434 5467 585 5537 fratrum,
615 5466 669 5527 vel
696 5467 868 5527 hominum
894 5485 973 5529 suo-

175 5584 251 5629 rum
264 5565 487 5628 irreverenter
501 5563 697 5634 invaserint,
715 5563 772 5625 ant
795 5581 833 5627 ea
849 5567 971 5641 injuste

799 228 1027 288 EPISTOLAE.
1053 228 1128 288 LIB.
1154 229 1178 286 l.

1765 233 1822 296 158

1026 385 1237 457 detinuerint,
1255 401 1327 462 quac
1343 384 1509 463 praedictis
1527 385 1682 450 fratribus
1698 403 1740 452 ex
1754 391 1822 454 tes-

1026 485 1171 546 tamento
1194 485 1422 546 decedentium
1444 487 1693 563 relinquuntur,
1711 503 1771 550 seu
1787 489 1822 550 in

1027 582 1115 660 ipsos
1124 582 1243 644 fratres
1255 585 1368 644 contra
1379 584 1576 659 apostolicae
1589 585 1683 646 Sedis
1695 585 1822 646 indulta

1026 679 1223 741 sententiam
1247 682 1610 754 excommunicationis
1635 699 1694 743 seu
1713 683 1821 745 inter-

1027 778 1106 838 dicti
1126 779 1399 856 praesumpserint
1415 779 1637 856 promulgare,
1654 780 1707 842 vel
1727 781 1822 842 deci-

1026 891 1096 936 mas
1112 876 1262 937 laborum
1277 876 1317 936 de
1328 877 1593 952 possessionibus
1609 878 1731 940 habitis
1745 877 1822 940 ante

1027 972 1210 1034 Concilium
1232 974 1399 1050 generale,
1420 990 1479 1036 seu
1494 976 1705 1036 nutrimentis
1729 976 1822 1052 ipso-

1027 1087 1110 1142 rum,
1140 1073 1259 1148 spretis
1285 1071 1483 1148 apostolicae
1511 1073 1605 1134 Sedis
1637 1072 1823 1150 privilegiis

1027 1168 1237 1244 extorquere,
1271 1169 1453 1230 monitione
1475 1170 1658 1246 praemissa,
1687 1170 1716 1230 si
1742 1169 1822 1230 laici

1026 1263 1160 1336 tuerint,
1189 1265 1319 1342 publice
1339 1266 1486 1327 candelis
1509 1267 1659 1328 accensis
1686 1283 1823 1328 excom·

1027 1361 1261 1422 municationis
1294 1361 1491 1422 sententiam
1521 1361 1758 1437 promulgetis,
1793 1361 1823 1420 si

1026 1473 1105 1519 vero
1132 1457 1255 1528 clerici,
1286 1458 1339 1518 vel
1367 1458 1520 1519 canonici
1550 1459 1733 1533 regulares,
1762 1467 1822 1519 s'eu

1027 1555 1184 1616 monachi
1200 1555 1334 1627 fuerint,
1358 1571 1426 1628 eos,
1446 1555 1670 1632 appellatione
1695 1557 1822 1618 remota

1027 1653 1068 1714 ab
1081 1653 1191 1714 officio
1208 1654 1240 1714 et
1256 1652 1416 1714 beneficio
1432 1653 1653 1729 suspendatis,
1670 1655 1823 1715 neutram

1027 1750 1213 1812 relaxaturi
1227 1751 1434 1822 sententiam,
1448 1751 1551 1812 donec
1572 1752 1739 1827 praedictis
1754 1751 1824 1812 fra-

1026 1849 1131 1910 tribus
1156 1849 1306 1924 plenarie
1335 1849 1542 1910 satisfaciant
1574 1850 1607 1910 et
1634 1850 1702 1910 tam
1731 1850 1821 1922 laici,

1027 1963 1125 2024 quam
1140 1946 1220 2007 dicti
1235 1947 1423 2018 saeculares,
1446 1948 1502 2022 qui
1516 1963 1575 2022 pro
1587 1948 1735 2008 violenta
1751 1964 1824 2009 ma-

1027 2062 1128 2104 nuum
1144 2044 1332 2122 injectione,
1356 2044 1734 2105 anathematis'vincule
1749 2044 1823 2106 fne-

1027 2143 1094 2203 1111
1109 2142 1275 2213 innodati,
1298 2159 1371 2202 cum
1394 2140 1574 2202 dioecesani
1596 2142 1743 2218 episcopi
1762 2141 1822 2204 lit-

1027 2239 1107 2300 teris
1127 2239 1167 2302 ad
1191 2240 1309 2300 Sedem
1332 2239 1555 2316 Apostolicam
1576 2239 1760 2312 venientes,
1781 2239 1823 2300 ab
1873 2255 1876 2258 ·

1027 2337 1141 2398 eodem
1162 2338 1297 2399 vinculo
1319 2337 1509 2398 mereantur
1530 2337 1657 2397 absolvi
1673 2359 1679 2396 :
1697 2336 1737 2398 de
1752 2353 1824 2398 mo-

1027 2435 1143 2494 nachis
1170 2451 1260 2505 vero,
1293 2435 1326 2494 et
1356 2433 1525 2494 canonicis
1549 2433 1758 2508 regularibus
1788 2435 1824 2494 id

1028 2533 1189 2604 servetur,
1205 2532 1240 2592 ut
1255 2532 1283 2590 si
1299 2532 1446 2608 ejusdem
1462 2531 1599 2591 claustri
1615 2531 1734 2591 fratres
1746 2547 1823 2592 ma-

1027 2646 1088 2690 nus
1101 2629 1136 2688 in
1150 2645 1186 2689 se
1206 2628 1385 2705 injecerint
1398 2628 1572 2699 violentas,
1596 2643 1655 2704 per
1669 2627 1822 2690 abbatem

1027 2727 1206 2804 proprium,
1227 2727 1349 2786 sivero
1376 2725 1474 2786 unius
1496 2725 1633 2787 claustri
1661 2725 1764 2788 frater
1786 2727 1822 2786 in

1027 2826 1163 2887 fratrem
1191 2824 1326 2885 alterius
1353 2823 1490 2884 claustri
1527 2822 1717 2900 hujusmodi
1741 2839 1823 2900 prae-

1027 2923 1204 2999 sumpserit
1213 2922 1405 2984 violentiam
1416 2913 1574 2982 exercere
1589 2935 1648 2996 per
1662 2921 1709 2997 inj
1715 2921 1822 2982 uriam

1027 3022 1127 3098 passi,
1158 3020 1191 3081 et
1217 3019 1407 3088 inferentis,
1434 3018 1569 3079 abbates
1603 3017 1822 3080 absolutionis

1027 3118 1222 3179 borreticium
1255 3117 1476 3194 assequantur
1508 3135 1515 3175 t
1546 3115 1677 3176 etiamsi
1706 3130 1822 3176 eorum

1027 3215 1131 3292 aliqui
1144 3216 1336 3291 priusquam
1350 3214 1498 3274 habitum
1520 3213 1707 3289 receperint
1723 3229 1825 3288 regu-

1027 3314 1131 3373 larem
1157 3312 1224 3372 tale
1255 3311 1379 3388 aliquid
1411 3311 1662 3381 commiserunt,
1690 3312 1825 3388 propter

1027 3410 1112 3486 quod
1128 3410 1200 3484 ipso
1224 3409 1300 3469 actu
1319 3405 1673 3467 excommunicationis
1689 3409 1824 3467 senten-

1027 3509 1107 3568 tiam
1138 3504 1370 3574 incurrissent,
1401 3505 1466 3562 nisi
1489 3491 1647 3562 excessus
1675 3504 1822 3578 ipsorum

1028 3605 1115 3664 esset
1127 3602 1283 3672 difficilia,
1298 3602 1330 3661 et
1343 3600 1499 3670 enormis
1511 3600 1622 3675 utpote
1638 3599 1666 3660 si
1677 3600 1767 3661 esset
1781 3600 1823 3661 ad

1027 3700 1268 3762 mutilationem
1293 3698 1443 3770 membri,
1471 3698 1525 3758 vel
1546 3697 1719 3774 sanguinis
1744 3697 1825 3758 eiiu-

1028 3799 1155 3858 sionem
1177 3813 1368 3873 processum
1391 3797 1448 3856 aut
1470 3795 1617 3856 violenta
1644 3811 1761 3856 manus
1787 3795 1822 3855 in

1028 3895 1218 3971 episcopum
1231 3896 1281 3957 vel
1298 3895 1448 3956 abbatem
1466 3893 1600 3972 injecta,
1615 3910 1689 3956 cum
1711 3909 1825 3954 exces-

1028 4011 1083 4054 sus
1096 3993 1191 4065 tales,
1207 3996 1239 4054 et
1253 3993 1379 4055 similes
1397 3993 1468 4053 sine
1487 3991 1643 4053 scandalo
1657 3991 1823 4068 nequeant

1027 4092 1202 4168 praeteriri.
1217 4092 1322 4152 Villae
1340 4091 1449 4152 autem
1463 4091 1497 4150 in
1510 4088 1627 4166 quibus
1638 4088 1724 4150 bona
1735 4104 1824 4164 prae-

1027 4191 1189 4250 dictorum
1219 4189 1369 4260 fratrum,
1403 4187 1456 4246 vel
1489 4187 1659 4246 bominum
1686 4200 1822 4263 suorum

1027 4303 1122 4364 per...
1138 4287 1269 4347 detenta
1290 4285 1423 4356 fuerint,
1439 4283 1586 4360 quandiu
1606 4282 1652 4342 ibi
1674 4282 1750 4342 sunt
1768 4281 1824 4341 in-

1026 4385 1157 4446 terdicti
1171 4383 1342 4444 sententiae
1364 4381 1567 4457 supponatis.
1589 4379 1708 4441 Datum
1729 4379 1824 4440 Late-

1026 4482 1113 4552 rani,
1141 4483 1200 4542 VII
1226 4481 1271 4541 id.
1295 4479 1456 4557 januarii,
1482 4477 1693 4555 pontificatus
1716 4477 1821 4538 nostri

1028 4596 1115 4642 1111
1131 4579 1248 4656 prime.

1346 4703 1502 4789 dxxvi

1047 4859 1098 4916 Ad
1112 4859 1308 4930 episcopum
1322 4856 1355 4916 et
1367 4856 1554 4928 capitulum
1575 4856 1801 4914 Lodoocnses.

1333 4961 1347 5014 7
1364 4958 1426 5029 jan.
1448 4957 1526 5013 latr.

1058 5056 1178 5120 pergasi,
1192 5055 1235 5104 lib¹
1249 5056 1268 5112 I,
1281 5054 1353 5118 epist.
1368 5054 1490 5103 1181111.
1505 5054 1542 5102 La
1560 5052 1636 5102 Parte
1649 5051 1683 5100 du
1696 5048 1790 5113 Tbcil].

1028 5172 1169 5242 lipiscopo
1187 5177 1215 5226 11
1230 5169 1353 5240 capitulo
1363 5165 1577 5224 Lodcvcnsibns
1592 5165 1821 5230 1111111111-

1061 5257 1291 5316 obidiaconatnm
1312 5257 1341 5313 S.
1362 5255 1438 5312 Petri
1455 5253 1642 5322 lodovensis,
1663 5250 1823 5310 Raimundo

1062 5347 1191 5420 scriptori
1205 5355 1232 5404 et
1247 5345 1379 5402 familiari
1391 5360 1443 5402 suo
1456 5342 1625 5401 concedant.

1066 5464 1243 5536 Honorius,
1262 5467 1336 5536 etc,
1354 5462 1537 5524 venerabili
1559 5460 1654 5521 fratri
1667 5459 1824 5536 episcopo

1027 5567 1059 5626 ct
1071 5563 1200 5624 dilectis
1214 5563 1291 5651 filiis
1305 5561 1449 5638 capitulo
1464 5560 1630 5622 Lodoven.
