4234 6442
803 175 1030 236 EPISTOLAE.
1055 179 1132 245 nte.
1156 183 1180 240 Ι.

473 340 641 430 ouuvll

167 524 220 582 Ad
233 521 471 583 Bertronnttm
483 522 694 582 cardinalem
705 522 745 582 A.
758 523 792 582 S.
804 523 965 598 leuatum.

465 651 481 708 7
497 657 581 707 mart.
597 650 675 707 latr.

228 758 364 823 [bouquet.
378 755 478 806 Rscueii
487 755 529 806 det
540 755 681 815 historiens,
692 760 711 805 t.
725 757 793 815 xlx,
804 771 831 822 p.
841 757 908 823 ean]

170 895 264 962 Quum
288 891 465 962 ludovicus,
489 893 569 966 regis
598 891 721 965 Philippi
746 892 831 961 lilius,
855 893 965 952 Narbo-

204 981 303 1040 nensis
334 981 413 1040 urbis
439 988 468 1039 et
492 989 651 1039 castrorum
683 981 838 1040 confinium
871 999 969 1041 muros

204 1069 312 1130 destrui
330 1071 472 1145 jussisset,
498 1069 640 1136 Arnaldus
662 1069 894 1145 archiepiscopus
915 1073 967 1129 im-

204 1161 327 1234 petravit
341 1160 376 1217 ab
401 1161 537 1228 Honorio,
555 1167 586 1217 ut
606 1159 737 1218 ecelesia
755 1176 815 1219 suae
827 1162 913 1220 castri
932 1162 967 1220 de

205 1249 339 1324 Capraria
352 1250 427 1306 muri
437 1247 631 1308 reficerentur.

209 1389 378 1452 Honorius
397 1389 584 1467 episcopus,
604 1389 692 1452 etc...
709 1389 830 1453 dilecto
845 1391 915 1453 tilio
929 1395 965 1453 Β.

170 1487 259 1549 tituli
280 1487 477 1550 Sanctorum
497 1488 638 1550 ioannis
657 1488 690 1549 et
708 1488 805 1550 Pauli
828 1489 969 1566 presby-

170 1585 242 1647 tero
258 1585 432 1656 cardinali,
453 1587 491 1646 Α.
511 1587 544 1646 S.
560 1585 681 1661 legato,
702 1587 855 1659 salutem,
876 1589 965 1650 etc...

211 1682 420 1744 Venerabilis
430 1683 534 1745 tramr
543 1683 657 1745 noster
670 1683 898 1746 Narbonensis
911 1701 969 1746 ar-

172 1779 858 1858 chiepisoopus'humilitersupplicavitut,
866 1797 967 1860 quum

171 1878 317 1939 castrum
335 1893 432 1939 suum
454 1879 494 1940 de
515 1879 686 1955 Capraria,
703 1879 808 1940 muris
823 1882 896 1957 ejus
911 1879 966 1941 di-

171 1975 255 2058 qutis
275 1976 308 2037 et
327 1975 516 2048 destructis,
533 1976 678 2052 undique
691 1977 803 2052 pateat
817 1976 967 2039 hostibus

172 2071 204 2134 et
218 2073 405 2150 exponatur
416 2071 605 2134 incursibus
625 2073 892 2149 malignantium,
910 2091 969 2134 su-

170 2185 231 2249 per
251 2172 462 2248 reparatione
481 2186 651 2232 murorum
670 2173 754 2249 siue,
774 2171 881 2233 nostri
903 2171 967 2232 sibi

51 2345 54 2350 ¹
171 2267 347 2345 dignemur
365 2268 490 2330 favoris
506 2267 669 2331 auxilium
684 2269 858 2346 impertiri,
878 2269 910 2330 et
924 2285 967 2331 na

169 2368 237 2430 mm
252 2366 324 2444 ipse
339 2382 438 2445 quam
456 2366 565 2428 Himb.
586 2365 693 2438 miles,
714 2366 866 2428 vassalus
881 2369 964 2444 ejus

170 2479 191 2526 a
205 2480 371 2542 quoquam
384 2465 531 2540 maligno
543 2464 673 2541 possint
686 2463 830 2540 opprimi
842 2464 896 2525 uel
911 2463 966 2524 at-

171 2562 253 2640 fligi,
266 2561 326 2623 sub
340 2561 455 2624 umbra
466 2561 681 2639 protectionis
690 2561 890 2638 Apostolioae
903 2563 966 2622 Se-

171 2661 222 2722 dis
236 2661 328 2738 ipsos
342 2661 374 2723 et
386 2661 494 2722 terras
503 2659 666 2720 eorumad
675 2659 850 2720 ecclesiam
864 2659 968 2735 perti-

170 2760 298 2831 nentes,
320 2755 497 2818 defendere
515 2771 707 2819 curaremus
721 2747 784 2837 (o).
805 2756 967 2828 Quocirca

170 2857 364 2920 discretioni
376 2857 442 2918 tuae
453 2871 512 2932 per
525 2854 716 2932 apostolica
732 2854 856 2931 scripta
866 2869 966 2916 man-

171 2957 298 3030 damus,
315 2955 490 3033 quatenus,
513 2953 800 3030 archiepIscopum
820 2952 853 3014 et
873 2951 966 3013 mili-

170 3055 236 3117 tem
246 3053 454 3131 supradictos
464 3068 503 3114 ac
515 3053 622 3114 terras
633 3066 759 3124 eorum,
771 3049 966 3114 auctoritate

170 3154 295 3226 nostra,
313 3153 427 3217 lavore
441 3151 586 3228 benigno
601 3164 816 3228 prosequens,
829 3165 886 3216 eos
899 3164 965 3211 non

170 3251 341 3330 permittas
376 3250 417 3312 ab
451 3251 563 3328 aliquo
595 3247 761 3325 impediri,
789 3248 966 3325 quominus

170 3365 283 3412 muros
294 3349 449 3427 prelatos
461 3347 587 3409 faciant
596 3346 763 3424 reparari3
778 3344 968 3406 contradic-

169 3449 260 3512 tores
285 3447 315 3509 si
336 3447 393 3525 qui
412 3446 538 3508 fuerint
555 3446 589 3506 et
607 3444 836 3506 molestatores
851 3457 966 3502 eornm

170 3545 335 3611 indebitos
354 3559 414 3623 per
428 3559 603 3605 censuram
617 3539 890 3610 ecclesiasticam,
907 3553 967 3598 su·

170 3644 259 3707 blato
272 3640 505 3720 appellationis
518 3639 700 3710 obstaculo,
716 3635 965 3714 compescendo.

170 3743 289 3808 uatum
308 3739 476 3813 Laterani,
497 3737 594 3800 nonis
609 3735 732 3808 martii,
747 3749 835 3798 anuo
848 3732 964 3810 primo.

473 3949 663 4038 CCLVIII

335 4123 387 4182 lo
400 4119 587 4194 capitulum
600 4115 801 4178 aletensem.

466 4242 576 4300 imant.
595 4239 673 4298 tall.

311 4365 443 4434 [tuneo
452 4362 518 4430 jans
527 4361 663 4429 pontificu,
675 4373 733 4410 anu.
747 4357 828 4419 tatu]

172 4521 268 4579 Monet
289 4534 340 4578 eos
362 4526 393 4576 ut
416 4515 521 4576 Othoni
544 4513 652 4571 tructus
675 4507 836 4584 prebendae
857 4507 969 4580 integra

488 4603 648 4678 assignent.

213 4751 393 4822 Honorius,
429 4750 504 4820 etc,
540 4746 672 4810 dilectis
706 4742 786 4804 filiis
823 4738 969 4822 capitulo

173 4848 368 5010 MIitteinlnrem
379 4941 539 5020 mandem
554 4957 574 5001 a
587 4939 682 5003 vobis
695 4939 905 5016 petissemus,
918 4935 971 4996 de·

172 5042 322 5108 bueratIs
347 5055 407 5102 vos
430 5037 609 5100 efficaciter
645 5035 819 5102 exaudire,
847 5033 970 5095 nedum

211 5228 411 5394 (oIrgItlrdritlIis
431 5311 602 5380 Ludoricus,
617 5315 748 5381 suscepto
765 5319 841 5390 anno
859 5305 928 5363 tato
942 5306 971 5362 in

173 5391 345 5464 sibigenses
354 5386 548 5462 expeditione,
563 5381 758 5443 Narbonensis
772 5377 970 5446 urbismuros,

174 5465 313 5520 suadente
335 5463 419 5519 Petro
440 5458 476 5516 de
498 5460 663 5516 Beneuento
687 5451 720 5510 Α.
743 5451 770 5508 S.
796 5448 904 5522 legato,
927 5446 973 5530 de

175 5533 326 5592 struendos
346 5529 491 5600 edixisset,
518 5527 643 5602 aliquam
665 5531 761 5581 tamen
786 5519 821 5578 ab
846 5521 972 5578 ltonouo

317 5689 431 5734 PATROL.
446 5688 520 5734 'I'OIOE
532 5676 569 5734 II.

1758 195 1819 256 322

1023 339 1100 418 quia
1115 339 1354 418 postulavimus
1367 345 1521 422 precibus
1535 350 1567 410 et
1579 353 1765 429 praeceptis,
1781 358 1817 421 ut

1023 437 1142 501 dilecto
1157 439 1227 501 filio
1246 441 1405 518 magistro
1427 445 1547 506 Othoni
1567 449 1722 526 scriptori
1735 468 1816 515 uos-

1022 537 1089 609 tro,
1116 540 1297 602 concanieo
1320 541 1449 614 vestro,
1476 541 1602 606 tructus
1630 548 1816 624 praebendas

1023 650 1121 711 quam
1138 635 1172 696 in
1192 637 1334 700 ecclesia
1357 639 1468 701 vestra
1493 641 1620 706 obtinet
1648 645 1816 726 tamquam

1022 735 1180 812 praesenti
1193 734 1377 797 liberaliter
1387 737 1593 814 conferretis
1612 743 1817 809 satisfacien-

1022 833 1071 893 tes
1085 831 1148 892 sihi
1164 832 1380 894 nihilomiuus
1403 835 1443 896 de
1463 835 1669 914 substractis,
1691 857 1765 904 cum
1783 845 1816 907 in

1022 930 1162 992 veritate
1184 947 1250 993 non
1275 931 1385 994 minus
1402 932 1522 996 absens
1544 953 1643 1014 quam
1667 956 1816 1016 praesens

1023 1028 1172 1089 eeclesiae
1188 1045 1227 1090 ae
1238 1029 1333 1091 vobis
1345 1030 1457 1093 valent
1475 1032 1655 1098 deservire.
1678 1037 1728 1100 Ne
1747 1039 1816 1118 igl-

1021 1125 1077 1187 tur
1088 1127 1195 1188 eidem
1210 1127 1340 1190 inutilis
1358 1129 1401 1191 sit
1415 1130 1592 1206 praebenda
1603 1133 1711 1197 noctu
1726 1140 1816 1200 omui

1022 1225 1169 1302 tempore
1185 1225 1398 1298 abscedente,
1418 1227 1651 1294 discretionem
1668 1236 1821 1298 uestram

1023 1323 1141 1385 iterato
1163 1339 1320 1399 rogamus
1333 1324 1502 1399 attentius,
1520 1328 1553 1390 st
1567 1345 1739 1392 monemus
1755 1351 1815 1412 per

1021 1421 1212 1499 Apostolica
1239 1421 1333 1483 vobis
1366 1423 1490 1500 scripta
1521 1425 1671 1490 districte
1694 1433 1818 1508 praeci-

1023 1519 1154 1596 pianda,
1166 1519 1361 1582 mandantes
1374 1521 1536 1598 quatenus
1545 1525 1702 1601 praedicto
1716 1530 1818 1607 scrip·

1022 1619 1086 1680 tori
1106 1618 1204 1696 juxta
1226 1618 1325 1694 primi
1350 1619 1498 1681 mandati
1531 1622 1636 1686 nostri
1665 1624 1815 1688 tenorem

1021 1715 1148 1777 tructus
1175 1715 1361 1793 praebendas
1386 1719 1554 1795 tamquam
1582 1723 1740 1798 praesenti
1774 1725 1815 1786 de

1022 1814 1142 1876 caetero
1177 1814 1307 1890 integre
1343 1815 1539 1892 assignetis,
1572 1816 1815 1883 satisfacientes

1022 1912 1128 1973 eidem
1141 1911 1359 1972 nihilominus
1380 1912 1421 1974 de
1440 1913 1646 1987 substractis,
1665 1915 1712 1978 ita
1729 1916 1816 1994 quod

1022 2007 1179 2084 idemqui
1201 2023 1261 2084 per
1284 2023 1320 2069 se
1339 2025 1379 2070 ac
1400 2024 1478 2070 suos
1498 2011 1593 2072 vobis
1615 2012 1648 2073 ot
1664 2013 1815 2076 ecclesiae

1021 2107 1140 2168 vestrae
1156 2107 1251 2182 grata
1266 2105 1388 2182 poterit
1408 2105 1567 2184 obsequia
1587 2107 1756 2184 exhibere,
1772 2111 1814 2173 ad

1022 2202 1215 2280 obsequium
1232 2204 1381 2265 restrum
1401 2203 1525 2265 arctius
1546 2207 1767 2282 astringatur,
1784 2209 1817 2270 et

1022 2319 1083 2365 nos
1107 2300 1316 2365 devotionem
1341 2301 1489 2364 nostram
1515 2303 1679 2379 possimus
1696 2304 1816 2367 mento

1022 2400 1265 2463 commendare.
1288 2399 1445 2477 Alioquin
1467 2398 1587 2462 dilecto
1610 2399 1680 2462 dlio
1704 2400 1815 2464 abbati

1022 2500 1129 2561 sancti
1142 2496 1299 2560 Michaeli
1312 2497 1494 2559 virdunen.
1509 2496 1673 2569 dioecesis,
1691 2498 1815 2562 nostris

1022 2597 1137 2658 damus
1164 2595 1284 2658 litteris
1306 2594 1341 2654 in
1363 2593 1548 2670 praeceptis
1571 2593 1608 2654 ut
1630 2608 1690 2654 vos
1705 2593 1747 2656 ad
1766 2595 1812 2667 id,

1022 2694 1203 2755 monitione
1225 2691 1408 2770 premissa,
1426 2705 1485 2766 per
1506 2704 1681 2752 censuram
1702 2692 1813 2758 ecole-

1021 2792 1191 2853 siasticam
1212 2788 1436 2868 appellatione
1467 2787 1594 2850 remota
1625 2787 1812 2865 compellat.

1021 2891 1141 2951 Datum
1157 2886 1326 2958 Laterani,
1349 2885 1447 2948 nonis
1463 2884 1585 2958 martii,
1602 2885 1815 2962 pontificatus

1021 2987 1229 3050 nostrianno
1244 2979 1379 3062 primo(
1400 2979 1425 3061 ).
1873 2974 1876 2978 ’

1062 3081 1306 3162 scriptumest
1337 3095 1438 3157 super
1473 3079 1537 3146 boc
1571 3079 1679 3144 eidem
1704 3078 1815 3144 abbati

1021 3183 1130 3246 sancti
1142 3180 1328 3247 Michaelis.

1351 3387 1499 3478 CCLIX

1181 3581 1234 3641 to
1251 3577 1440 3650 capitutum
1452 3574 1655 3648 Accienses.

1315 3743 1428 3800 tutari.
1445 3740 1524 3798 ltll.

1023 3853 1117 3922 [Fejar,
1126 3851 1210 3906 Codex
1220 3847 1400 3916 diplomaticus
1410 3844 1553 3910 bunuaria,
1564 3849 1586 3894 t.
1596 3843 1638 3904 111,
1651 3843 1738 3908 c.t,p.
1751 3843 1817 3908 ltu]

1068 4006 1256 4067 donationem
1270 4019 1286 4063 a
1301 4003 1455 4075 catapano,
1472 3997 1606 4073 Agriensi
1624 3997 1770 4068 episcopo,

1151 4094 1275 4168 capitulo
1289 4107 1342 4150 suo
1357 4089 1472 4158 indam,
1488 4095 1580 4144 ratam
1593 4084 1689 4142 habet.

1064 4240 1232 4306 Honorius
1248 4237 1433 4315 episcopus,
1445 4231 1508 4293 etc.
1522 4228 1652 4292 dilectis
1667 4227 1746 4288 tiliis
1761 4241 1820 4287 ca-

1025 4341 1129 4420 pitulo
1144 4335 1310 4415 bariensi,
1328 4330 1479 4401 salutem,
1499 4327 1561 4390 etc.
1582 4325 1687 4388 iustis
1709 4321 1821 4402 peten-

1023 4441 1108 4502 tium
1131 4432 1306 4497 desideriis
1339 4430 1466 4508 justum
1501 4425 1562 4497 est,
1598 4439 1659 4486 nos
1687 4421 1820 4484 facilem
1925 4419 1928 4426 '

1024 4537 1173 4616 praebere
1189 4544 1399 4599 consensum,
1416 4525 1449 4587 et
1460 4525 1549 4596 uota,
1559 4537 1632 4600 quae
1648 4519 1820 4582 arationis

1024 4635 1157 4700 tramite
1169 4647 1236 4693 non
1248 4625 1450 4695 discordant,
1465 4622 1586 4685 aflectu
1599 4617 1820 4697 prosequente

1025 4733 1200 4811 complere.
1216 4724 1410 4804 Eapropter,
1424 4719 1537 4782 dilecti
1551 4718 1586 4778 in
1595 4717 1735 4779 Domino
1746 4713 1819 4807 filit
1871 4797 1879 4807 .

1024 4831 1143 4895 vestris
1154 4824 1255 4907 iustis
1275 4818 1553 4901 postulationibus
1574 4814 1670 4892 grato
1685 4829 1823 4876 concur-

1025 4930 1137 4993 rentes
1161 4938 1317 4993 essensu,
1352 4918 1499 4979 decimas
1529 4911 1698 4991 paroentes
1727 4907 1822 4988 (Sne-

1026 5022 1150 5105 rancs),
1175 5037 1257 5100 quas
1282 5013 1485 5081 uenerabilis
1512 5009 1616 5072 irater
1643 5007 1757 5068 noster
1785 5005 1820 5066 G.
1884 5009 1896 5092 Ι·

1026 5211 1149 5289 gratiam
1167 5203 1330 5280 impetravit
1344 5197 1496 5267 brualdus,
1507 5201 1538 5254 ut
1549 5201 1643 5252 castro
1653 5206 1706 5251 suo
1721 5189 1757 5249 de
1770 5191 1821 5250 Ca·

1027 5285 1120 5359 praria
1132 5283 1305 5354 parceretur.
1409 5290 1413 5301 ·

1028 5445 1044 5458 ,,
1063 5373 1103 5502 51)
1122 5373 1156 5430 11¹
1169 5367 1265 5450 Quint·
1283 5361 1412 5434 Gemuit,
1429 5366 1498 5418 tom.
1515 5358 1538 5426 l,
1551 5353 1606 5415 col.
1620 5352 1683 5422 tlt,
1699 5351 1750 5409 sed
1764 5365 1823 5409 non

1027 5461 1062 5502 us
1082 5457 1129 5502 em
1144 5439 1248 5498 verbus.

1673 5649 1716 5708 ll.
