4234 6442
293 178 353 240 379
488 185 490 192 ’
920 175 1096 238 HONORII
1117 176 1162 236 111
1184 174 1332 238 OPERA·
1899 177 1955 238 380

295 351 369 416 quae
384 335 685 414 impraesentiarum
711 333 958 399 rationabiliter
983 336 1094 414 possi·
1148 336 1238 414 rupit
1251 333 1523 414 praesumptionis
1544 333 1734 406 audaciam,
1753 334 1842 412 quod
1865 334 1956 398 litte-

251 451 253 458 '
297 435 394 507 detis,
408 435 466 497 aut
478 434 513 495 in
527 434 676 495 futurum
683 433 783 513 justis
794 434 900 496 modis
913 435 1094 511 praestante
1148 450 1204 496 ras
1223 433 1372 512 eJ'usdem
1391 432 1648 511 praedecessoris
1668 433 1774 495 nostri
1797 432 1957 496 obtentas

296 533 436 596 Domino
451 531 602 610 poteritis
615 532 766 609 adipisci,
784 532 845 593 sub
857 531 946 594 beati
957 533 1048 594 Petri
1063 533 1096 594 61
1150 548 1250 610 66661
1265 532 1471 593 correctione
1489 529 1640 594 ecclesiae
1661 533 1693 591 S.
1711 531 1855 593 Andreae
1873 547 1958 608 pro-

297 631 410 694 nostra
425 631 629 708 protectione
651 630 850 707 suscipimus
874 630 908 692 et
922 630 1095 708 praesentis
1150 631 1232 709 priis
1247 629 1400 692 manibus
1412 646 1478 690 non
1492 629 1545 690 est
1554 629 1680 691 veritus
1693 629 1900 700 cancellare,
1919 647 1960 691 ac

298 729 413 806 scripti
427 729 613 806 patrocinio
626 729 877 801 communimus,
897 729 1095 792 auctoritate
1151 729 1389 791 correctionem
1405 727 1511 805 ipsius
1528 726 1680 788 ecclesiae
1700 727 1740 788 de
1760 728 1960 804 apostolico

296 826 630 906 robispresenuum
658 826 883 903 indulgentem
910 828 1096 905 quodcum
1151 825 1633 902 laciendammandatoprimo,
1647 825 1790 887 secundo
1804 825 1960 887 61161116
2082 852 2083 864 ¹

231 943 233 946 ·
298 925 458 1001 generale
487 925 700 986 interdictum
729 926 828 987 terrae
856 925 967 996 fuerit,
998 925 1098 986 liceat
1152 925 1334 1003 impedivit,
1352 925 1499 986 etetiam
1515 923 1878 1001 quemdamhominem
1895 939 1962 984 ca-

299 1023 395 1084 xobis
410 1022 534 1086 clausis
544 1023 669 1101 januis,
681 1039 749 1084 nou
761 1023 900 1100 pulsatis
912 1022 1095 1099 campanis,
1152 1023 1249 1100 pituli
1261 1022 1410 1100 eJusdem
1427 1022 1578 1083 ecclesiae
1595 1036 1653 1098 pro
1673 1036 1723 1093 eo,
1742 1021 1828 1098 quod
1845 1037 1960 1099 quos-

301 1121 447 1182 exclusis
458 1121 753 1184 excommunicatis
766 1121 799 1183 et
813 1121 1009 1191 interdictis,
1023 1135 1098 1197 sup·
1153 1121 1228 1182 dam
1244 1121 1284 1182 de
1299 1120 1445 1198 capitulo
1460 1119 1650 1182 laborantes
1669 1134 1728 1196 pro
1746 1118 1963 1181 correctione

101 1247 103 1250 ·
176 1302 178 1308 Ι
299 1235 415 1299 616666
429 1235 521 1293 voce,
538 1219 653 1282 divina
667 1217 777 1281 officia
801 1218 981 1282 celebrare.
1008 1217 1099 1280 Nulli
1153 1219 1312 1297 praedicta
1326 1218 1499 1295 receperat
1515 1217 1551 1278 in
1569 1217 1760 1294 hospitium,
1778 1216 1858 1278 lecit
1876 1233 1961 1278 car-

301 1333 380 1394 ergo
394 1317 528 1378 omnino
542 1316 715 1380 hominum
727 1315 827 1380 liceat
839 1317 926 1378 banc
942 1315 1099 1394 paginam
1155 1317 1224 1380 ceri
1236 1317 1431 1394 mancipari,
1444 1315 1620 1378 Kelledeos
1636 1329 1765 1392 quoque
1780 1315 1820 1375 de
1835 1317 1868 1376 S.
1884 1319 1963 1376 An-

301 1415 424 1480 nostrae
441 1413 656 1493 protectionis
680 1415 713 1478 et
733 1414 959 1480 concessionis
975 1413 1102 1474 inirin-
1155 1414 1235 1475 drea
1253 1412 1295 1474 ab
1315 1410 1549 1474 executoribus
1570 1426 1590 1472 a
1609 1409 1747 1488 praelato
1767 1411 1966 1488 praedeces-

302 1529 394 1591 gere,
420 1513 476 1574 vel
501 1513 533 1574 ei
556 1527 641 1574 ausu
659 1513 838 1578 temerario
861 1513 1038 1576 contraire.
1066 1512 1102 1573 Si
1156 1527 1231 1573 sore
1264 1510 1377 1572 nostro
1408 1509 1591 1581 concessis,
1624 1507 1777 1584 exigente
1799 1509 1956 1585 justitia,

303 1612 378 1690 quis
392 1611 504 1674 autem
519 1611 583 1672 hoc
602 1611 764 1673 attentare
779 1611 1039 1689 praesumpserit,
1053 1609 1102 1671 in·
1155 1609 1290 1671 vinculo
1319 1605 1672 1671 excommunicationis
1699 1605 1853 1668 astrictos
1881 1607 1961 1682 post

306 1709 532 1798 dignationem
547 1709 781 1787 omnipotentie
803 1710 863 1771 Dei
884 1709 1102 1774 etbeatorum
1156 1707 1411 1786 appellationem
1432 1707 1471 1768 ad
1492 1703 1610 1768 sedem
1629 1703 1963 1782 Apostolicamlegi-

305 1807 395 1869 Petri
414 1797 454 1869 61
469 1807 578 1881 Pauli,
593 1809 825 1886 Apostolorum
841 1810 925 1884 ejus,
942 1819 981 1870 se·
999 1821 1104 1870 novo·
1156 1807 1235 1869 time
1247 1807 1478 1883 interpositam
1491 1803 1701 1882 praesumpsit
1713 1801 1900 1874 absolvere,
1918 1818 1961 1864 ac

304 1905 349 1965 rit
370 1901 595 1966 incursurum.
616 1905 737 1968 Datum
761 1904 929 1976 Laterani,
959 1907 1004 1968 Vi
1033 1903 1101 1968 kal.
1158 1905 1193 1966 in
1208 1905 1366 1982 quosdam
1382 1903 1422 1964 de
1435 1903 1580 1981 capitulo
1592 1901 1669 1980 post
1683 1901 1964 1980 provocationem

305 1999 396 2072 maii,
413 2001 625 2078 pontificatus
637 2001 746 2066 nostri
758 2017 846 2066 enno
862 2001 981 2082 primo.
1098 2037 1099 2042 κ
1157 2002 1339 2080 legitimam
1368 2000 1722 2064 excommunicationis
1756 1997 1962 2061 sententiam

1158 2100 1381 2178 promulgare,
1405 2100 1438 2162 et
1459 2115 1525 2161 non
1548 2099 1655 2160 solum
1679 2095 1962 2175 appellationibus

642 2215 768 2302 (mcx
1158 2197 1402 2262 rationabiliter
1416 2197 1457 2258 ad
1475 2197 1591 2259 Sedem
1605 2196 1829 2274 apostolicam
1844 2193 1958 2272 impo-

1159 2296 1232 2359 sitis
1250 2295 1381 2358 delerre
1395 2295 1602 2373 contempsit,
1621 2295 1678 2355 sed
1700 2294 1733 2356 et
1747 2292 1959 2370 appellantes

304 2430 356 2489 Aa
378 2430 590 2503 episcopum,
610 2430 822 2507 mmmm
839 2433 872 2491 J·
896 2434 936 2493 de
958 2435 1106 2496 Hedum
1159 2393 1512 2458 excommunicationis
1527 2407 1685 2455 mucrone
1704 2391 1865 2502 percellit.
1880 2391 1961 2452 Vil-

343 2526 377 2586 61
404 2529 438 2588 s,
475 2529 516 2588 gg
551 2529 713 2590 Landosia
736 2531 920 2592 canonicos
947 2533 1103 2594 Dumm-
1159 2495 1228 2558 lem
1248 2495 1385 2570 insuper
1403 2493 1444 2554 de
1468 2491 1689 2553 Clerkentono
1711 2491 1753 2551 ad
1774 2489 1962 2566 caprtulum

345 2627 479 2686 denses,
1160 2593 1378 2670 pertinentem
1402 2590 1476 2668 post
1496 2589 1751 2668 appellationem
1775 2587 1818 2649 ad
1838 2587 1964 2648 Sedem

1160 2690 1385 2768 Apostolicam
1400 2688 1546 2766 legitime
1562 2687 1792 2764 interpositam
1807 2701 1961 2761 occupa-

604 2765 638 2824 27
654 2780 715 2838 Ψ·
732 2766 811 2825 ¹²¹⁷·
1160 2789 1222 2862 vit,
1246 2789 1312 2866 ipsi
1331 2787 1489 2866 capitulo,
1510 2785 1547 2847 ut
1566 2785 1601 2846 id
1620 2785 1694 2846 fieri
1715 2783 1961 2862 permitterent,

393 2895 523 2960 [166666
536 2897 702 2948 nocumenta
715 2896 853 2960 16661166,
866 2914 892 2965 p.
905 2899 929 2958 a,
942 2913 968 2950 n.
981 2901 1017 2963 a}
1161 2887 1418 2964 promissionem
1432 2883 1560 2950 faciens
1575 2883 1656 2946 uuo
1672 2882 1862 2944 simoniecae
1879 2897 1965 2959 616-

1160 2983 1273 3046 1116116
1292 2983 1461 3056 inlectem,
1483 2999 1549 3060 quo
1562 2981 1791 3060 multipliciter
1809 2979 1966 3041 noscitur

1162 3081 1310 3144 irretitus
1325 3097 1332 3142 :
1348 3097 1387 3142 ac
1402 3097 1478 3142 cum
1493 3083 1580 3142 esset
1594 3079 1769 3158 episcopus
1782 3077 1965 3138 (11666666-

1161 3181 1222 3254 616,
1246 3181 1424 3258 antequam
1449 3179 1554 3256 ipsius
1580 3177 1759 3254 appellatio
1785 3176 1872 3237 esset
1898 3190 1965 3252 661

1162 3279 1280 3340 Sedem
1291 3277 1514 3356 apostolicam
1525 3275 1717 3354 approbata,
1734 3274 1776 3336 ad
1788 3271 1966 3352 praelatam

348 3371 515 3432 Honorius
527 3373 712 3451 episcopus,
721 3375 1011 3440 venerabililratri
1023 3380 1107 3456 epis·
1161 3376 1338 3439 ecclesiam
1359 3378 1392 3438 S.
1415 3375 1557 3437 Andreae
1581 3389 1617 3436 66
1638 3371 1823 3444 transtulit,
1847 3371 1879 3436 et
1900 3370 1965 3431 ad-

313 3047 372 3106 11116
384 3047 544 3104 constitutis
551 3045 694 3120 Judicibus
706 3048 869 3119 mandetur
881 3049 917 3110 de
931 3052 977 3122 iis,
991 3067 1054 3126 quae
1071 3053 1107 3112 ab

347 3136 526 3208 episcopos.
543 3135 664 3194 Andreae
674 3151 824 3211 perperam
841 3147 903 3198 ecta
921 3139 1039 3214 luerint,
1060 3144 1103 3201 in·

349 3224 471 3298 quirent.

310 3484 403 3546 copo,
415 3471 449 3530 et
462 3469 591 3532 dilectis
605 3470 683 3532 filiis
696 3471 856 3549 magistro
872 3477 897 3536 Ι.
914 3475 954 3538 de
966 3477 1106 3539 Heduno
1160 3473 1400 3536 ministrationi
1420 3475 1489 3535 tam
1505 3471 1734 3550 spiritualium
1757 3485 1856 3548 quam
1875 3469 1965 3530 tem·
2088 3531 2089 3534 ,

310 3567 343 3629 61
358 3569 390 3627 S.
404 3567 443 3628 de
453 3567 610 3630 Lindesia
621 3566 792 3632 canonicis
802 3573 1103 3648 Dunkeldensibus,
1160 3573 1327 3649 poralium
1357 3573 1483 3633 temere
1515 3586 1551 3632 66
1583 3569 1792 3640 immiscens,
1823 3565 1962 3628 sabbato

310 3664 462 3726 salutem.
537 3705 539 3710 ι
1161 3672 1303 3748 quatuor
1320 3670 1505 3747 temporum
1521 3669 1557 3729 in
1574 3665 1769 3744 septembre,
1791 3681 1865 3726 cum
1884 3665 1966 3740 ejus
2091 3718 2092 3730 ,

350 3762 497 3827 Dilectus
512 3763 601 3824 lilius
618 3764 980 3830 Eustatiuscanonicus
999 3770 1106 3832 sancti
1160 3767 1340 3844 postulatio
1368 3765 1569 3844 praecedenti
1598 3765 1717 3843 quarta
1746 3763 1832 3825 seria
1859 3761 1964 3823 suerit

310 3859 452 3921 Andreae
466 3859 507 3920 de
524 3860 634 3922 Scotia
649 3861 685 3921 in
700 3863 813 3924 nostra
828 3866 1006 3940 praesentia
1021 3884 1105 3929 con·
1161 3865 1340 3934 celebrata,
1354 3865 1390 3925 in
1405 3864 1522 3927 eadem
1537 3863 1682 3924 ecclesia
1696 3863 1733 3923 nt
1746 3860 1851 3938 ipsius
1867 3859 1963 3936 epis-

311 3956 445 4018 stitutus
455 3956 550 4019 nobis
561 3957 786 4023 denuntiando
797 3963 1005 4033 monstrarit,
1020 3964 1106 4042 quod
1161 3979 1262 4040 copus
1293 3963 1428 4024 ordines
1461 3961 1652 4023 celebravit.
1690 3959 1834 4020 Litteras
1863 3957 1965 4019 etiarn

311 4069 386 4117 cum
418 4055 620 4117 venerabilis
652 4056 756 4118 116161
788 4059 901 4121 noster
931 4062 1106 4141 episcopus
1160 4061 1367 4140 Apostolicas
1382 4061 1490 4122 eidem
1506 4059 1539 4121 et
1555 4059 1632 4121 aliis
1652 4058 1796 4119 directas
1812 4057 1964 4118 contern-

311 4152 417 4214 sanoti
435 4152 575 4214 Andreae
591 4153 631 4215 de
647 4155 801 4218 mandato
820 4156 915 4219 bonae
938 4161 1107 4223 memoriae
1161 4177 1256 4233 nene,
1268 4158 1489 4221 obedientiam
1500 4156 1761 4220 61161616611616
1771 4154 1959 4229 861116666-

311 4252 336 4310 I.
353 4253 452 4327 Papae
470 4251 725 4328 praedecessoris
744 4255 850 4316 nostri
865 4257 1107 4320 cathanensem
1160 4258 1270 4320 tolicae
1288 4257 1432 4319 debitam
1444 4272 1510 4317 non
1527 4255 1696 4332 impendit,
1714 4269 1756 4314 ex
1771 4269 1810 4314 eo
1824 4267 1958 4313 sumens

311 4349 503 4424 episcopum
521 4350 742 4420 consecravit,
758 4352 872 4425 611116,
893 4357 990 4431 prout
1008 4357 1107 4419 tene·
1162 4356 1336 4418 audaciam
1345 4353 1570 4432 delinquendi,
1583 4351 1728 4431 quod,ut
1742 4350 1872 4428 publice
1886 4364 1959 4428 pro·

310 4444 419 4516 batur,
439 4447 574 4520 paratus
592 4443 693 4508 luerit
712 4447 871 4510 exhibere
885 4451 935 4511 1111
957 4455 1107 4530 praedicti
1162 4452 1315 4523 testatur,
1330 4449 1441 4511 nullus
1453 4450 1489 4511 in
1501 4463 1604 4524 regno
1619 4448 1737 4510 scotiae
1754 4447 1868 4508 contra
1884 4460 1958 4506 eum

311 4541 566 4620 praedecessoris
590 4543 697 4605 nostri
721 4547 854 4608 nomine
878 4548 1048 4615 fidelitatis
1076 4554 1110 4616 et
1163 4549 1288 4626 aliquid
1303 4547 1424 4610 audeat
1443 4546 1616 4608 attentare.
1639 4543 1775 4607 6111661
1795 4543 1883 4604 idem
1902 4558 1960 4604 ca-

313 4638 508 4701 obedientiae
525 4641 764 4716 juramentum,
789 4643 876 4706 idem
905 4664 971 4710 non
1001 4651 1108 4712 solum
1164 4648 1303 4709 nonicus
1323 4647 1464 4723 1616661
1481 4659 1531 4719 se,
1553 4659 1652 4722 quam
1674 4658 1735 4720 per
1752 4640 1959 4704 venerabiles

312 4736 396 4798 illud
421 4736 571 4815 recipere
594 4741 779 4814 recusavit,
803 4759 919 4806 verum
943 4748 1042 4809 etiam
1067 4750 1108 4811 ad
1163 4745 1283 4807 1161166
1302 4744 1433 4807 nostros
1455 4743 1691 4804 Glascucnsem
1711 4743 1744 4802 61
1766 4739 1959 4802 Moravien-

314 4834 432 4897 Sedem
457 4837 680 4914 Apostolicam
707 4841 920 4918 appellando,
950 4862 993 4907 ne
1012 4849 1110 4924 jura·
1164 4859 1233 4905 sem
1261 4843 1451 4922 episcopos,
1481 4840 1514 4902 61
1538 4841 1714 4916 religiosos
1741 4837 1825 4900 61166
1854 4837 1960 4914 ipsum

312 4935 460 4995 mentum
488 4933 570 4997 illud
595 4938 788 5014 praestaret,
816 4941 947 5018 penitus
971 4945 1108 5008 contra·
1164 4941 1290 5019 pluries
1320 4940 1493 5002 caritative
1524 4937 1705 5010 monuerit,
1734 4937 1769 4997 ut
1796 4950 1897 5012 super
1919 4933 1960 4994 iis

313 5030 407 5094 dixit.
438 5033 606 5098 Praeterea
637 5036 785 5099 mandati
812 5041 995 5117 Apostolici
1027 5043 1110 5104 fines
1165 5039 1297 5102 6161116
1317 5037 1510 5100 excessibus
1530 5035 1712 5112 corrigeret
1734 5032 1959 5108 semetipsum,

313 5129 495 5204 excedens,
518 5135 558 5193 A.
587 5133 619 5194 et
640 5136 681 5194 H.
707 5135 748 5196 ad
772 5137 1052 5202 Dumblanensem
1079 5142 1112 5204 et
1164 5138 1251 5200 idem
1272 5137 1304 5198 id
1326 5135 1458 5198 elllcere
1477 5151 1543 5196 non
1564 5133 1704 5196 curavit.
1728 5133 1835 5204 Quum
1858 5129 1964 5204 igitur

311 5227 553 5290 Brekinensem
567 5231 727 5294 ecclesias
744 5233 936 5308 electorum,
952 5237 1030 5300 licet
1044 5239 1112 5302 sint
1165 5237 1248 5309 lraec,
1266 5236 1388 5296 611616
1404 5234 1480 5306 sint,
1496 5249 1562 5294 non
1578 5231 1756 5294 debeamus
1780 5227 1965 5289 conniven-

312 5325 374 5385 iilii
390 5327 608 5400 sacerdotum,
624 5329 819 5393 electionem
832 5333 956 5411 absque
970 5338 1112 5413 Aposto-
1165 5333 1254 5396 tibus
1270 5333 1376 5396 oculis
1391 5331 1605 5409 pertransire,
1629 5327 1828 5398 discretioni,
1845 5325 1964 5386 restrae

315 5420 389 5483 licae
406 5423 500 5484 Sedis
519 5425 767 5503 dispensatione
786 5432 999 5504 confirmans,
1021 5434 1111 5512 16666
1167 5446 1226 5510 661
1239 5431 1432 5508 Α666161166
1448 5429 1572 5506 6611616
1587 5423 1811 5504 praecipiendo
1828 5420 1966 5483 manda·

318 5517 352 5578 in
367 5519 538 5598 episcopos
554 5527 771 5602 consecravit,
790 5529 823 5590 et
837 5529 1009 5593 intentam
1024 5549 1113 5610 prae·
1167 5545 1251 5602 mus,
1270 5529 1432 5608 quatenus
1455 5527 1494 5588 ad
1510 5525 1681 5605 praelatam
1705 5521 1880 5585 ecclesiam
1905 5533 1964 5581 ac-
