4162 6424
106 267 168 326 vsn
735 265 962 326 uets'ronm.
988 267 1063 328 mn.
1089 269 1127 328 n.
1696 277 1755 338 :so

111 425 343 503 appellationis
364 424 547 496 obstaculo,
568 423 716 500 legitime
735 439 904 487 revocare.
962 442 1055 499 sana,
1082 426 1122 488 de
1145 429 1266 500 Leona,
1282 425 1323 490 de
1341 423 1492 500 Bottano,
1516 431 1549 493 et
1562 432 1650 494 inira
1666 437 1757 496 Mar-

112 522 205 584 Nulli
224 539 341 600 ergo...
359 524 478 584 Datum
496 522 663 592 Laterani,
687 525 807 599 quarto
827 538 917 583 non,
961 524 1044 585 ceto.
1069 523 1232 602 Quidquid
1254 523 1382 588 habetis
1407 527 1441 588 in
1466 528 1612 591 eeclesia
1626 532 1757 595 Sanctae

112 619 904 698 decembris,pontificatusnostriannoseouudo.
961 621 1176 698 Mariaejuxta
1187 624 1363 684 ecclesiam
1375 625 1584 688 SanctiPetri
1594 628 1627 688 in
1638 630 1754 705 gradu,

962 718 1054 780 salvo
1071 718 1169 780 solito
1190 735 1293 781 censu
1313 721 1427 782 Pisani
1447 723 1700 804 archiepiscopi,
1724 731 1758 791 et

447 805 569 891 LXXI
783 829 787 836 ·
961 815 1120 893 quidquid
1137 816 1266 879 habetis
1279 821 1378 895 juxta
1391 835 1503 881 muros
1517 822 1673 896 civitatis,
1689 825 1757 886 tam

169 959 221 1018 aa
236 959 425 1018 cainonem
440 956 598 1017 abentem
610 957 645 1016 s.
659 958 845 1018 maumas.
961 912 1111 1070 suggens
1131 929 1228 991 quam
1245 915 1280 975 m
1294 915 1404 979 vineis
1425 918 1519 979 v⁰bi⁸
1539 920 1758 982 nihilominus

963 1023 1000 1070 00
1049 1025 1206 1073 mamus·

410 1077 502 1135 eree.
523 1077 602 1134 ann

1003 1106 1757 1176 Ordinationesmonachorumseuolerlcorum

158 1181 309 1247 [biittarelli
320 1182 432 1234 Annales
446 1181 651 1233 camaldulenses
666 1183 709 1242 lV,
722 1197 782 1248 app.
793 1182 861 1247 als]
962 1205 1159 1278 vestrorum,
1188 1206 1244 1284 qui
1270 1208 1311 1268 ad
1339 1223 1451 1270 sacros
1475 1211 1610 1273 ordines
1635 1211 1759 1275 suerint

109 1297 908 1370 monasteriolusilicnaeltssubbeatiPetnetsuapre
963 1303 1189 1378 promovendi,
1207 1320 1227 1366 a
1246 1304 1435 1368 dioecesano
1459 1309 1649 1387 suscipiatis
1664 1312 1757 1388 epis-

145 1388 269 1445 tectione
284 1387 416 1459 filistiim,
438 1401 596 1459 ⁰¹¹¹¹10⁵<l¹0
615 1387 677 1460 ejus
696 1386 907 1459 ll0⁸⁸0⁸³i⁰110⁸2
964 1414 1057 1476 copo,
1074 1399 1236 1477 siquidem
1249 1402 1433 1465 catholicus
1447 1403 1559 1478 luerit,
1571 1408 1603 1468 et
1615 1409 1759 1483 gratiam

146 1475 231 1545 llinis
244 1476 308 1548 jura
321 1490 358 1532 ⁰⁰
369 1476 519 1548 privilegiu
534 1475 693 1534 fflflfifflii·
931 1503 932 1508 ’
963 1496 1061 1573 atque
1080 1499 1345 1560 communionem
1363 1503 1672 1578 apostolicaesedis
1694 1507 1759 1567 lla-

152 1603 320 1663 Honorius
331 1599 517 1679 episcopus,
528 1617 644 1663 servus
655 1609 827 1662 servorum
837 1600 907 1672 Dei,
963 1591 1082 1673 buerit,
1114 1595 1147 1656 θΐ
1170 1611 1211 1657 ea
1236 1597 1351 1672 gratis,
1383 1599 1416 1660 et
1439 1598 1563 1677 absque
1592 1603 1758 1678 pravitate

110 1699 243 1761 dilectis
281 1699 361 1760 filiis
396 1699 538 1762 (luidoni
573 1697 684 1760 abbati
716 1698 909 1760 monasterii
964 1690 1058 1752 vobis
1099 1692 1244 1753 voluerit
1280 1695 1449 1768 exhihere,
1483 1697 1632 1775 alioquin
1665 1701 1759 1761 vobis

108 1797 221 1860 sancti
237 1789 422 1870 Michaelis,
451 1795 543 1876 quod¹
563 1794 599 1856 in
624 1795 759 1857 civitate
785 1795 909 1856 Pisana
964 1804 1204 1868 quemcumque
1231 1790 1416 1854 malueritis
1441 1794 1640 1856 catholicum
1667 1797 1759 1860 adire

107 1894 211 1954 situm
232 1896 292 1966 est,
312 1897 448 1971 ejusque
467 1892 626 1955 iratribus
644 1893 713 1953 tam
735 1892 912 1968 prasenti·
965 1886 1157 1958 antistitem,
1181 1888 1237 1964 qui
1253 1889 1410 1950 nimirum
1425 1893 1537 1952 nostra
1555 1891 1657 1955 tultus
1675 1911 1759 1955 auc-

105 1991 184 2062 bus‚
197 2005 295 2067 quam
306 1989 426 2052 futuris
440 1990 629 2066 regularem
638 1989 741 2050 vitam
751 1987 910 2066 professis
964 1984 1108 2051 toritate,
1125 1983 1283 2060 vobisque
1305 1987 1472 2063 postulata
1492 1988 1676 2066 indulgeat3
1693 1991 1763 2052 cle-

107 2087 366 2165 inperpetuum.
964 2081 1052 2141 ricos
1062 2095 1153 2152 vero,
1171 2081 1245 2143 sive
1262 2081 1364 2143 laicos
1379 2082 1514 2156 liberos,
1530 2085 1563 2146 et
1580 2085 1759 2159 absolutos

151 2185 262 2248 Ollicii
276 2185 382 2246 nostri
394 2199 454 2246 nos
470 2184 625 2246 admonet
641 2181 674 2246 et
689 2183 811 2245 invitat
824 2197 910 2244 auc·
965 2179 1021 2255 qui
1041 2179 1082 2240 ad
1097 2195 1156 2241 vos
1172 2179 1399 2241 conversionis
1414 2182 1522 2256 gratia
1534 2184 1680 2245 transire
1695 2201 1762 2245 vo-

97 2285 240 2356 -toritas,
264 2286 326 2344 etc.
354 2284 547 2360 Eapropter,
569 2281 681 2343 dilecti
711 2282 745 2342 in
771 2281 910 2342 Domino
964 2275 1107 2350 luerint;
1138 2276 1342 2353 suscipiendi
1370 2276 1522 2340 habeatis
1543 2279 1681 2342 liberam
1706 2280 1761 2343 ia-

109 2381 185 2453 lilii,
198 2381 318 2442 vestris
325 2379 425 2458 justis
436 2377 714 2457 postulationibus
729 2379 911 2440 clementer
965 2373 1132 2434 cultatem.
1149 2373 1197 2434 nd
1213 2373 1285 2434 baec
1300 2377 1475 2449 praesentis
1497 2377 1623 2439 decreti
1645 2393 1762 2439 asser-

107 2479 303 2546 annuimus,
316 2478 348 2538 ei
358 2476 531 2554 praelatum
541 2475 835 2546 monasterium,in
847 2489 911 2552 quo
965 2469 1055 2531 tione
1080 2470 1258 2540 sancimus,
1283 2471 1319 2532 ut
1347 2472 1459 2533 nullus
1487 2473 1576 2534 inira
1601 2475 1762 2536 terminos

108 2576 227 2637 divino
247 2573 427 2651 mancipati
446 2573 526 2634 estis
546 2571 715 2650 obsequio,
732 2572 773 2632 ad
797 2585 912 2631 exem·
965 2566 1132 2643 parochiae
1156 2568 1288 2639 vestrae,
1312 2568 1367 2628 vel
1395 2569 1613 2630 ecclesiarum
1632 2574 1764 2633 vestra-

108 2673 189 2750 plar
203 2671 311 2732 felicis
325 2670 566 2732 recordationis
590 2669 739 2741 Adriani,
756 2667 789 2729 et
809 2667 913 2730 Alex·
965 2679 1050 2736 rum,
1074 2664 1146 2724 sine
1169 2679 1334 2726 consensu
1355 2665 1535 2727 dioecesani
1559 2669 1706 2745 episcopi
1730 2671 1764 2731 et

106 2769 211 2831 andri
229 2768 509 2846 praedecessorum
532 2768 721 2829 nostrorum
743 2767 911 2828 Romano·
964 2761 1087 2833 vestro,
1105 2761 1251 2838 aliquam
1266 2762 1441 2823 ecclesiam
1455 2761 1621 2832 aedificare
1635 2782 1764 2842 praesu-

105 2883 187 2928 rum
209 2865 405 2928 Pontificum
426 2863 487 2926 sub
506 2863 595 2926 beati
614 2863 716 2932 Petri,
741 2863 775 2924 et
797 2863 910 2924 nostra
966 2858 1044 2919 mat
1060 2857 1270 2934 sepulturam
1281 2875 1411 2938 quoque
1423 2860 1530 2937 ipsius
1545 2860 1610 2922 loci
1624 2861 1763 2924 liberam

105 2963 319 3042 protectione
334 2962 545 3039 suscipimus
560 2961 593 3022 et
604 2961 780 3039 praesentis
796 2959 911 3036 scripti
966 2971 1039 3016 esse
1067 2955 1289 3028 decernimus
1317 2957 1355 3018 ut
1379 2973 1493 3019 eorum
1520 2957 1698 3032 devotioni,
1732 2962 1765 3022 et

111 3056 909 3139 patrociniocommunimus.Imprimissiquidem
965 3053 1122 3114 extremae
1142 3052 1315 3126 voluntati,
1333 3053 1390 3131 qui
1404 3071 1440 3116 se
1460 3057 1530 3118 illic
1552 3057 1687 3133 sepeliri
1704 3059 1764 3118 de-

109 3159 313 3231 satuentes,
329 3156 366 3218 ut
380 3156 461 3218 ordo
479 3155 693 3226 monasticus,
712 3155 768 3232 qui
791 3171 911 3215 seeun—
965 3149 1192 3223 liberaverint,
1212 3152 1277 3212 nisi
1293 3152 1377 3214 torte
1397 3155 1687 3228 excommunicati,
1709 3155 1763 3218 vel

109 3255 189 3316 dum
217 3257 332 3326 Deum,
360 3254 393 3316 et
420 3252 527 3315 sancti
553 3251 723 3314 Benedicti
746 3251 908 3327 regulam,
965 3247 1133 3309 interdicti
1149 3248 1225 3320 sint,
1249 3249 1361 3309 nullus
1377 3249 1526 3328 obsistat,
1543 3253 1762 3314 salvatamen

109 3353 211 3430 atque
244 3350 529 3412 camaldulensem
564 3347 848 3418 consuetudinem,
874 3347 910 3408 in
961 3345 1093 3422 justitia
1108 3345 1242 3406 illarum
1257 3347 1485 3420 ecclesiarum,
1500 3348 1666 3426 inquibus
1678 3366 1764 3410 mor·

109 3451 229 3510 ecdem
257 3447 459 3512 monastario
489 3445 697 3521 dignoscitur
726 3444 908 3516 institutus,
965 3442 1097 3503 tuorum
1113 3456 1254 3518 corpora
1267 3445 1492 3505 assumuntur.

111 3545 234 3608 suturis
268 3545 391 3605 ibidem
425 3541 630 3620 temporibus
672 3540 912 3602 inviolabiliter
1007 3539 1222 3598 Decernimns
1238 3555 1329 3614 ergo,
1346 3541 1407 3600 etc.

111 3641 340 3703 conservetur.
358 3641 525 3701 Praeterea
543 3651 767 3715 quascumque
779 3653 912 3714 posses-
949 3673 952 3680 -
1006 3637 1074 3710 Ego
1089 3635 1458 3708 Honoriuscatbolicae
1470 3637 1626 3700 Ecclesiae
1639 3641 1764 3716 episco-

112 3739 237 3811 siones,
251 3753 467 3815 quaecumque
479 3735 566 3796 bona
575 3735 660 3796 idem
674 3733 911 3796 monasterium
966 3747 1028 3809 pus
1044 3747 1088 3792 ss.

111 3835 147 3896 in
161 3835 416 3914 praesentiarum
425 3833 514 3911 juste
530 3833 563 3894 et
577 3831 737 3894 canonice
753 3830 909 3908 possidet,
1006 3830 1074 3904 nge
1108 3827 1302 3903 Nioholans,
1335 3833 1592 3895 Tusculanensis
1632 3836 1764 3913 episco-

113 3934 172 3994 aut
188 3934 223 3994 in
238 3932 386 3994 sutorum
399 3930 614 3992 concessione
625 3929 828 4006 pontificum,
843 3927 913 3989 lar-
967 3941 1029 4003 pus
1044 3941 1088 3987 ss.

113 4029 240 4103 giticne
249 4045 365 4106 regum
374 4028 428 4089 vel
438 4027 636 4105 principum,
654 4025 820 4088 oblatione
830 4025 914 4086 ilde-
1006 4025 1075 4101 Ego
1090 4025 1207 4098 Guido,
1223 4027 1450 4089 Praenestinus
1465 4029 1640 4106 episcopus
1656 4047 1701 4091 ss.

113 4125 208 4199 lium,
225 4141 284 4188 seu
299 4126 376 4186 aliis
387 4125 488 4203 justis
505 4124 623 4195 modis,
641 4123 819 4200 praestante
843 4125 911 4184 Do·
1007 4123 1075 4198 Ego
1090 4122 1219 4195 Petrus,
1238 4123 1436 4185 Sabinorum
1452 4125 1627 4202 episcopus
1649 4144 1693 4188 ss.

113 4222 217 4293 mino,
235 4221 356 4300 peterit
377 4221 528 4298 adipisci,
553 4221 648 4280 firma
663 4219 757 4281 vobis
774 4221 914 4282 vestris·
1006 4221 1074 4294 Ego
1087 4219 1254 4296 Pelagius,
1267 4219 1468 4281 albanensis
1480 4222 1657 4300 episcopus
1669 4241 1712 4284 ss.

112 4333 177 4394 que
201 4319 449 4381 successoribus
473 4319 506 4379 et
524 4316 660 4378 illabata
684 4318 910 4394 permaneant,
1007 4318 1075 4392 Ego
1088 4319 1166 4389 Lec,
1178 4315 1227 4378 tit.
1239 4318 1368 4379 Sanctae
1379 4319 1492 4380 Crucis
1505 4319 1540 4379 in
1554 4318 1762 4382 Hierusalem

112 4413 147 4475 in
163 4418 364 4493 quibusbaec
374 4416 519 4494 propriis
530 4415 686 4476 duximus
696 4413 912 4492 exprimenda
968 4413 1079 4491 presb,
1093 4413 1183 4475 card.
1201 4429 1244 4474 ss.

112 4515 305 4576 vocabulis:
323 4503 432 4576 locum
451 4513 571 4591 ipsum,
597 4512 633 4572 in
655 4526 720 4588 quo
739 4511 911 4589 praelatum
1007 4513 1076 4586 Ego
1086 4511 1217 4583 Petrus,
1236 4511 1365 4573 Sanctae
1380 4511 1659 4578 pudentianam.
1677 4519 1762 4577 Pas·

112 4611 352 4673 monasterium
372 4610 472 4672 situm
490 4609 550 4680 est,
572 4623 648 4670 cum
662 4608 817 4670 munibus
831 4623 911 4686 per·
966 4609 1048 4671 toris
1064 4607 1172 4686 presb.
1187 4610 1277 4670 card.
1292 4625 1336 4670 ss

112 4701 264 4767 tinentiis
275 4707 547 4768 suisllcclesiam
561 4707 675 4768 Sancti
688 4707 859 4768 Laurentii
872 4707 912 4768 de
1007 4707 1074 4782 Ego
1110 4705 1285 4779 liebertus,
1321 4707 1372 4769 ut.
1399 4707 1512 4769 Sancti
1541 4709 1701 4787 Stephani
1730 4711 1764 4771 in

114 4798 249 4864 Rivolta
264 4817 338 4864 cum
364 4803 522 4880 hospitali
542 4805 575 4864 et
595 4803 806 4882 pertinentiis
830 4805 910 4866 suis.
967 4804 1070 4866 Coelio
1085 4806 1197 4866 monte
1211 4803 1321 4880 presb.
1338 4805 1428 4865 card.
1446 4819 1490 4864 ss.

113 4892 298 4960 Ecclesiam
321 4901 444 4961 sanctae
465 4899 609 4962 ceciliae.
630 4903 689 4963 Jus
705 4901 852 4964 sestmm
876 4901 913 4962 in
1007 4905 1074 4980 Ego
1087 4901 1285 4978 Stephanus,
1299 4901 1447 4962 basilicae
1457 4903 1519 4963 XII
1530 4905 1764 4980 Apostolorum

114 4993 260 5058 ecclesia
286 4997 394 5058 sancti
425 4995 653 5073 christophori
681 4998 721 5059 de
741 4998 912 5074 Galignola
967 4997 1076 5076 presb.
1093 4997 1183 5059 card.
1202 5013 1246 5059 ss.

114 5101 191 5152 cum
212 5093 351 5170 integris
370 5093 539 5172 parochiis
555 5093 589 5155 et
611 5093 811 5156 dioecesibus
830 5097 910 5157 suis.
1008 5097 1077 5173 ligo
1111 5096 1305 5172 Gregorius,
1332 5097 1382 5160 tit.
1412 5095 1542 5158 saneta
1577 5097 1764 5159 Anastasia

114 5187 272 5253 Eremum
292 5193 482 5254 sanctorum
495 5190 630 5263 Verani,
653 5195 685 5252 et
696 5191 822 5264 iacobi,
839 5209 912 5270 quse
967 5193 1074 5274 presb.
1092 5194 1183 5256 card.
1200 5209 1244 5255 ss.

114 5286 226 5358 posita
240 5292 298 5352 est
317 5290 352 5352 in
369 5287 555 5352 confinibus
569 5287 670 5359 calci,
700 5289 737 5350 in
760 5289 832 5351 loco
856 5290 914 5367 qui
1007 5293 1076 5369 Ego
1110 5290 1322 5365 Octavianm,
1359 5291 1554 5354 Sanctorum
1597 5291 1705 5368 Sergii
1733 5295 1766 5355 ct

115 5379 239 5447 dicitur
255 5389 450 5466 Costacqua,
464 5401 539 5447 cum
557 5385 709 5447 omnibus
723 5387 911 5463 possessio·
967 5388 1090 5450 Bacchi
1104 5387 1190 5450 diac.
1207 5389 1297 5452 card.
1315 5403 1359 5450 ss.

117 5475 215 5542 nibus
231 5485 264 5547 et
279 5485 489 5562 pertinentiis
505 5485 586 5546 suis.
604 5484 768 5562 Quidquid
783 5484 912 5546 habetis
1007 5489 1076 5564 ligo
1091 5485 1279 5560 Rainerius,
1296 5488 1426 5550 Sanctae
1444 5487 1559 5550 Mariae
1582 5489 1617 5550 in
1632 5487 1767 5550 cosme-

118 5569 152 5632 in
165 5578 247 5642 villa
260 5583 300 5644 de
318 5584 497 5654 Gbessano,
511 5583 551 5644 de
565 5582 747 5658 Calignola,
768 5583 809 5643 de
824 5585 914 5643 Mes·-
967 5582 1024 5644 din
1039 5583 1124 5645 diac.
1139 5585 1229 5646 card.
1247 5601 1291 5645 ss.
