4234 6408
131 269 193 334 153
765 261 993 324 ErisTouru.
1017 263 1096 326 LIB.
1119 265 1145 325 Ι.
1720 273 1776 336 154

133 445 228 510 Sedis
241 440 429 519 benignitas
444 440 520 502 illos
535 453 771 516 nonnunquam
786 454 929 500 consue·
984 456 1044 502 sua
1070 440 1166 502 nobis
1192 441 1418 504 insinuatione
1444 445 1652 519 monstravit,
1678 449 1776 526 quod,

133 543 178 607 vit
199 541 242 604 ab
266 538 456 618 buJusmodi
485 537 757 600 constitutionum
786 535 929 614 impedi·
984 555 1086 615 quum
1107 539 1178 620 ipse
1193 555 1268 600 cum
1285 540 1428 602 Lodoico
1452 542 1673 620 primogenito
1690 546 1779 624 regis

133 641 243 704 mento
271 636 466 708 subducere,
497 651 578 714 quos
602 649 622 696 a
643 634 818 714 parentum
838 632 930 695 vitiis
985 636 1135 698 Franciae
1158 636 1200 698 ad
1231 638 1458 715 occupandum
1484 655 1624 716 regnum
1652 643 1780 720 Angliae

135 737 244 816 gratia
278 735 501 815 praeveniente
539 731 716 794 subductos
753 731 931 794 virtutibus
985 731 1243 806 transfretasset,
1262 733 1294 795 et
1308 733 1431 797 ibidem
1450 734 1568 799 fuisset
1587 737 1780 816 aliquandiu

136 833 297 913 conspicit
306 832 465 904 eminere,
475 846 535 893 neo
543 830 680 907 indigue
690 829 932 906 illostanquam
987 830 1219 903 commoratus
1237 831 1315 908 quia
1328 831 1438 908 ipsum
1452 848 1625 896 reversum
1649 836 1690 898 ad
1703 853 1783 913 pro-

137 934 301 1010 tegitimos
317 931 352 992 in
374 929 573 992 dominicam
588 927 817 992 haereditatem
832 941 932 987 assu·
988 929 1061 1004 pria
1076 943 1195 989 manus
1209 929 1340 991 Domini
1353 929 1436 992 adeo
1450 929 1580 994 fortiter
1594 933 1780 1010 castigavit,

137 1031 206 1103 mit,
221 1028 386 1091 desectum
407 1026 648 1088 dissimulando
662 1025 836 1094 natalium,
851 1040 933 1102 quos
988 1024 1073 1102 quod
1088 1025 1268 1088 tradendus
1297 1027 1395 1088 morti
1410 1043 1430 1089 a
1449 1029 1600 1104 pluribus
1624 1031 1784 1094 credeba-

137 1127 330 1190 meritorum
348 1124 457 1202 gratia
472 1124 671 1201 insigniores
685 1123 759 1201 ipsa
772 1121 935 1198 legitimat
988 1124 1060 1198 tur3
1083 1123 1172 1185 inter
1195 1124 1329 1200 nagelta
1348 1125 1380 1188 et
1394 1126 1596 1189 infirmitatis
1611 1130 1784 1206 angustias

138 1225 360 1304 praerogativa
371 1222 627 1300 virtutum,quia
638 1221 765 1282 Pheres
776 1221 808 1282 et
818 1223 934 1281 laram
989 1236 1109 1282 nomeu
1125 1221 1255 1282 Domini
1274 1222 1410 1284 timidus
1426 1223 1604 1298 invocavit,
1621 1227 1664 1298 et,
1686 1226 1786 1288 exbi-

139 1325 179 1385 de
187 1319 468 1398 Thamargenitos
479 1317 690 1395 Evangelista
700 1318 807 1394 regali
817 1333 936 1394 genea-
989 1317 1058 1380 bita
1077 1319 1244 1396 juratoria
1259 1321 1413 1382 cautione
1435 1323 1522 1398 quod
1543 1323 1701 1385 Ecclesiae
1717 1327 1790 1408 lto-¹

139 1420 239 1496 logiae
260 1417 414 1488 intexuit,
441 1417 474 1478 et
495 1431 635 1494 regnum
656 1415 842 1477 Salomonis
865 1415 936 1476 nati
990 1433 1098 1478 manae
1112 1416 1268 1478 mandato
1280 1419 1423 1495 pareret,
1437 1419 1471 1480 et
1480 1421 1704 1496 apostolicam
1721 1423 1785 1484 Se-

140 1534 184 1580 ex
203 1532 243 1578 ea
263 1531 336 1594 quae
358 1513 420 1576 luit
435 1514 524 1576 Uriae
543 1513 702 1574 Dominus
716 1512 933 1574 confirmavit.
991 1514 1076 1586 dem,
1108 1514 1303 1591 quantocius
1332 1516 1455 1593 posset,
1483 1532 1543 1593 per
1577 1533 1613 1578 se
1650 1518 1704 1579 vel
1727 1534 1788 1597 per

141 1617 222 1678 Cum
247 1614 350 1691 igitur
373 1611 469 1673 multi
489 1611 636 1688 episcopi
659 1610 784 1688 aliique
807 1609 937 1688 praelati
992 1612 1151 1673 nuncium
1171 1612 1341 1689 proprium
1356 1613 1518 1683 visitaret,
1534 1613 1575 1675 ab
1591 1631 1786 1677 excommu-

140 1713 259 1775 merito
287 1711 351 1772 ilde
366 1709 477 1786 digni,
503 1708 565 1770 tibi
588 1709 628 1770 de
651 1707 721 1770 vita
742 1709 775 1770 et
798 1707 937 1769 scientia
992 1709 1170 1772 nicationis
1191 1709 1326 1772 vinculo
1346 1725 1422 1788 quo,
1445 1712 1581 1788 propter
1599 1712 1789 1776 infestatio-

140 1809 366 1873 testimonium
386 1806 554 1868 laudabile
570 1804 796 1884 perhibentes,
819 1803 938 1866 humili
993 1823 1069 1870 nem
1083 1807 1178 1883 regni
1193 1807 1342 1884 praedicti
1356 1808 1532 1870 tenebatur
1546 1811 1712 1884 astrictus,
1728 1827 1789 1888 per

143 1907 238 1970 nobis
253 1903 412 1968 instantia
427 1903 666 1982 supplicarunt,
680 1901 940 1980 utimpedimen·
992 1905 1200 1966 venerabiles
1234 1904 1355 1967 fratres
1393 1906 1525 1968 nostros
1556 1909 1788 1969 Cenomanen-

142 2007 223 2078 tum,
250 2002 336 2083 quod
357 2003 424 2065 tuae
446 2001 645 2080 promotioni
669 2001 805 2078 opponit
826 1998 939 2061 delec-
994 2019 1063 2064 sem
1090 2000 1137 2082 (1)
1166 2003 1200 2064 et
1235 2001 1508 2078 andegavensem
1537 2001 1584 2083 (2)
1615 2005 1789 2084 episcopos

144 2103 197 2166 tus
224 2100 386 2164 natalium
416 2113 456 2161 eo
482 2097 567 2176 quod
597 2114 617 2160 a
645 2097 741 2160 bonae
770 2097 939 2159 memorie
994 2097 1121 2163 exstitit
1140 2099 1237 2178 Juxta
1258 2097 1398 2160 formam
1421 2101 1578 2163 Ecclesiae
1606 2101 1788 2164 absolutus.

145 2200 301 2278 Philippo
337 2195 500 2260 Parisien.
538 2195 772 2258 archidiacono
807 2194 940 2272 genitus
995 2197 1207 2260 Postmodum
1217 2197 1477 2274 vero‚gravioris
1487 2197 1689 2263 infirmitatis
1702 2201 1795 2278 peri-

145 2296 296 2368 extitisti,
318 2309 473 2356 amovere
496 2309 556 2372 per
583 2293 842 2371 dispensationis
863 2308 942 2370 gra·
996 2294 1070 2358 culo
1086 2294 1307 2371 angustiatae,
1324 2294 1504 2358 salutiferae
1524 2297 1633 2358 crucis
1650 2297 1792 2360 charac-

145 2396 226 2458 tiam
243 2393 468 2470 dignaremur,
486 2406 561 2453 cum
573 2389 736 2452 deiectum
750 2387 942 2467 hujusmodi
996 2393 1066 2454 tere
1080 2407 1116 2454 se
1129 2392 1314 2454 munivitin
1326 2395 1437 2456 Terrae
1451 2395 1581 2456 Sanctae
1596 2394 1791 2468 subsidium,

147 2492 326 2554 multorum
346 2490 492 2552 redimas
513 2489 639 2552 tessera
653 2487 867 2562 meritorum3
882 2501 942 2547 nos
997 2505 1057 2566 pro
1072 2489 1299 2552 satisfactione
1325 2491 1431 2566 culpae
1451 2507 1550 2567 quam
1569 2491 1793 2568 aggrediendo

148 2589 308 2662 volentes,
325 2588 412 2650 sicut
424 2587 560 2664 dignum
574 2586 633 2659 est,
650 2585 687 2647 ut
701 2585 775 2662 plus
789 2584 851 2646 tibi
865 2599 944 2661 pro-
998 2603 1137 2664 regnum
1145 2585 1319 2664 praefatum
1330 2586 1552 2656 commiserat,
1564 2588 1792 2666 prolecturus:

150 2688 218 2750 sint
242 2686 376 2764 propria
404 2685 534 2756 merita,
572 2699 670 2761 quam
699 2681 796 2760 culpa
826 2681 944 2744 noceat
998 2684 1096 2746 nobis
1119 2684 1289 2748 humiliter
1304 2684 1494 2762 supplicans
1524 2686 1570 2758 ut,
1605 2686 1794 2764 aperientes

149 2785 271 2856 aliena,
288 2783 509 2861 dispensando
519 2780 717 2843 auctoritate
727 2779 787 2841 tibi
801 2793 945 2857 praesen·
999 2781 1064 2858 sibi
1075 2782 1272 2860 Apostolicae
1287 2781 1450 2859 gremium
1470 2783 1614 2860 pietatis,
1630 2783 1793 2847 indultam

150 2884 233 2944 tium
247 2880 468 2957 indulgemus,
490 2879 575 2942 utin
591 2875 820 2956 spiritualibus
840 2877 946 2954 impe-
1000 2879 1239 2954 crucesignatis
1251 2878 1383 2940 veniam
1396 2879 1503 2940 eidam
1527 2895 1570 2940 en
1586 2880 1796 2958 superabun-

151 2980 333 3042 dimentum
360 2978 422 3040 tibi
444 2977 530 3038 nibil
560 2975 685 3038 officiat
714 2975 943 3046 memoratum,
1000 2975 1091 3039 danti
1101 2977 1209 3054 gratia
1222 2975 1404 3038 concedere
1416 2976 1641 3054 dignaremur.

152 3078 209 3140 sed
224 3091 264 3140 eo
278 3091 345 3138 non
359 3075 509 3138 obstante
519 3074 623 3136 libere
635 3074 749 3136 valeas
762 3073 795 3135 et
809 3088 945 3151 promo·
1039 3075 1108 3135 Nos
1120 3073 1233 3150 igitur,
1262 3073 1339 3135 licet
1353 3073 1511 3136 immeriti
1525 3077 1597 3152 ejus
1611 3074 1718 3136 vicem
1737 3090 1797 3152 ge·

151 3175 225 3238 veri
238 3175 279 3235 ad
295 3189 408 3236 sacros
428 3173 572 3245 ordines,
593 3174 627 3235 et
646 3173 688 3233 ad
702 3170 947 3234 ecclesiasticas
1001 3171 1112 3234 rentes
1138 3172 1173 3233 in
1194 3171 1294 3233 terris
1316 3171 1373 3250 qui
1394 3170 1560 3234 neminem
1584 3171 1655 3234 vult
1675 3173 1796 3250 perire,

153 3271 332 3349 dignitates
348 3271 485 3333 assumi.
508 3270 600 3332 Nulli
616 3285 706 3347 ergo,
732 3271 807 3342 etc,
824 3269 948 3330 nostrae
1003 3269 1113 3331 datam
1124 3267 1366 3330 absolutionem
1376 3268 1480 3330 nobili
1495 3269 1676 3331 memorato
1691 3271 1799 3333 ratam

154 3368 422 3448 dispensationis,
437 3368 499 3430 etc.
524 3368 559 3428 Si
572 3367 647 3445 quis
659 3367 781 3439 autem,
797 3366 860 3428 etc.
879 3367 949 3427 lia·
1003 3367 1191 3439 habuimus
1210 3365 1360 3427 eumdem
1380 3365 1646 3442 crucesignatum
1659 3368 1798 3444 aposto-

154 3470 225 3530 tum
247 3466 414 3539 Laterani,
437 3467 481 3528 IV
502 3481 607 3527 nonas
626 3464 787 3544 januarii,
813 3463 950 3541 pontin·
1005 3463 1078 3525 licae
1103 3457 1319 3542 protectionis
1344 3461 1458 3539 clypeo
1485 3462 1676 3523 muniendo.
1706 3466 1799 3534 Quo-

155 3566 250 3628 catus
262 3565 367 3627 nostri
383 3579 471 3626 anno
485 3563 604 3641 primo.
1006 3559 1095 3623 circa
1132 3558 1325 3620 discretioni
1356 3559 1476 3620 vestrae
1518 3575 1578 3635 per
1616 3559 1800 3636 apostolica

877 3737 880 3742 Ι
1007 3655 1131 3733 scripta
1150 3655 1358 3729 mandamus,
1380 3656 1552 3733 quatenus,
1569 3657 1802 3734 praecipientes

496 3749 616 3836 CXXI
1006 3754 1194 3816 vicecomiti
1217 3753 1413 3826 memorato,
1430 3754 1490 3815 sub
1523 3749 1633 3818 debito
1657 3757 1800 3833 praestiti

197 3906 250 3966 Ad
264 3904 558 3976 archiepiscopum
578 3897 611 3961 et
635 3897 913 3958 archidiaconum
1004 3853 1197 3930 juramffifi’
1219 3851 1305 3932 qu⁰d
1318 3851 1406 3915 di⁰t⁰
1430 3854 1466 3914 L·
1484 3850 1524 3964 (ἶ)
1544 3855 1576 3916 et
1590 3855 1667 3916 aliis
1680 3854 1721 3916 de
1736 3871 1805 3918 ⁰³⁰*

450 4000 499 4058 Tu
1008 3951 1080 4012 tero
1104 3949 1145 4012 ad
1170 3950 1397 4029 occupandum
1422 3951 1477 4012 vel
1502 3952 1724 4014 invadendum
1749 3969 1807 4014 re-

466 4008 676 4173 3Ξ31Ἕῖ8
1009 4065 1110 4126 gnum
1133 4049 1328 4126 praedictum
1350 4049 1465 4110 contra
1489 4051 1674 4110 Romanam
1688 4050 1806 4112 Eccle-

207 4201 328 4266 magam„
339 4197 385 4258 lib,
398 4199 418 4256 l,
429 4195 514 4262 epist..
527 4193 853 4260 litti.-Bouquet,ltecueil
865 4193 911 4244 des
1011 4148 1095 4256 Βίῳ
1118 4145 1266 4255 savorem,
1290 4161 1357 4207 non
1382 4145 1540 4206 exhibeat
1566 4146 1619 4208 vel
1634 4149 1806 4255 juvamen,

368 4277 515 4341 historiens,
528 4281 547 4328 t.
562 4277 631 4336 m,
642 4293 669 4342 p,
680 4275 749 4340 522}
1011 4243 1119 4305 erdem
1140 4241 1337 4304 auctor1tate
1352 4245 1465 4302 nostra
1482 4241 1682 4318 postulatam
1696 4241 1809 4303 indul-

159 4388 246 4447 lubet
269 4385 474 4460 profectionem
495 4384 631 4442 maturari
651 4381 761 4440 deulll
781 4380 958 4440 Bellimontis
1012 4341 1157 4450 gentiam
1168 4338 1370 4449 ⁶⁰¹¹⁰³d³t}⁹’
1383 4336 1447 4399 Sibi
1458 4338 1597 4401 firmiter
1606 4340 1810 4450 if¹j¹¹n80nd⁰
1857 4439 1862 4449 ¹

196 4477 227 4534 in
256 4475 450 4534 cenomannia
478 4473 669 4542 vicecomitis,
696 4471 758 4544 qui,
784 4469 959 4528 ludovicum
1014 4436 1059 4510 Ἦν
1077 4453 1155 4519 ‘1⁰¹³
1169 4437 1422 4499 nostermfflum
1445 4437 1485 4498 ‘¹⁰
1500 4438 1808 4515 ⁰P¹¹⁰⁰⁸¹ss¹¹at⁰fflm
1906 4500 1910 4510 -

196 4564 278 4638 regis
297 4563 420 4638 Philippi
438 4562 528 4620 filium
542 4561 695 4619 comitatus
709 4559 745 4618 ad
759 4557 894 4633 Angliam
908 4572 958 4614 ex·
1015 4535 1170 4614 938338ῑο
1196 4535 1232 4596 in
1252 4535 1402 4611 generali
1426 4535 1574 4599 Concilio
1593 4537 1812 4600 Lateranesssi

199 4651 398 4726 pugnandam,
418 4659 447 4708 et
468 4657 567 4724 postea
591 4649 658 4708 iactr
672 4649 825 4722 poenitens,
852 4645 888 4704 ab
913 4661 961 4704 ex·
1016 4633 1173 4696 statutum
1188 4648 1255 4695 non
1277 4631 1432 4694 duximus
1447 4634 1703 4723 prorogandum,
1724 4649 1814 4712 pree-

197 4741 466 4799 communieationis
478 4739 594 4798 vinculo
605 4753 662 4811 quo
676 4744 792 4812 propter
810 4735 867 4794 hoc
880 4743 960 4793 tene·
1017 4746 1137 4808 parare
1152 4730 1282 4792 studeat
1300 4746 1336 4792 se
1356 4731 1398 4793 ad
1414 4731 1489 4804 iter,
1509 4732 1556 4804 ut,
1573 4732 1602 4794 si
1617 4732 1732 4794 eodem
1745 4733 1815 4794 ter-

197 4829 293 4899 btlssb
311 4828 419 4886 absolvi
443 4829 647 4901 l>0⁸⁸l1¹³lel⁸t
667 4834 696 4886 et
712 4825 807 4885 itineri
825 4825 965 4898 ierosoly-
1019 4829 1109 4890 mino
1124 4843 1268 4906 congrue
1281 4829 1412 4905 poterit,
1422 4845 1497 4890 cum
1506 4830 1655 4891 exercitu
1667 4831 1816 4892 trauseat

199 4919 311 4976 m¹¹³¹²⁰
323 4931 355 4975 ⁸⁶
365 4915 533 4974 demerit·
1020 4925 1195 5001 Cruciflxi3
1212 4925 1276 4998 vel,
1298 4924 1327 4986 si
1341 4925 1420 4987 tunc
1435 4925 1521 4987 sorte
1535 4927 1733 5003 nequiverit,
1751 4942 1815 5002 pa-

203 5034 376 5097 Honorius·
410 5033 596 5111 episcopus,
644 5031 836 5096 venerabili
871 5030 967 5093 fratri
1021 5024 1114 5087 ratus
1122 5022 1254 5094 existat,
1264 5021 1305 5083 ad
1316 5021 1508 5083 mandatum
1516 5023 1676 5095 nostrum,
1687 5022 1818 5100 quando

164 5132 415 5209 archiepiscopo
440 5128 480 5210 (*)
500 5133 534 5192 et
561 5130 680 5192 dilecto
704 5130 775 5192 illio
797 5131 834 5190 (i.
851 5128 967 5190 archi·
1023 5122 1118 5184 nobis
1128 5121 1300 5199 placuerit,
1313 5122 1450 5200 exsequi
1463 5122 1575 5184 votum
1586 5124 1820 5186 suumiiatum

164 5232 305 5293 diacono
318 5226 579 5300 Turonensibus,
593 5226 655 5289 etc.
1025 5220 1200 5292 Laterani,
1225 5219 1269 5281 lll
1297 5235 1403 5282 nonas
1424 5221 1585 5298 januarii,
1609 5221 1821 5299 pontificatus

206 5326 335 5390 Nobilis
358 5327 412 5390 vir
434 5329 474 5390 n.
492 5324 532 5406 (ζ)
551 5325 735 5388 vicecomes
760 5323 969 5386 Bellimontis
1025 5319 1131 5381 nostri
1146 5333 1234 5380 anno
1248 5316 1368 5395 primo.

214 5457 251 5531 (⁵)
269 5459 372 5518 loanni
386 5457 422 5517 de
434 5460 520 5532 Faya.

205 5531 243 5605 (·)
264 5527 414 5588 liedulfus.
1063 5447 1077 5671 Ξ
1127 5520 1281 5606 Ludovico.

1078 5595 1101 5668 ⁸)
1122 5593 1292 5651 Gurllelmun
1306 5591 1341 5650 de
1352 5592 1537 5651 bellomonte.

1152 5682 1174 5742 t

1077 5450 1106 5596 ἐξ
1126 5450 1318 5510 llamelinum.
