4200 6394
127 321 170 381 97
561 322 647 386 vul.
667 319 773 387 -IN
796 321 930 399 FESTQ,
949 320 1098 385 sartum
1123 320 1349 387 SILVESTRI.
1745 335 1786 395 ⁰8

129 484 231 548 viana
263 482 357 548 Patri
385 485 544 562 mquam
579 483 759 548 familiaris
793 483 930 558 victori,
986 479 1098 558 dotes3
1114 481 1202 561 quod
1217 481 1317 548 hodie
1328 485 1442 564 posset
1456 489 1611 558 Summus
1622 493 1785 560 Sacerdos

128 585 292 662 tanquam
326 582 517 660 unigenitus
543 582 647 647 Patri.
675 585 742 646 Per
764 581 931 646 Christum
986 581 1146 643 Romane
1169 580 1327 645 acclesiae
1346 599 1366 646 a
1385 585 1570 652 minoribus
1595 593 1785 656 sacerdoti-

128 686 223 748 enim
240 684 341 746 Pater
352 681 435 744 uicit
448 681 619 755 mundum,
639 681 719 759 quia
740 681 852 744 omnia
871 684 931 742 Pa·
984 679 1057 752 bus,
1075 679 1104 740 si
1117 679 1229 756 petere
1243 680 1353 744 vellet.
1375 684 1453 749 Fuit
1467 703 1547 765 ergo
1561 691 1784 755 sacerdotium

128 785 184 846 ter
198 781 355 862 operatur
369 795 429 860 ρον
442 780 576 842 Filium.
628 805 629 808 ¹
668 831 669 834 ,
767 832 769 836 .
985 777 1108 839 Christi
1130 777 1307 854 figuratum
1329 796 1388 858 per
1410 783 1476 846 duo
1493 788 1701 851 sacerdotia:
1724 807 1785 868 ρον

172 879 334 944 Obtulit...
365 881 403 940 In
428 880 522 941 textu
549 894 691 957 namque
712 894 779 940 non
797 877 931 939 inveni·
985 876 1206 940 sacerdotium
1235 879 1480 944 Melchisedech
1506 886 1593 962 quod
1622 887 1685 950 iuit
1705 891 1783 952 anta

128 979 187 1042 tur
214 977 255 1038 de
281 975 470 1038 obviatione
491 975 734 1038 Melchisedech
758 975 800 1038 ad
822 974 931 1037 Abra·
984 975 1102 1052 legem,
1118 993 1179 1056 per
1197 978 1418 1042 sacerdotium
1431 981 1600 1046 leviticum
1620 987 1706 1065 quod
1721 987 1785 1051 suit

128 1077 227 1149 ham,
256 1074 314 1137 sed
349 1074 472 1136 dicitur
506 1073 591 1152 prod
619 1089 680 1136 rex
713 1074 929 1136 Sodomorum
984 1075 1190 1152 postlegem.

128 1189 286 1253 egressus
303 1171 402 1235 estin
417 1187 558 1234 occursu
572 1175 656 1251 ejus,
672 1173 758 1234 idest
773 1171 927 1234 Abrahae.
1023 1177 1110 1236 Ecce
1124 1177 1293 1239 Sacerdos
1307 1193 1495 1254 meantes...
1513 1181 1661 1252 Quatuor
1675 1184 1781 1246 modis

129 1276 226 1345 Item,
238 1271 389 1350 quamvis
402 1271 448 1332 ita
459 1270 590 1333 dicatur
600 1271 831 1340 communiter,
843 1270 928 1349 quod
983 1269 1107 1333 dicitur
1120 1271 1156 1333 in
1179 1273 1349 1351 Scriptura
1369 1291 1528 1353 magnus:
1549 1295 1690 1356 magnus
1707 1281 1785 1344 otil-

127 1369 376 1432 Melchisedech
399 1367 518 1432 obtulit
545 1368 577 1430 ei
603 1385 722 1446 panem
746 1368 779 1431 et
801 1368 927 1441 vinum,
983 1369 1046 1442 cio,
1076 1385 1217 1446 magnus
1246 1372 1408 1450 exemplo,
1440 1391 1579 1452 magnus
1608 1378 1781 1455 suffragio,

127 1471 244 1532 tamen
272 1467 321 1528 sic
347 1467 488 1528 dicitur:
517 1468 710 1541 Proserens
732 1481 864 1542 panem
895 1467 929 1529 et
983 1482 1123 1544 magnus
1138 1469 1281 1548 eloquio.
1301 1472 1442 1548 Magnus
1458 1472 1579 1542 oiticio,
1596 1476 1673 1554 quia
1690 1479 1783 1539 Sum·

127 1571 254 1630 viseum
267 1563 361 1644 (erat
379 1567 472 1628 enim
490 1567 653 1627 sacerdos
670 1567 735 1627 Det
745 1563 929 1644 ditissimi)
983 1565 1229 1640 musPontiiex,
1242 1568 1573 1643 honorumomnium
1584 1572 1782 1649 dignitatum
1901 1643 1905 1648 ,

125 1666 163 1728 et
186 1663 365 1728 benedt-cit
390 1665 423 1726 et
448 1660 544 1743 (Gen.
565 1679 634 1736 xlv,
663 1662 728 1744 19).
754 1663 818 1726 Sed
842 1663 928 1742 quod
983 1679 1050 1726 non
1066 1664 1173 1726 solum
1194 1665 1257 1728 tuit
1278 1682 1417 1743 magnus
1439 1668 1497 1730 sed
1519 1670 1695 1746 maximus,
1722 1690 1782 1734 sa-

126 1762 252 1825 ohtth
269 1762 313 1835 ei,
333 1775 400 1823 non
419 1762 544 1838 legitur
561 1761 597 1824 in
620 1762 714 1825 textu
732 1763 857 1826 nostro.
886 1763 930 1825 Ut
984 1762 1100 1824 cardos
1111 1763 1332 1838 sacerdotum,
1346 1765 1442 1844 pater
1453 1767 1596 1843 patrum,
1610 1785 1784 1833 successor

127 1861 232 1923 credo
250 1863 375 1932 tamen,
393 1860 573 1922 secundum
598 1860 701 1922 aliam
724 1859 881 1934 htteram,
899 1861 929 1922 si
983 1861 1076 1923 Petri
1097 1862 1130 1924 at
1146 1862 1294 1924 vicarius
1313 1865 1394 1926 Jesu
1422 1864 1564 1927 Christi:
1587 1869 1696 1944 Ipsum
1721 1885 1784 1930 au-

127 1959 195 2021 hoc
209 1958 412 2033 inveniatur,
434 1958 482 2021 sic
496 1957 593 2021 debet
607 1959 741 2037 exponi,
762 1958 848 2037 quod
863 1959 929 2021 du·
982 1957 1049 2020 tem
1068 1960 1256 2037 apostolum
1282 1961 1418 2024 Petrum
1439 1963 1611 2027 constituit
1632 1965 1783 2031 Christus

129 2058 253 2136 plicam
272 2056 377 2136 gessit
401 2056 569 2120 Abraham
597 2057 712 2135 typum
735 2057 797 2120 Dei
817 2057 929 2120 Patris
983 2055 1150 2133 pastorem
1192 2058 1392 2122 universalis
1432 2061 1608 2136 Ecclesiae,
1650 2066 1782 2142 quando

126 2156 165 2217 in
189 2155 254 2218 hoc
271 2155 359 2234 quod
375 2155 461 2218 iacta
479 2156 530 2219 est
544 2155 577 2218 ei
595 2155 719 2219 oblatio
734 2155 844 2223 tidelis
861 2172 928 2234 po-
983 2153 1069 2216 dixit
1086 2175 1093 2216 ι
1111 2160 1159 2217 Tu
1173 2170 1211 2218 es
1225 2157 1355 2220 Petras
1370 2158 1405 2222 et
1418 2173 1526 2234 scher
1543 2164 1631 2224 horre
1639 2163 1782 2236 petram

21 2300 24 2304 .
126 2254 337 2334 puli,inhoc
347 2255 433 2334 quod
446 2253 592 2316 decimas
601 2253 703 2328 dedit,
717 2253 829 2317 inhoc
841 2254 927 2334 quod
982 2253 1155 2327 aedificabo
1175 2257 1365 2318 Ecclesiam
1387 2271 1517 2330 mom,
1538 2258 1573 2322 et
1587 2261 1702 2336 porte
1722 2264 1781 2324 tn-
1877 2245 1880 2254 ’

124 2355 207 2416 data
221 2354 272 2415 est
286 2353 318 2414 ei
332 2351 530 2414 benedictio.
981 2353 1050 2425 seri
1059 2365 1128 2416 aon
1134 2354 1551 2428 prevatehuntadversus
1561 2356 1780 2437 commata.

166 2451 258 2516 Nota
276 2450 362 2530 quod
384 2450 605 2513 sacerdotium
624 2449 794 2514 leviticum
817 2449 930 2529 praeti-
982 2462 1051 2521 xv1,
1069 2445 1133 2528 18).
1147 2449 1261 2513 Primo
1275 2452 1393 2514 Petrus
1405 2453 1645 2530 interpretatur
1659 2472 1784 2532 agnos-

127 2549 272 2628 gurabat
286 2549 440 2612 similiter
452 2549 674 2612 sacerdotium
686 2549 821 2613 Christi.
835 2548 928 2622 Quod
982 2561 1072 2607 cens.
1087 2547 1205 2610 Petrus
1215 2548 1305 2610 enim
1315 2548 1415 2612 habet
1426 2551 1694 2614 convenientiam
1706 2569 1781 2616 cum

128 2648 263 2727 quidem
284 2647 507 2710 sacerdotium
523 2647 666 2710 hahebat
680 2648 783 2710 multa
804 2663 928 2726 genera
983 2645 1087 2722 petra,
1104 2645 1138 2707 et
1155 2644 1203 2706 ita
1222 2644 1285 2707 hoc
1299 2662 1421 2709 nomen
1442 2649 1561 2711 Petrus
1586 2651 1682 2712 sonat
1701 2651 1779 2724 duo,

128 2747 326 2820 hostiarum,
341 2763 415 2826 quae
425 2747 558 2824 quidem
569 2761 683 2810 omnes
696 2747 814 2808 hostia
829 2745 929 2822 signi·
982 2742 1120 2816 scilicet,
1147 2742 1337 2806 firmitatem
1360 2745 1395 2808 et
1421 2746 1656 2823 cognitionem.
1687 2750 1785 2812 Unde

127 2847 275 2909 umnam
295 2862 395 2910 unam
416 2845 577 2918 hostiam,
594 2845 723 2908 scilicet
743 2844 925 2918 Christum,
981 2839 1066 2902 bene
1094 2841 1274 2918 sequiturz
1311 2843 1345 2904 et
1376 2859 1483 2919 super
1508 2849 1597 2908 baec
1623 2847 1779 2923 petram,

128 2942 223 3007 sicut
243 2944 325 3007 dicit
344 2943 520 3023 Apostolus
546 2943 588 3006 ad
609 2943 785 3005 Hebraeos:
809 2943 929 3006 Metire
982 2938 1078 3012 idest,
1104 2955 1205 3018 super
1225 2940 1306 3003 tidei
1322 2941 1512 3004 firmitatem
1529 2943 1701 3007 aedificabo
1717 2948 1782 3008 Eo-

129 3046 268 3119 qutdem
280 3044 412 3117 hostie,
428 3043 540 3106 hostia
551 3058 633 3114 urse,
652 3042 748 3115 idest,
764 3047 825 3121 per
841 3041 929 3104 mul-
982 3037 1119 3100 olesiam
1139 3055 1259 3102 meam.
1275 3040 1373 3102 Fides
1389 3041 1498 3104 autem
1518 3041 1598 3105 iacit
1612 3044 1781 3121 cognitio-

129 3143 180 3204 tas
207 3141 335 3203 hostias
357 3141 565 3218 significatur
586 3140 696 3202 hostia
725 3157 802 3214 una,
827 3157 927 3218 quam
982 3151 1069 3198 nem.
1086 3137 1164 3200 Vult
1177 3153 1257 3215 ergo
1271 3139 1431 3202 Dominus
1446 3139 1577 3204 dicere:
1595 3143 1644 3202 Tu
1660 3159 1696 3204 es
1711 3146 1779 3205 Pe-

129 3239 309 3302 Psalmista
332 3239 429 3302 vocat
449 3238 593 3301 hostiam
605 3237 827 3316 iubilationis,
849 3238 927 3316 quia
981 3236 1063 3308 trus,
1092 3235 1190 3310 idest,
1218 3238 1255 3299 tu
1285 3253 1321 3299 es
1356 3253 1559 3315 cognoscens
1586 3255 1646 3317 per
1669 3240 1778 3314 tidem,

128 3337 235 3400 Filius
260 3336 321 3400 Dei
339 3336 500 3401 Jubilaeus
516 3337 703 3409 estPatris,
726 3337 822 3409 idest,
843 3352 930 3412 gau·
982 3349 1048 3394 non
1074 3332 1205 3407 dubius,
1236 3335 1354 3418 sedin
1382 3335 1446 3399 tide
1479 3337 1606 3399 firmus.
1640 3339 1782 3416 Propter

127 3434 742 3512 dium3undasigniticaturperlsaao
757 3435 814 3512 qui
828 3435 929 3496 inter·
982 3431 1045 3494 hoo
1068 3431 1153 3494 bene
1180 3433 1360 3511 sequitur:
1388 3436 1427 3497 Et
1456 3437 1559 3513 portae
1584 3435 1685 3498 interi
1712 3453 1780 3498 non

128 3536 280 3612 pretatur
288 3535 390 3595 risus.
403 3533 488 3606 Quia
502 3533 588 3594 sicut
598 3535 692 3594 Isaac
704 3532 766 3594 ruit
776 3532 864 3593 risus
874 3533 927 3594 vel
982 3523 1212 3606 praevalebunt
1236 3531 1399 3594 adversus
1424 3547 1510 3601 eam,
1534 3531 1630 3606 idest,
1652 3532 1777 3596 adver-

127 3633 287 3710 gaudinm
305 3632 460 3705 Abrahae,
483 3632 531 3693 ita
553 3631 658 3692 Filius
679 3631 739 3692 Dei
753 3631 817 3693 tuit
839 3631 927 3692 risus
982 3629 1170 3691 ansildem.
1200 3630 1309 3692 Portae
1340 3627 1440 3690 interi
1468 3629 1623 3692 dicuntur
1650 3631 1779 3694 deamo·
1859 3663 1863 3670 ·

127 3731 251 3793 Patris,
268 3728 363 3792 Unde
374 3729 455 3791 dicit
465 3729 570 3790 Filius
585 3729 620 3790 in
633 3727 841 3791 Proverbiis:
857 3733 928 3790 Lu-
981 3742 1054 3798 nes,
1079 3725 1234 3788 dicuntur
1256 3726 1290 3788 at
1315 3725 1424 3805 iniqui
1445 3728 1478 3790 et
1505 3728 1585 3790 mali
1614 3729 1777 3792 homines.

126 3831 379 3890 dehomcorom
390 3843 429 3890 co
442 3831 479 3888 to
491 3829 562 3889 Deo
576 3822 690 3906 (Prov.
707 3823 778 3899 mn,
792 3823 859 3904 30).
870 3827 928 3888 Est
981 3824 1080 3886 Fides
1103 3824 1215 3886 autam
1236 3823 1340 3887 vineit
1363 3826 1521 3888 mundum
1545 3828 1578 3889 et
1596 3826 1777 3892 diabolum.

127 3927 229 3990 etiam
244 3927 468 3989 sacerdotium
481 3925 606 3987 Christi
626 3924 849 4001 significatum
869 3940 928 4004 per
982 3922 1074 3994 Quod
1088 3921 1191 3986 vincit
1203 3923 1362 3985 mundum
1372 3925 1462 4002 patet
1475 3940 1536 4003 per
1546 3926 1710 3990 ioannem
1722 3927 1780 4005 qui

127 4025 351 4088 sacerdotium
365 4025 545 4097 leviticum,
565 4023 643 4101 quia
656 4022 722 4085 duo
738 4023 873 4085 luerunt
890 4023 926 4084 in
981 4021 1083 4083 dicit:
1101 4023 1207 4084 Orerre
1226 4025 1314 4098 quod
1328 4023 1452 4086 notum
1464 4025 1517 4085 est
1529 4039 1576 4086 erc
1588 4027 1660 4086 Deo
1672 4027 1780 4089 vincit

126 4123 315 4186 sacerdotio
335 4123 480 4195 levitice,
504 4121 641 4195 scilicet,
665 4120 752 4199 quod
773 4137 841 4184 non
862 4121 926 4182 ha·
980 4122 1158 4192 meandum,
1188 4119 1222 4182 et
1244 4123 1317 4181 boec
1334 4120 1387 4182 cst
1405 4121 1553 4182 victorio
1573 4137 1650 4195 qum
1673 4123 1781 4184 vinmt
1826 4191 1830 4200 ⁸

125 4222 250 4284 bebant
267 4221 378 4284 levitae
393 4222 519 4300 partem
539 4237 614 4282 curn
635 4220 711 4282 aliis
725 4218 876 4281 tribubus
891 4220 926 4280 in
979 4220 1159 4289 murteum,
1183 4219 1269 4290 fides
1291 4218 1413 4280 nostra
1439 4214 1550 4295 (Joan.
1568 4235 1600 4291 v,
1615 4217 1660 4296 4).
1687 4219 1780 4292 Quod

125 4320 406 4400 possessionibus,
424 4320 457 4382 et
473 4319 514 4382 ab
534 4317 687 4381 omnibus
700 4317 854 4380 tribubus
867 4317 928 4380 de-
980 4315 1092 4377 autem
1106 4314 1211 4377 vincit
1225 4313 1406 4384 diabolum,
1431 4315 1572 4377 testatur
1587 4316 1706 4376 Petrus
1727 4316 1781 4378 di·

125 4421 233 4480 cimas
247 4418 466 4496 accipiebant.
981 4429 1059 4476 cens
1074 4435 1081 4473 :
1097 4415 1332 4475 Adversarius
1352 4414 1469 4475 vester
1487 4415 1637 4476 diabotus
1655 4415 1779 4476 circuit

167 4519 217 4579 lta
242 4517 293 4578 est
313 4516 413 4579 hodie
436 4516 472 4578 in
493 4515 642 4578 Ecclesia
656 4515 729 4588 Dei,
750 4514 837 4593 quod
851 4514 928 4593 qui·
980 4521 1140 4586 ducereris
1149 4526 1252 4585 quem
1269 4511 1420 4585 devoret,
1436 4515 1493 4574 out
1506 4511 1659 4575 resistite
1670 4514 1780 4588 fortes

125 4615 203 4676 dem
227 4614 292 4677 viri
312 4613 531 4677 ecclesiastici
548 4613 675 4700 nullam
703 4613 827 4676 habent
848 4629 927 4691 pos·
981 4614 1018 4671 iu
1031 4611 1097 4684 lide
1113 4608 1142 4690 (Ι
1156 4609 1228 4672 Pet.
1241 4626 1313 4684 v111,
1327 4609 1373 4689 9).

125 4713 327 4786 sessionem,
358 4712 436 4791 quia
461 4713 612 4791 quamvis
635 4712 740 4778 multa
761 4710 925 4784 habeant,
1021 4710 1139 4770 Nonne
1154 4708 1240 4786 quod
1254 4709 1378 4771 dictum
1396 4710 1446 4772 est
1460 4708 1571 4783 Petro,
1589 4709 1781 4773 dictumest

124 4813 239 4873 mmen
264 4810 497 4889 intelliguntur
523 4811 608 4873 nihil
635 4811 806 4890 possidere
827 4810 926 4888 juxta
981 4807 1134 4868 omnibus
1147 4807 1396 4870 successoribus
1411 4811 1508 4886 ejus?
1523 4808 1682 4871 Omnibus
1701 4807 1779 4870 data

125 4908 267 4972 verbum
296 4908 446 4986 Apostoli
469 4929 477 4970 :
504 4911 627 4972 Ornata
654 4909 870 4984 possidentes
893 4909 927 4970 et
981 4905 1033 4967 ast
1047 4906 1192 4982 potestas
1205 4903 1612 4984 ligandiatquesolvendi,
1626 4904 1779 4967 omnibus

126 5009 213 5068 nimi
230 5007 393 5070 haberdas
414 5003 459 5085 (ΙΙ
479 5008 553 5069 Gor.
576 5022 621 5080 vr,
639 5004 703 5087 10),
716 5009 752 5068 ut
769 5004 927 5067 monachi
981 5003 1158 5065 commissa
1185 5004 1236 5066 est
1259 5019 1340 5065 cura
1365 5005 1398 5065 et
1419 5003 1607 5067 sollicitudo
1632 5003 1779 5066 omnium

125 5107 160 5164 et
175 5103 247 5164 alii.
268 5105 403 5170 suntet
421 5104 482 5166 alii
503 5103 562 5180 qui
584 5104 730 5165 decimas
745 5103 924 5180 accipiunt,
981 5100 1217 5173 Ecclesiarum,
1235 5102 1272 5162 ut
1291 5101 1447 5164 mandata
1467 5100 1526 5164 Dei
1541 5101 1697 5179 populum
1719 5101 1782 5163 do-

126 5203 163 5264 ut
184 5200 265 5263 sunt
277 5202 419 5279 praelati,
436 5202 493 5280 qui
513 5201 744 5278 significantur
757 5216 818 5279 per
833 5201 924 5262 Levi.
981 5200 1080 5262 ceant
1097 5197 1198 5262 verbo
1213 5198 1460 5277 praedicationis
1479 5199 1512 5261 et
1532 5199 1686 5278 exemplo
1701 5198 1779 5260 boni

125 5301 208 5361 Levi
224 5299 314 5360 enim
326 5300 472 5362 decimas
485 5299 624 5376 accepit,
635 5299 733 5376 iuxta
745 5298 831 5378 quod
846 5298 928 5362 dicit
982 5297 1092 5376 operis
1113 5313 1189 5359 eum
1204 5298 1353 5374 pascant,
1370 5298 1403 5359 et
1417 5313 1478 5376 pro
1493 5297 1639 5374 peccatis
1663 5313 1778 5360 eorum

125 5397 305 5475 Apostolus
319 5419 326 5458 ε
339 5401 423 5460 Leoi
437 5401 496 5473 qur
510 5399 662 5460 decime
675 5398 814 5472 occepit,
833 5399 928 5460 dect-
982 5395 1023 5457 ad
1039 5397 1143 5457 Deum
1155 5394 1372 5458 intercedant.
1710 5381 1712 5389 ’

125 5496 245 5558 motus
258 5497 310 5556 est
321 5493 435 5576 (Hebr.
451 5511 510 5567 vn,
527 5495 572 5576 9),
586 5495 683 5568 idest,
700 5493 865 5570 obligatus
878 5493 928 5556 est
1022 5495 1091 5556 Nos
1116 5494 1229 5574 igitur,
1259 5493 1395 5566 trahea,
1422 5493 1451 5556 si
1477 5509 1591 5555 sumus
1618 5493 1780 5573 clavigeri

126 5593 209 5655 dare
234 5592 392 5669 decimae,
418 5595 496 5672 quia
519 5597 653 5656 Summo
674 5591 845 5656 Sacerdoti
864 5592 929 5655 'da-
982 5593 1077 5670 regni
1101 5592 1260 5665 coelestis,
1286 5590 1406 5670 quibus
1429 5590 1551 5654 dicitur
1572 5610 1579 5649 :
1602 5596 1673 5656 lidi
1694 5597 1779 5656 daho

126 5691 208 5755 bant
240 5691 387 5754 decimas
415 5693 618 5770 decimarum
641 5693 788 5756 minores
815 5707 929 5755 sacer·
981 5697 1094 5756 omnes
1110 5694 1211 5770 repat
1230 5695 1404 5764 eoewmcm,
1426 5691 1461 5752 et
1482 5695 1715 5768 crederemque
1737 5696 1781 5754 tt-

273 5829 389 5876 namot.
409 5831 484 5876 rous
503 5819 540 5878 11.
1596 5815 1638 5872 td
