4234 6408
223 301 282 364 aar
859 293 1087 358 nrrsronas.
1111 295 1189 358 uta.
1213 295 1238 356 1.
1814 299 1874 360 aas

224 463 301 524 aliis
324 459 539 522 ecclesiarum
560 456 723 534 praelatis,
748 471 807 533 per
829 458 1020 518 eorumdem
1115 460 1256 520 Gravem
1271 455 1466 520 dilectorum
1481 455 1625 520 filiorum
1640 457 1873 534 capitullLau·

224 560 431 638 provinciam
453 555 653 629 constitutis,
670 554 811 617 salutem
835 555 867 618 et
886 557 1021 632 aposto·
1076 553 1234 616 dunensis
1248 555 1435 632 recepimus
1446 555 1664 633 questionem,
1681 554 1779 633 quod,
1797 571 1872 618 oum

225 659 324 720 licam
336 654 609 717 benedictionem.
1076 652 1197 715 nobilis
1230 654 1284 715 vir
1316 667 1425 715 comes
1463 652 1702 728 Registetensis
1736 651 1785 734 (2)
1812 668 1871 731 pro

264 757 343 816 Cum
365 769 385 814 a
411 751 644 828 religiosorum
669 751 817 813 virorum
841 753 1017 830 pressuris
1075 751 1187 812 multis
1202 752 1335 829 injuriis
1350 767 1432 829 quas
1445 751 1573 828 irrogat
1586 750 1723 823 eisdem,
1740 766 1800 828 per
1808 754 1869 829 ju·

225 854 257 914 et
270 850 441 922 molestiis,
454 850 515 922 illi,
530 865 669 927 quorum
686 851 762 912 sunt
776 851 876 927 pedes
888 850 1019 911 veloces
1074 849 1165 910 dices
1179 865 1199 910 a
1227 849 1310 910 Sede
1330 849 1521 926 Apostolica
1543 848 1712 924 delegatos
1736 863 1872 909 excom-

201 966 202 969 *
223 950 263 1011 ad
279 950 414 1020 malum,
432 947 611 1009 severitate
630 947 771 1009 debeant
793 948 1018 1010 ecclesiastica
1074 944 1764 1018 manicationisrinculomeritinnodatus,
1782 945 1871 1006 idem

223 1043 384 1118 cohiberi,
414 1043 447 1104 et
472 1043 668 1106 inferiorum
697 1042 802 1120 oulpae
831 1044 948 1104 merito
977 1042 1018 1104 ad
1070 1047 1140 1123 jam
1156 1060 1215 1121 per
1226 1044 1309 1106 duos
1328 1060 1433 1106 annos
1459 1043 1654 1120 etamplius
1678 1042 1713 1103 in
1735 1059 1872 1104 excom-

223 1143 380 1221 praelatos
404 1140 534 1203 desides
554 1141 753 1213 referantur,
770 1140 848 1219 quia
867 1141 1018 1202 facientis
1074 1143 1298 1205 municatione
1313 1142 1509 1220 persistens,
1530 1142 1600 1220 juri
1620 1157 1737 1218 parere
1762 1141 1870 1219 perti-

223 1241 353 1317 culpam
369 1238 479 1312 habet,
496 1240 553 1316 qui
566 1239 681 1316 potens
697 1237 865 1314 corrigere
880 1239 1019 1316 negligit
1074 1241 1203 1303 naciter
1216 1240 1337 1312 renuit,
1362 1241 1472 1302 clares
1491 1240 1648 1301 Ecclesiae
1670 1239 1706 1301 iu
1730 1255 1799 1300 suae
1812 1253 1870 1300 sa·
1893 1279 1896 1289 ·

223 1337 411 1400 emendare.
429 1338 601 1408 Miramur,
619 1337 706 1397 sicut
722 1351 897 1412 possumus
913 1337 953 1398 de
968 1353 1020 1399 ra·
1073 1339 1151 1402 lutis
1166 1339 1374 1416 dispendium
1389 1339 1422 1401 et
1436 1338 1655 1415 plurimorum
1669 1336 1868 1398 scandalum

222 1435 312 1497 tione
338 1435 466 1507 mirari,
492 1435 578 1512 quod
594 1435 680 1496 sicut
700 1433 829 1494 dilectis
859 1434 937 1494 filiis
959 1435 1020 1495 ab·
1074 1437 1323 1498 contemnendo.
1341 1437 1433 1498 Licet
1456 1436 1558 1510 igitur
1579 1433 1769 1513 hujusmodi
1793 1449 1871 1511 per-

222 1532 309 1606 bate,
345 1533 377 1594 et
410 1534 574 1595 conventu
605 1531 866 1604 clarevallensi,
895 1532 1020 1594 Cister-
1073 1535 1198 1596 tinacia
1211 1549 1278 1596 non
1300 1534 1413 1596 careat
1427 1533 1582 1610 scrupulo
1604 1533 1770 1595 haeretica
1786 1547 1869 1609 pra-

224 1631 345 1693 etensis
374 1631 500 1690 ordinis
529 1629 803 1707 significantibus,
829 1629 1018 1707 accepimus
1072 1631 1197 1705 vitatis,
1224 1632 1373 1693 volentes
1398 1633 1510 1694 tamen
1538 1629 1703 1692 nobilitati
1732 1643 1869 1706 parcere

222 1729 444 1805 parochianos
465 1729 607 1800 vestroe,
631 1727 672 1788 de
694 1726 811 1804 quibus
845 1728 931 1804 apud
957 1745 1017 1790 nos
1073 1730 1203 1792 comitis
1224 1730 1418 1808 supradicti,
1437 1730 1465 1790 si
1483 1728 1597 1791 forsan
1619 1727 1661 1790 ad
1676 1743 1734 1789 cor
1748 1741 1866 1790 rever-

222 1827 391 1904 querelam
405 1826 583 1903 deponunt,
601 1841 667 1887 non
681 1825 878 1902 compellitis
894 1826 934 1886 ad
949 1828 1018 1903 Jus·
1072 1829 1146 1890 tens
1174 1845 1194 1889 a
1223 1843 1282 1888 suo
1311 1829 1485 1904 resipiscat
1508 1843 1645 1903 errore;
1676 1824 1867 1887 discretioni

220 1925 327 1986 titiam
341 1923 572 1984 exhibendam.
586 1923 842 2000 Sireroaliquos
853 1923 1018 1985 interdum
1072 1927 1191 1988 vostrae
1224 1926 1488 2003 pernpos‘tolica
1519 1927 1643 2002 scripta
1670 1923 1867 1986 mandamus
1935 1975 1941 1986 .

223 2021 1015 2098 excommunicationi,velinterdictosupponitis‚
1073 2024 1245 2101 quatenus,
1276 2024 1342 2084 nisi
1371 2039 1481 2086 comes
1506 2023 1695 2101 praedictus,
1723 2036 1744 2081 a
1771 2019 1867 2081 vobis

223 2120 418 2180 sententiam
459 2120 614 2192 vestram,
659 2119 795 2191 eisdem,
837 2120 1015 2192 remittitis,
1072 2121 1487 2198 diligentercommonitus,
1502 2119 1588 2182 infra
1599 2118 1787 2198 quindecim
1797 2116 1868 2178 dies

221 2217 433 2290 inconsultis,
477 2217 704 2279 satisfactione
744 2233 891 2293 congrua
935 2235 1018 2295 prae·
1072 2221 1146 2296 post
1155 2221 1445 2282 commonitionem
1455 2217 1757 2296 vestramparuerit
1770 2215 1868 2293 plene

220 2315 385 2377 termissa.
401 2314 486 2388 Quia
500 2316 605 2391 igitur
617 2316 781 2376 sustinere
797 2316 950 2376 nolumus
964 2317 1018 2377 in·
1068 2318 1150 2394 juri,
1186 2334 1245 2379 ros
1283 2317 1636 2380 excommunicationis
1671 2313 1869 2377 sententiam

221 2414 416 2485 correctum,
434 2413 520 2490 quod
536 2414 571 2472 in
583 2413 741 2484 restrum,
764 2412 1017 2474 atsubditorum
1072 2414 1174 2477 latam
1196 2416 1230 2476 in
1246 2431 1332 2488 eum,
1351 2417 1437 2478 sicut
1456 2414 1701 2477 rationabiliter
1719 2413 1770 2474 est
1789 2426 1869 2488 pro·

220 2511 406 2573 vestrorum
430 2511 614 2590 periculum
633 2509 824 2578 attentatur,
848 2511 1017 2572 universi·
1071 2511 1151 2584 lata,
1168 2511 1328 2575 facientes
1343 2529 1447 2591 usque
1463 2513 1503 2574 ad
1517 2511 1777 2573 satisfactionem
1792 2524 1869 2569 con·

219 2609 280 2672 tati
299 2611 419 2670 vestrae
439 2624 499 2685 per
517 2608 700 2685 apostolica
724 2608 847 2684 scripta
873 2609 1016 2670 manda·
1071 2610 1205 2686 dignam
1232 2610 1471 2672 inviolabiliter
1498 2609 1680 2680 observari,
1709 2607 1868 2692 ettotam

219 2723 304 2778 mim,
330 2708 428 2784 atque
448 2707 671 2784 praecipimus,
700 2707 872 2784 quatenus,
898 2723 973 2767 cum
997 2723 1016 2768 a
1071 2708 1195 2770 terram
1208 2708 1323 2785 ipsius,
1342 2709 1374 2770 et
1385 2707 1458 2770 loca
1473 2707 1509 2768 in
1522 2706 1642 2785 quibus
1655 2705 1743 2767 idem
1756 2717 1866 2766 comes

216 2807 286 2883 jam
315 2804 412 2865 dictis
445 2803 581 2876 abbate,
603 2805 636 2865 et
659 2804 824 2866 conventu
843 2805 893 2866 de
916 2821 1017 2882 paro-
1071 2804 1173 2868 fuerit
1197 2807 1429 2879 commoratus,
1447 2805 1670 2884 supponentes
1689 2802 1864 2866 interdicto

220 2902 664 2979 clrianlsi'estrisquerelam
680 2902 885 2978 acceperitis,
904 2918 959 2964 eos
974 2902 1016 2963 ad
1071 2903 1309 2977 ecclesiastice,
1340 2904 1498 2966 ecclesias
1534 2903 1569 2964 in
1596 2902 1714 2980 quibus
1741 2899 1866 2978 aliquid

220 3000 439 3062 exhibendam
460 2999 636 3077 justitiam,
655 3001 746 3061 omni
769 3000 890 3076 gratia,
916 3003 949 3062 et
971 3002 1017 3061 ti-
1066 3004 1122 3078 jus
1139 3001 1262 3063 babere
1284 3000 1500 3078 dignoscitur,
1518 3001 1558 3062 ab
1574 3004 1646 3079 ejus
1670 2999 1791 3068 debito,
1810 3014 1869 3058 su-

218 3115 310 3160 moro
346 3098 542 3175 postposito,
573 3097 834 3159 contradictione
873 3114 1013 3176 quoque,
1070 3097 1159 3161 blato
1181 3099 1357 3178 cujuslibet
1378 3099 1651 3162 contradictionis
1673 3095 1869 3175 etappella-

220 3197 253 3258 et
278 3195 500 3273 appellatione
530 3197 667 3267 remota,
691 3196 919 3258 ecclesiastica
943 3197 1015 3257 dis·
1069 3196 1171 3258 tionis
1193 3198 1375 3270 obstaculo,
1393 3199 1591 3272 absolvatis3
1615 3196 1728 3259 fideles
1748 3195 1867 3274 ipsius,

219 3294 373 3356 frictione
398 3293 535 3369 cogatis
562 3294 719 3354 attentius
755 3295 941 3370 provisuri,
973 3311 1016 3356 ne
1071 3296 1228 3372 quamdiu
1247 3296 1282 3357 in
1304 3295 1648 3358 excommunicatione
1672 3293 1855 3372 perstiterit

219 3391 394 3464 sententia,
409 3406 507 3468 quam
526 3390 681 3462 tuleritis,
708 3390 832 3452 eisdem
849 3391 1014 3468 ignoran-
1070 3393 1111 3452 ab
1126 3393 1275 3469 ejusdem
1291 3393 1451 3455 fidelitate
1475 3392 1714 3454 denunciantes
1736 3390 1867 3467 penitus

217 3488 317 3560 tibus,
333 3489 456 3566 absque
471 3487 698 3550 satisfactione
715 3503 862 3564 congrua
882 3488 1017 3549 relaxe—
1069 3488 1250 3552 absolutos.
1267 3490 1402 3561 Quodsi
1422 3489 1536 3550 forsan
1549 3505 1611 3550 nec
1632 3489 1681 3550 sic
1698 3488 1728 3548 ef
1744 3487 1868 3549 tribuat

217 3587 282 3648 tis:
304 3586 446 3647 scientes
467 3602 487 3646 a
506 3584 600 3646 vobis
626 3585 747 3647 damna
771 3587 919 3662 ipsorum
946 3586 1016 3646 dis·
1069 3587 1202 3649 vexatio
1224 3586 1440 3660 intellectum,
1468 3586 1589 3662 poterit
1611 3602 1677 3647 non
1700 3584 1867 3646 immerito

218 3683 349 3744 tristius
371 3683 582 3759 requirenda,
602 3682 631 3742 si
651 3683 849 3758 praeceptum
866 3682 1014 3743 nostrum
1069 3683 1250 3745 formidare
1266 3699 1309 3747 ne
1330 3700 1391 3746 sua
1406 3684 1590 3762 pertinacia
1606 3683 1770 3746 obstinata
1791 3698 1867 3743 eum
1895 3729 1898 3734 .

218 3780 445 3856 neglexeritis,
455 3779 616 3856 quodnon
626 3779 805 3850 oredimus,
821 3778 1013 3855 adimplere.
1068 3782 1104 3843 in
1120 3782 1257 3843 haeresis
1270 3782 1432 3859 impingat
1444 3782 1626 3855 infamiam,
1639 3798 1749 3861 quam,
1766 3795 1867 3858 quum

257 3879 376 3940 Datum
385 3876 553 3947 Laterani,
563 3879 622 3936 XV
633 3875 793 3937 kalendas
802 3877 926 3950 Martii,
936 3893 1015 3955 pon·
1068 3879 1222 3951 voluerit,
1243 3880 1326 3942 forte
1341 3881 1381 3942 de
1396 3879 1487 3941 facili
1503 3897 1569 3942 non
1592 3879 1713 3958 poterit
1727 3879 1863 3941 evitare.

216 3975 361 4038 tiflcatus
373 3975 478 4034 nostri
494 3989 582 4034 anno
595 3973 713 4050 primo.
1069 3977 1160 4050 Quod
1178 3977 1282 4039 sinon
1298 3994 1424 4047 omnes,
1438 3979 1503 4040 duo
1520 3979 1679 4050 restrum,
1708 3978 1770 4039 etc.
1793 3979 1863 4038 Da-

1069 4075 1137 4136 tum
1152 4076 1318 4148 baterani‚
1335 4077 1397 4137 Xll
1419 4076 1486 4138 kal.
1508 4076 1630 4148 martii,
1653 4074 1864 4155 pontifloatus

532 4142 699 4229 CCXXV
1068 4173 1409 4252 nostriannoprimo.

275 4316 327 4377 Ad
347 4312 586 4388 propostam,
610 4315 890 4375 archidiaconum
920 4315 954 4376 et
1375 4341 1562 4428 GCXXVI
1591 4365 1593 4368 .

335 4414 373 4478 H
373 4454 380 4472 .
394 4413 598 4473 cottonianae
615 4413 891 4474 suessionenses.

1067 4485 1119 4544 Ad
1139 4483 1295 4545 abbatem
1317 4484 1434 4545 Saazctf
1456 4485 1600 4546 Anderti
1622 4483 1656 4544 et
1676 4483 1863 4562 rnogistros

1087 4585 1127 4642 lt.
1135 4581 1172 4652 et
1179 4585 1355 4643 Stratonem
1369 4586 1551 4644 cataontcos
1563 4585 1841 4644 cameracenses.

1360 4715 1392 4772 18
1407 4713 1478 4772 febr.
1496 4716 1574 4773 titt.

1098 4802 1169 4868 [Cod.
1179 4803 1225 4854 lat.
1236 4803 1307 4863 asti,
1317 4819 1342 4868 p.
1355 4803 1408 4854 138.
1416 4805 1472 4854 tiss.
1483 4804 1663 4868 Bibliotlrdque
1680 4802 1831 4866 nationale]

216 4885 287 4942 Cum
304 4882 511 4954 Reglsteteusfs
527 4899 635 4954 comes,
655 4885 804 4946 dissidium
818 4888 928 4947 habens
946 4907 1012 4949 cum
1066 4919 1182 4978 Mandat

251 4970 375 5044 capitulo
388 4971 581 5040 laudunensi,
596 4972 707 5031 duobus
727 4977 810 5034 anuis
828 4978 881 5035 sub

510 4551 540 4607 ts
560 4547 615 4607 leb.
638 4550 717 4607 tart.

260 4671 368 4734 [Regest.
381 4672 425 4722 lib.
438 4672 457 4730 l,
469 4673 544 4736 epist.
558 4673 614 4722 ast.
625 4699 657 4712 -
672 4675 798 4738 bouquet,
812 4673 914 4727 llecuail
926 4673 971 4724 des

431 4752 577 4810 historiens,
589 4757 607 4802 t.
619 4753 685 4812 xlx,
700 4767 725 4818 p.
736 4753 793 4806 1127.

1197 4925 1227 4976 ut
1240 4921 1265 4977 J.
1282 4919 1467 4988 subdiacono,
1491 4919 1516 4976 si
1540 4919 1659 4977 idoneus
1674 4921 1711 4977 sit
1728 4927 1756 4977 et
1771 4919 1863 4976 eccle·

323 5059 328 5072 .
380 5060 385 5070 .
429 5059 434 5070 .
487 5060 492 5070 ,
675 5063 702 5074 ,,
900 4995 1013 5037 emm·
1102 5007 1861 5080 siastioobeucfrcionouindignusinaliquaeccle·

251 5067 452 5124 ntuntcatrouts
466 5060 580 5116 viuculo
595 5067 775 5134 perstitisset,
788 5065 904 5123 mandat
920 5069 1013 5126 tlono-
1101 5095 1208 5152 smum
1224 5093 1455 5153 hammensium
1474 5095 1510 5152 de
1529 5096 1703 5168 competenti
1723 5094 1863 5152 beneficio

250 5151 310 5207 rius
335 5155 367 5206 ut
390 5153 473 5247 terra
496 5148 559 5221 ejus
587 5149 736 5248 interdicto
758 5152 953 5226 subjiciantur,
983 5162 1012 5214 et
1101 5182 1277 5256 waebendafi
1292 5183 1471 5256 movideflm·

250 5239 384 5296 homines
406 5251 468 5309 eJus
494 5251 511 5294 a
536 5236 631 5294 debrto
658 5238 685 5294 ei
713 5239 856 5298 fidelitatis
875 5242 1010 5317 obsequio

250 5327 444 5386 absolvantur.
1105 5319 1205 5380 Lecta
1220 5333 1332 5380 coram
1348 5318 1442 5380 nobis
1454 5321 1484 5380 J.
1498 5319 1653 5397 pauperis
1668 5318 1863 5382 subdiaconi

254 5443 421 5506 Honorius
447 5443 623 5522 episcopus
627 5488 720 5506 ‚‚‚‚‚
734 5490 742 5518 ‚
777 5445 906 5510 dilectis
932 5449 1010 5512 filiis
1065 5417 1180 5493 petitio
1212 5415 1401 5479 continebat
1424 5418 1511 5495 quod
1535 5434 1635 5496 quum
1658 5417 1736 5480 olim
1768 5418 1861 5480 af-

214 5543 390 5652 praeposito
404 5539 463 5652 fi),
481 5542 729 5654 archidiacono,
753 5545 787 5606 et
800 5547 840 5607 H.
857 5547 898 5610 de
913 5549 1012 5610 Pari-
1106 5572 1147 5647 (l)
1168 5574 1275 5635 Simoni
1295 5575 1331 5635 (10
1351 5576 1493 5654 spinofpo,

215 5655 285 5700 stus
298 5653 459 5701 canonico
476 5639 780 5715 Suessronensrbus
798 5643 859 5705 etc.
1101 5646 1143 5720 (t)
1164 5647 1250 5720 llugo
1268 5649 1304 5706 ll.
