4200 6404
318 337 381 400 ‘aea
788 331 966 394 nondun
987 295 1035 392 111¹
1055 329 1508 392 ornan-sennense.
1909 333 1982 395 eoo
2081 329 2082 332 ‘

321 498 425 560 tatem
439 489 651 565 attendimus,
674 493 811 569 peoaata
832 491 946 554 nostra
969 503 1037 552 non
1056 489 1119 552 de·
1173 494 1295 566 iguem
1306 491 1387 554 aaut
1399 490 1541 554 mittere
1555 491 1593 552 iu
1609 489 1754 554 terrore
1776 485 1891 554 Tertia
1910 507 1980 554 ac·

322 595 402 657 bont
423 591 546 670 expelli
560 606 580 652 a
595 589 776 665 memoria3
793 590 826 651 et
846 589 876 650 si
897 591 1028 652 mortua
1051 588 1121 650 sini
1174 589 1327 651 conditur
1348 587 1420 653 rita
1447 587 1502 650 sel
1529 588 1684 667 example
1700 587 1796 651 bonae
1816 590 1978 662 actionis,

324 693 359 754 in
385 689 608 760 conscientia,
635 688 717 749 illud
742 687 920 765 pensantes
943 683 1091 764 Apostoli
1109 707 1118 747 1
1175 687 1262 748 unde
1280 687 1488 764 inpraesenti
1503 687 1684 762 Evangelio
1701 707 1709 746 2
1725 691 1896 750 Litcerrtoe
1912 703 1983 751 or-

325 792 555 854 Cousictcruus
566 788 598 849 tc
613 789 728 863 ipsum
738 801 781 847 ue
795 786 830 846 et
844 787 883 847 tu
893 782 1122 864 teutaristda·
1173 787 1293 848 dautes
1307 788 1344 848 tu
1355 788 1514 848 mitibus
1523 786 1661 847 vestris.
1678 771 1802 857 Quarta
1817 787 1983 848 accendi-

324 889 382 951 lat.
398 903 447 960 vr,
472 884 518 964 1).
547 881 865 962 supervenientibus
889 897 969 959 ergo
997 883 1119 960 hujus·
1174 885 1230 946 tur
1240 883 1367 944 lumine
1375 881 1637 961 justificationis.
1647 883 1741 945 Unde
1755 884 1877 948 David:
1891 888 1983 952 orto

324 985 414 1047 modi
429 982 686 1061 cogitationibus
699 981 795 1044 debet
809 982 907 1044 homo
923 981 956 1042 et
969 995 1005 1044 se
1021 995 1122 1041 accu-
1175 983 1315 1044 uiomtu
1325 985 1687 1045 utumiuastucerucu
1694 986 1983 1054 meamhomiue

325 1077 401 1146 'sare
429 1085 463 1144 et
486 1095 647 1144 excusare
670 1079 878 1158 proximum3
907 1081 943 1141 ut
967 1078 1024 1156 qui
1042 1077 1122 1138 lacti
1175 1077 1391 1160 (Ps.17,29).
1460 1074 1476 1130 ἒ
2081 1147 2082 1154 ¹

321 1181 488 1260 justitiam
510 1178 680 1241 reddendo
710 1178 889 1254 uuicuique
912 1177 998 1254 quod
1025 1191 1121 1238 suum
1217 1175 1393 1256 Sequitur:
1410 1180 1456 1240 et
1469 1181 1576 1254 prodii
1587 1179 1756 1254 audurus
1769 1181 1983 1242 tumultibus
2081 1235 2082 1238 ,

324 1281 388 1352 est,
404 1279 505 1340 iaciat
518 1280 588 1355 jam
599 1275 763 1355 judicium
779 1277 815 1337 ut
829 1275 940 1336 anima
960 1277 1032 1352 ejus
1047 1289 1121 1351 quea
1174 1287 1297 1338 eorum
1311 1273 1379 1356 (Pe.
1406 1274 1473 1350 149,
1493 1274 1540 1352 6).
1571 1275 1680 1337 Gladii
1705 1276 1870 1354 ancipites
1899 1277 1983 1339 sunt
2081 1279 2082 1330 ἒ

223 1429 228 1436 .
324 1377 420 1439 sedes
434 1376 494 1438 Dei
515 1375 611 1436 debet
625 1389 709 1442 esso,
726 1389 786 1450 per
795 1372 961 1451 justitiam
982 1373 1015 1434 et
1026 1371 1120 1448 judi·
1176 1373 1350 1436 sententiaa
1366 1365 1555 1450 iudiciales
1573 1389 1655 1450 quas
1676 1372 1846 1437 habebunt
1861 1375 1982 1437 Sancti
2081 1401 2082 1450 p

324 1474 415 1537 cium
441 1473 640 1549 corrigatur,
667 1471 745 1548 quia
763 1471 893 1548 justitia
916 1467 1122 1548 etjudioium
1176 1471 1356 1548 injudicio
1378 1471 1448 1532 Dei.
1466 1467 1561 1532 Unde
1578 1471 1739 1548 scriptum
1763 1471 1871 1534 estin
1892 1471 1982 1533 libro

325 1569 688 1648 correctiosedtsejus.
1176 1568 1982 1646 Sapientiae:.1udicobuutuotiouoseidemiuo-
2081 1561 2082 1606 3

367 1669 542 1748 Sequitur:
560 1663 958 1730 mlucomaeardentesin
969 1664 1122 1728 manibus
1176 1661 1305 1728 buutur
1313 1669 1449 1742 populis
1470 1663 1563 1744 (Sap.
1580 1675 1636 1756 111,
1645 1664 1692 1745 8).
1718 1667 1758 1729 Et
1771 1667 1979 1745 npostohs:
2081 1699 2082 1740 3

325 1767 458 1832 vestris.
477 1767 517 1829 at
529 1767 607 1845 quia
621 1776 688 1827 non
707 1764 831 1829 suldcit
846 1763 975 1826 lumbes
999 1762 1123 1824 habere
1178 1755 1336 1828 Gladium
1351 1765 1499 1841 spirtius
1517 1767 1695 1840 assumite,
1709 1770 1798 1840 cuod
1814 1769 1869 1829 est
1892 1782 1979 1828 oer-
2081 1807 2082 1822 .

326 1865 535 1944 praecinctos,
549 1855 964 1940 nistetlooernaeoperum
972 1873 1122 1923 moensae
1175 1865 1257 1926 bum
1268 1862 1439 1942 DetOEph.
1453 1875 1500 1939 vr,
1515 1861 1579 1943 17).
1605 1865 1668 1926 Hio
1694 1867 1744 1927 est
1767 1864 1902 1941 gladius
1922 1865 1977 1926 bis
2081 1879 2082 1884 ¹

327 1961 513 2025 habeantur
523 1962 559 2023 in
573 1960 738 2030 manibus,
755 1960 804 2022 sic
816 1959 972 2022 debemus
985 1973 1122 2038 operum
1177 1956 1305 2033 acutus,
1321 1963 1376 2039 qui
1391 1961 1540 2038 procedit
1551 1962 1594 2022 de
1609 1975 1667 2023 ore
1678 1962 1782 2035 illius,
1801 1963 1859 2040 qui
1875 1961 1979 2024 habet

328 2064 517 2123 nostrorum
541 2060 695 2121 lucernas
724 2058 916 2131 accendere,
940 2058 976 2119 ut
994 2069 1123 2135 nequa-
1178 2062 1304 2136 septem
1329 2053 1443 2120 stellas
1471 2059 1507 2119 in
1534 2053 1672 2121 deuiam
1696 2075 1767 2133 sua,
1791 2059 1978 2121 secundum
2081 2087 2082 2092 1

329 2175 427 2237 quam
452 2173 510 2220 aas
533 2171 695 2236 ponamus
719 2155 780 2217 sub
802 2156 923 2228 modio,
938 2155 996 2217 sed
1023 2169 1124 2232 super
1178 2157 1263 2235 quod
1273 2157 1357 2219 vidit
1366 2159 1511 2220 ioannes
1524 2157 1559 2218 in
1569 2151 1779 2248 Apocalypsi.¹
1794 2161 1891 2218 Hunc
1906 2157 1979 2234 gla·
2081 2203 2082 2218 .

327 2255 576 2329 candelabrum,
591 2256 628 2316 ut
641 2255 689 2316 sic
699 2254 777 2330 igne
788 2252 962 2315 charitatis
972 2252 1121 2326 ardeant,
1177 2252 1268 2316 dium
1283 2255 1317 2316 et
1340 2265 1402 2316 nos
1425 2267 1595 2316 assumere
1612 2254 1769 2316 dommus
1791 2255 1978 2317 secundnm
2081 2251 2082 2314 l

328 2356 365 2416 ui
375 2354 508 2416 luceant
522 2351 675 2417 omnibus
685 2352 742 2430 qui
754 2353 790 2414 in
801 2351 897 2413 domo
907 2349 1121 2431 sunt,quibns
1176 2353 1355 2416 teremlam
1372 2375 1380 2413 ε
1396 2354 1598 2416 Maledictus
1614 2354 1666 2415 esi
1687 2357 1801 2416 omuts
1819 2357 1879 2428 qui
1889 2369 1977 2430 pro-
2081 2395 2082 2424 ,

327 2451 481 2514 omnibus
495 2450 578 2512 bene
594 2450 718 2512 iaciant
734 2449 943 2511 intendentes
954 2449 1122 2525 umquam
1177 2452 1266 2514 laidet
1285 2445 1438 2528 guadium
1464 2465 1567 2512 suum
1585 2467 1608 2514 e
1630 2454 1800 2528 sanguiue
1812 2453 1870 2513 itio
1889 2449 1972 2530 (Jer.
2081 2479 2082 2482 ¹

269 2629 270 2634 ἵ
326 2547 473 2612 lucernae
489 2549 621 2613 ardenti
636 2547 867 2624 incaliginoso
883 2547 967 2608 loeo.
1176 2563 1270 2621 xnrn,
1296 2547 1361 2628 10).
1389 2551 1436 2610 De
1459 2563 1524 2625 quo
1548 2549 1706 2624 scriptum
1730 2548 1781 2610 est
1802 2547 1838 2609 ln
1859 2551 1972 2610 Osee:
2081 2583 2082 2620 ,

367 2647 521 2725 Legimus
538 2646 625 2725 quod
640 2646 707 2707 tria
719 2645 853 2722 portant
874 2645 981 2708 saneti
1000 2643 1035 2707 in
1049 2656 1124 2706 ma-
1176 2649 1326 2724 Sanguis
1339 2649 1559 2722 'suupuiuem
1582 2647 1705 2723 tetigit.
1728 2648 1854 2724 rugus,
1870 2663 1892 2708 o
1912 2663 1973 2709 ros
2081 2633 2082 2714 l

326 2745 425 2809 nibus
442 2767 449 2806 :
466 2745 621 2806 lucernas
637 2741 803 2816 ardentes,
814 2743 943 2819 gladios
957 2741 1122 2820 ancipites
1178 2740 1319 2824 prelati,
1347 2743 1414 2805 sint
1434 2741 1538 2820 gladii
1566 2743 1728 2822 ancipites
1754 2743 1790 2805 in
1817 2744 1974 2806 manibus
2081 2739 2082 2802 3

327 2845 359 2905 ei
374 2843 503 2920 palmas
523 2838 753 2918 triumphales.
777 2841 947 2902 Lacernae
967 2839 1122 2902 ardentes
1177 2843 1308 2904 restris.

329 2940 362 3002 in
378 2941 441 3002 hoc
456 2940 571 3013 exilio,
585 2937 674 3000 idest
693 2939 728 2999 in
743 2935 884 3014 mund03
907 2937 1038 3015 gladios
1061 2953 1124 3000 an·
1218 2941 1298 3002 Item
1309 2959 1316 3000 =
1326 2939 1435 3001 Gladil
1446 2939 1608 3017 ancipites
1617 2941 1696 3004 sunt
1706 2941 1809 3018 gladii
1823 2942 1882 3020 qui
1894 2943 1978 3004 inci·

328 3038 446 3116 cipites
465 3037 499 3098 in
518 3037 663 3115 judici03
691 3037 819 3114 palmas
839 3036 1058 3114 triumphales
1088 3035 1123 3097 in
1178 3036 1430 3102 duntaduabus
1440 3037 1600 3115 partibus.
1615 3038 1673 3100 Isti
1685 3039 1790 3115 gladii
1800 3042 1878 3102 sunt
1892 3053 1975 3101 sen·-

327 3151 442 3214 regno,
458 3135 545 3197 idest
564 3137 600 3196 in
617 3135 783 3213 paradiso.
795 3137 954 3200 Lucerna
968 3134 1123 3196 ardentes
1177 3137 1290 3200 tentiae
1299 3136 1472 3214 judicandi
1481 3151 1563 3214 quos
1572 3137 1767 3200 habebimus
1775 3139 1810 3199 in
1820 3138 1975 3200 manibus
2081 3143 2082 3184 l

295 3234 299 3244 “
326 3233 405 3296 sunt
417 3249 518 3312 opera
531 3233 658 3295 nostra.
676 3233 760 3304 Quia
779 3233 867 3294 sicut
882 3232 1027 3294 lucerna
1042 3231 1122 3294 dant
1178 3235 1312 3307 nostris,
1327 3234 1423 3304 idest,
1434 3234 1514 3312 quia
1534 3236 1679 3312 potestas
1691 3236 1756 3298 erit
1770 3235 1865 3297 nobis
1881 3235 1978 3314 judi-

326 3331 439 3396 lumen
454 3331 490 3393 in
505 3331 612 3400 nocto,
629 3331 675 3392 ita
696 3330 784 3392 bona
799 3345 900 3407 opera
914 3329 996 3391 dant
1009 3345 1124 3391 exem·
1177 3347 1254 3394 care
1266 3332 1307 3393 de
1320 3333 1417 3393 malis
1431 3332 1561 3408 angelis
1571 3337 1605 3395 et
1616 3332 1657 3394 de
1670 3333 1824 3400 omnibus
1838 3349 1978 3412 perrer-

328 3429 420 3508 plum
432 3427 596 3510 proximis
611 3428 734 3492 nostris
745 3429 780 3490 in
790 3428 860 3490 vita
872 3427 947 3501 ista,
960 3443 1034 3506 quae
1044 3428 1124 3489 dici·
1178 3433 1235 3492 sis„
1248 3431 1341 3494 Unde
1353 3431 1434 3493 dicit
1443 3432 1620 3508 Apostolus
1631 3453 1638 3492 :
1650 3433 1799 3495 Nescitis
1811 3437 1978 3507 cumdem

325 3525 1122 3606 turnoxproptersuamobscuritatemhucernae
1177 3531 1823 3606 uiipeiosjudioobimus,quoutomagis
1832 3537 1977 3592 soeeidu-

327 3627 363 3688 ln
378 3626 510 3688 dienen
527 3626 606 3688 sunt
626 3625 836 3698 necessariae,
854 3624 932 3703 quia
947 3624 983 3686 in
998 3624 1123 3686 aeterna
1177 3630 1252 3688 riui
1262 3625 1290 3705 (1
1303 3629 1429 3698 Cor-vr,
1441 3624 1487 3705 3).
1500 3627 1562 3694 Hic
1577 3627 1708 3704 gladius
1723 3628 1774 3689 est
1789 3643 1899 3690 sermo
1916 3629 1977 3694 Dei
2081 3671 2082 3680 ,

325 3726 396 3788 rita
411 3723 623 3800 operationes
635 3739 701 3785 non
716 3724 1031 3800 eruntopportunee‚
1044 3723 1123 3800 qnia
1177 3739 1219 3784 ex
1235 3724 1375 3801 utraque
1394 3728 1489 3801 parte
1510 3727 1639 3786 acutus.
1664 3726 1811 3803 Utraque
1833 3741 1912 3802 pars
1927 3727 1978 3787 est

326 3825 406 3883 tunc
420 3819 616 3882 habebimus
628 3819 864 3882 retributiones
879 3821 1026 3882 omnium
1041 3833 1124 3898 ope-
1177 3822 1271 3884 ratus
1286 3823 1321 3884 et
1341 3835 1463 3883 norum
1489 3821 1751 3897 Testamentum
1773 3837 1816 3884 ex
1834 3825 1977 3901 utraque
2081 3823 2082 3884 ἶ

328 3933 403 3980 rum
418 3919 619 3980 nostrorum.
641 3916 777 3979 illorum
799 3918 944 3979 lucernae
968 3917 1122 3980 extinctae
1177 3921 1414 3996 parteacutus,
1431 3921 1509 3998 quia
1533 3921 1663 3982 resecat
1675 3920 1756 3982 vitia
1772 3937 1815 3982 er
1835 3936 1924 3983 noro
1945 3923 1977 3984 et
2081 3943 2082 4004 j

326 4017 414 4089 sunt,
429 4015 489 4093 qui
513 4029 619 4092 neque
641 4013 802 4087 doctrina,
826 4029 933 4091 neque
956 4015 1120 4092 exemplo,
1176 4019 1281 4079 reteri
1295 4019 1516 4080 testamento.
1534 4021 1649 4081 Sermo
1664 4019 1978 4097 Deitriplenprop-

325 4129 433 4193 neque
448 4113 644 4191 operatione
658 4111 957 4174 aliosllluminant.
1176 4118 1227 4178 ter
1251 4117 1319 4178 tres
1343 4116 1491 4190 effectus,
1515 4116 1593 4194 qnia
1608 4117 1838 4194 penetrabilis,
1862 4118 1975 4190 rivus,

364 4212 517 4276 Occurrit
540 4225 643 4290 super
670 4211 734 4272 hoc
761 4209 961 4282 notandum,
980 4209 1058 4286 quia
1073 4211 1123 4272 ast
1177 4212 1307 4274 efficax.
1333 4213 1553 4275 Penetrabilis
1572 4213 1713 4304 judicio,
1737 4214 1815 4291 quia
1847 4217 1975 4276 secreta
2081 4213 2082 4216 ’

322 4313 460 4374 lucerna
483 4309 671 4376 divinitatis
689 4308 905 4386 operationis,
931 4307 1124 4384 intelligen-
1177 4310 1335 4385 rlmatur;
1352 4310 1449 4372 vivus
1465 4310 1563 4382 lacto,
1576 4310 1653 4388 quia
1667 4311 1976 4389 quaecumquae-ult,
2081 4337 2082 4382 i

324 4411 380 4472 tiae
402 4411 435 4472 et
452 4409 582 4486 gratiae.
599 4407 712 4470 Prima
737 4407 787 4470 est
801 4407 900 4469 homo
919 4407 1119 4483 assumptus,
1177 4408 1350 4486 operatum
1366 4407 1487 4469 efficax
1501 4409 1691 4485 promissio,
1704 4408 1893 4487 quiavarba
1904 4411 1978 4487 ejus

324 4508 469 4568 secunda
484 4507 607 4568 bonum
622 4521 717 4582 opus,
735 4505 834 4569 tertia
846 4519 956 4568 sermo
974 4504 1119 4576 divinus,
1178 4521 1242 4567 non
1255 4505 1463 4568 fraudantur.
1483 4504 1713 4578 penetrabilis,
1734 4507 1789 4570 cui
1808 4506 1895 4569 nihil
1911 4521 1973 4567 oc-
2081 4525 2082 4540 ³

324 4597 1119 4684 quartahomobonue.1ieprimalnlirangeli0=
1176 4603 1330 4676 cultatur,
1353 4603 1449 4664 vivus
1471 4604 1550 4680 quia
1571 4593 1800 4666 accidentibus
1818 4619 1886 4665 non
1905 4619 1977 4666 mu·

323 4703 451 4764 Mretier
465 4713 542 4774 oure
557 4700 711 4772 perdidit
729 4701 943 4772 drachmam,
968 4701 1122 4762 acoerzdit
1177 4703 1275 4774 tatur,
1291 4698 1412 4763 efficax
1424 4701 1501 4778 quia
1515 4713 1693 4780 numquam
1709 4701 1847 4764 fallitur.
1858 4704 1973 4764 Pene-
2081 4699 2082 4730 ³

322 4805 502 4862 teiceruoui
514 4794 607 4877 (Luc.
625 4811 679 4868 xv,
695 4794 741 4875 8).
754 4798 801 4858 De
814 4797 960 4858 secunda
975 4797 1011 4858 in
1026 4812 1121 4862 sacro
1174 4797 1316 4872 trabills,
1333 4799 1411 4878 quia
1433 4799 1573 4865 destruit
1587 4799 1761 4872 malitiam,
1775 4800 1874 4862 vivus
1895 4801 1977 4877 quia

323 4896 456 4975 eloquio
479 4916 487 4957 1
511 4895 708 4957 Prudenter
737 4897 893 4973 uirgines
914 4897 1123 4970 ocoemruut
1177 4896 1305 4958 reducit
1319 4897 1472 4974 gratiam,
1489 4895 1610 4960 eincax
1623 4896 1704 4974 quia
1719 4897 1831 4960 evehit
1845 4897 1886 4960 ad
1900 4898 1976 4974 glo-
2081 4949 2082 4954 ,

323 5003 435 5060 etcum
459 4997 496 5056 iu
523 4995 618 5056 ooats
642 5005 722 5054 mm
747 4995 961 5068 lampadibus
987 4992 1119 5073 (Matth.
1176 4995 1272 5056 riam.

322 5110 402 5167 xxv,
419 5091 463 5172 t).
489 5095 536 5153 De
550 5091 650 5155 tertia
664 5091 701 5154 in
718 5091 868 5168 psallum
883 5095 1045 5154 Lucerna
1059 5105 1123 5167 pe-
1216 5095 1299 5156 licea
1319 5092 1443 5170 triplex
1466 5091 1604 5156 effectus
1623 5091 1772 5171 predicti
1796 5094 1975 5158 sermonis.
2081 5101 2082 5104 ’

322 5196 420 5255 didita
429 5190 794 5262 euiscerbuuituum,
807 5187 1033 5268 buntueffe.
1050 5189 1119 5261 118,
1177 5192 1307 5254 anus
1328 5190 1409 5252 iacit
1429 5191 1641 5253 contemnere
1665 5191 1824 5256 mundum
1846 5193 1880 5254 et
1901 5207 1976 5269 qnae
2081 5221 2082 5274 p

324 5289 408 5370 105).
433 5292 480 5352 Do
503 5289 621 5372 quarta
640 5287 744 5350 barid
762 5309 769 5348 :
786 5291 921 5353 Porooi
943 5292 1122 5350 tuccruom
1176 5289 1288 5350 mnndi
1302 5291 1399 5365 sunt;
1414 5290 1580 5354 secundus
1596 5289 1767 5366 despicere
1780 5303 1916 5350 carnem
1942 5291 1976 5352 et
2081 5311 2082 5358 1

324 5384 807 5466 Curisiomeo(rs.131,17).
834 5387 947 5448 Prima
965 5383 1122 5446 accendi·
1176 5403 1249 5463 quae
1270 5387 1381 5448 carnis
1403 5387 1491 5460 sunt,
1504 5387 1623 5449 tertius
1649 5387 1789 5463 diligere
1818 5389 1920 5448 Deum
1944 5389 1977 5456 et
2081 5389 2082 5440 ὲ

323 5486 379 5547 tur
392 5486 469 5562 igne
480 5485 608 5560 divin03
619 5484 707 5546 unde
721 5485 757 5546 in
773 5484 1033 5545 Genesi2Ruous
1043 5485 1121 5560 igue
1175 5499 1249 5562 quae
1264 5484 1323 5546 Dei
1339 5487 1435 5560 sunt;
1452 5501 1526 5562 quar
1541 5483 1655 5546 mundi
1671 5485 1748 5546 sunt
1762 5486 1795 5545 et
1806 5487 1902 5546 entra
1918 5485 1974 5562 ip·-
2081 5503 2082 5520 ³

199 5663 200 5666 Ἴ
322 5584 477 5653 ardebat,
489 5597 552 5644 uec
561 5582 876 5646 comminuebatur.
889 5580 1042 5643 Secunm
1064 5597 1122 5643 ac·
1175 5597 1248 5644 sum
1267 5585 1355 5655 scant,
1372 5599 1446 5660 quae
1467 5583 1579 5654 earnis
1601 5585 1678 5646 suni
1699 5584 1732 5645 et
1755 5583 1843 5645 intra
1867 5583 1973 5660 ipsam

323 5679 477 5746 conditur
490 5679 759 5756 ignecharitatis,
769 5679 858 5742 undo
870 5679 905 5742 in
917 5679 1117 5755 Evangelio:
1176 5681 1262 5753 sunt,
1280 5689 1354 5761 quai
1369 5680 1513 5742 Deisrnm
1527 5684 1667 5758 eterrper
1682 5682 1789 5760 ipsum
1802 5682 1977 5742 511111111-
2081 5697 2082 5732 1
