<?xml version="1.0" encoding="UTF-8"?>
<!DOCTYPE html PUBLIC "-//W3C//DTD XHTML 1.0 Transitional//EN"
    "http://www.w3.org/TR/xhtml1/DTD/xhtml1-transitional.dtd">
<html xmlns="http://www.w3.org/1999/xhtml" xml:lang="en" lang="en">
 <head>
  <title>
</title>
<meta http-equiv="Content-Type" content="text/html;charset=utf-8" />
  <meta name='ocr-system' content='tesseract 3.04.00' />
  <meta name='ocr-capabilities' content='ocr_page ocr_carea ocr_par ocr_line ocrx_word'/>
</head>
<body>
  <div class='ocr_page' id='page_1' title='image "./mediiaevibiblio02unkngoog_0043.png"; bbox 0 0 4200 6394; ppageno 0'>
   <div class='ocr_carea' id='block_1_1' title="bbox 284 367 1934 434">
    <p class='ocr_par' dir='ltr' id='par_1_1' title="bbox 284 367 1934 434">
     <span class='ocr_line' id='line_1_1' title="bbox 284 367 1934 434; baseline 0.002 -6"><span class='ocrx_word' id='word_1_1' title='bbox 284 369 325 428; x_wconf 78' lang='lat'>43</span> <span class='ocrx_word' id='word_1_2' title='bbox 750 367 927 430; x_wconf 85' lang='lat' dir='ltr'>HONORII</span> <span class='ocrx_word' id='word_1_3' title='bbox 949 369 994 430; x_wconf 86' lang='lat'>111</span> <span class='ocrx_word' id='word_1_4' title='bbox 1016 369 1164 431; x_wconf 84' lang='lat' dir='ltr'>OPERA.</span> <span class='ocrx_word' id='word_1_5' title='bbox 1180 397 1221 414; x_wconf 92' lang='grc'>-··</span> <span class='ocrx_word' id='word_1_6' title='bbox 1236 369 1469 432; x_wconf 82' lang='lat' dir='ltr'>SERMONES.</span> <span class='ocrx_word' id='word_1_7' title='bbox 1893 373 1934 434; x_wconf 71' lang='lat'>44</span> 
     </span>
    </p>
   </div>
   <div class='ocr_carea' id='block_1_2' title="bbox 279 525 1932 2857">
    <p class='ocr_par' dir='ltr' id='par_1_2' title="bbox 279 525 1932 2857">
     <span class='ocr_line' id='line_1_2' title="bbox 283 525 1932 608; baseline 0.001 -19"><span class='ocrx_word' id='word_1_8' title='bbox 283 526 465 606; x_wconf 88' lang='lat' dir='ltr'>prophetae,</span> <span class='ocrx_word' id='word_1_9' title='bbox 477 525 709 603; x_wconf 87' lang='lat' dir='ltr'>egrediebatur</span> <span class='ocrx_word' id='word_1_10' title='bbox 722 528 880 590; x_wconf 79' lang='lat' dir='ltr'>recedens</span> <span class='ocrx_word' id='word_1_11' title='bbox 891 527 933 592; x_wconf 90' lang='lat' dir='ltr'>ab</span> <span class='ocrx_word' id='word_1_12' title='bbox 947 543 997 594; x_wconf 89' lang='lat' dir='ltr'>eo.</span> <span class='ocrx_word' id='word_1_13' title='bbox 1016 529 1080 592; x_wconf 85' lang='lat' dir='ltr'>Sed</span> <span class='ocrx_word' id='word_1_14' title='bbox 1134 529 1237 592; x_wconf 90' lang='lat' dir='ltr'>maris</span> <span class='ocrx_word' id='word_1_15' title='bbox 1251 529 1508 608; x_wconf 81' lang='lat' dir='ltr'><strong>interpretatur,</strong></span> <span class='ocrx_word' id='word_1_16' title='bbox 1525 529 1558 592; x_wconf 92' lang='grc' dir='ltr'>θῖ</span> <span class='ocrx_word' id='word_1_17' title='bbox 1576 529 1650 607; x_wconf 88' lang='lat' dir='ltr'>ipsa</span> <span class='ocrx_word' id='word_1_18' title='bbox 1664 529 1699 590; x_wconf 94' lang='lat' dir='ltr'>in</span> <span class='ocrx_word' id='word_1_19' title='bbox 1714 529 1801 592; x_wconf 91' lang='lat' dir='ltr'>mari</span> <span class='ocrx_word' id='word_1_20' title='bbox 1818 529 1932 591; x_wconf 91' lang='lat' dir='ltr'>mundi</span> 
     </span>
     <span class='ocr_line' id='line_1_3' title="bbox 284 626 1931 706; baseline 0.001 -18"><span class='ocrx_word' id='word_1_21' title='bbox 284 641 462 689; x_wconf 90' lang='lat' dir='ltr'>occurrens</span> <span class='ocrx_word' id='word_1_22' title='bbox 481 627 702 706; x_wconf 81' lang='lat' dir='ltr'>archangelus</span> <span class='ocrx_word' id='word_1_23' title='bbox 724 626 849 703; x_wconf 85' lang='lat' dir='ltr'>Angelo</span> <span class='ocrx_word' id='word_1_24' title='bbox 871 628 1080 705; x_wconf 90' lang='lat' dir='ltr'>praecepitei</span> <span class='ocrx_word' id='word_1_25' title='bbox 1134 627 1352 704; x_wconf 82' lang='lat' dir='ltr'>singulariter</span> <span class='ocrx_word' id='word_1_26' title='bbox 1371 627 1475 700; x_wconf 84' lang='lat' dir='ltr'>fulsit,</span> <span class='ocrx_word' id='word_1_27' title='bbox 1501 629 1533 688; x_wconf 93' lang='lat' dir='ltr'>et</span> <span class='ocrx_word' id='word_1_28' title='bbox 1557 643 1600 689; x_wconf 89' lang='lat' dir='ltr'>ex</span> <span class='ocrx_word' id='word_1_29' title='bbox 1623 642 1660 688; x_wconf 91' lang='lat' dir='ltr'>se</span> <span class='ocrx_word' id='word_1_30' title='bbox 1681 627 1813 688; x_wconf 91' lang='lat' dir='ltr'>radium</span> <span class='ocrx_word' id='word_1_31' title='bbox 1835 627 1931 690; x_wconf 90' lang='lat' dir='ltr'>illum</span> 
     </span>
     <span class='ocr_line' id='line_1_4' title="bbox 283 713 1927 803; baseline 0.001 -19"><span class='ocrx_word' id='word_1_32' title='bbox 283 724 320 785; x_wconf 94' lang='lat' dir='ltr'>ut</span> <span class='ocrx_word' id='word_1_33' title='bbox 335 726 494 798; x_wconf 88' lang='lat' dir='ltr'>curreret,</span> <span class='ocrx_word' id='word_1_34' title='bbox 508 713 604 800; x_wconf 89' lang='lat' dir='ltr'>idest,</span> <span class='ocrx_word' id='word_1_35' title='bbox 621 727 780 788; x_wconf 88' lang='lat' dir='ltr'>velociter</span> <span class='ocrx_word' id='word_1_36' title='bbox 795 727 1019 788; x_wconf 84' lang='lat' dir='ltr'>reverteretur</span> <span class='ocrx_word' id='word_1_37' title='bbox 1038 726 1079 787; x_wconf 91' lang='lat' dir='ltr'>ad</span> <span class='ocrx_word' id='word_1_38' title='bbox 1134 725 1244 786; x_wconf 89' lang='lat' dir='ltr'>emisit</span> <span class='ocrx_word' id='word_1_39' title='bbox 1259 726 1315 803; x_wconf 89' lang='lat' dir='ltr'>qui</span> <span class='ocrx_word' id='word_1_40' title='bbox 1335 742 1410 787; x_wconf 92' lang='lat' dir='ltr'>cum</span> <span class='ocrx_word' id='word_1_41' title='bbox 1428 726 1471 788; x_wconf 90' lang='lat' dir='ltr'>sit</span> <span class='ocrx_word' id='word_1_42' title='bbox 1483 725 1541 786; x_wconf 84' lang='lat' dir='ltr'>lux</span> <span class='ocrx_word' id='word_1_43' title='bbox 1555 740 1647 797; x_wconf 90' lang='lat' dir='ltr'>vera,</span> <span class='ocrx_word' id='word_1_44' title='bbox 1664 723 1832 786; x_wconf 90' lang='lat' dir='ltr'>illuminat</span> <span class='ocrx_word' id='word_1_45' title='bbox 1853 741 1927 786; x_wconf 90' lang='lat' dir='ltr'>om-</span> 
     </span>
     <span class='ocr_line' id='line_1_5' title="bbox 283 819 1928 898; baseline 0.002 -19"><span class='ocrx_word' id='word_1_46' title='bbox 283 819 488 896; x_wconf 87' lang='lat' dir='ltr'>prophetam,</span> <span class='ocrx_word' id='word_1_47' title='bbox 503 821 536 881; x_wconf 93' lang='lat' dir='ltr'>et</span> <span class='ocrx_word' id='word_1_48' title='bbox 549 820 706 898; x_wconf 86' lang='lat' dir='ltr'>praecepit</span> <span class='ocrx_word' id='word_1_49' title='bbox 721 821 752 881; x_wconf 89' lang='lat' dir='ltr'>ei</span> <span class='ocrx_word' id='word_1_50' title='bbox 767 837 834 881; x_wconf 91' lang='lat' dir='ltr'>non</span> <span class='ocrx_word' id='word_1_51' title='bbox 850 821 956 882; x_wconf 92' lang='lat' dir='ltr'>solum</span> <span class='ocrx_word' id='word_1_52' title='bbox 971 823 1008 882; x_wconf 90' lang='lat' dir='ltr'>ut</span> <span class='ocrx_word' id='word_1_53' title='bbox 1024 821 1078 883; x_wconf 94' lang='lat' dir='ltr'>lo·</span> <span class='ocrx_word' id='word_1_54' title='bbox 1134 839 1210 883; x_wconf 91' lang='lat' dir='ltr'>nem</span> <span class='ocrx_word' id='word_1_55' title='bbox 1225 822 1393 884; x_wconf 93' lang='lat' dir='ltr'>hominem</span> <span class='ocrx_word' id='word_1_56' title='bbox 1407 822 1596 885; x_wconf 89' lang='lat' dir='ltr'>venientem</span> <span class='ocrx_word' id='word_1_57' title='bbox 1609 824 1644 884; x_wconf 92' lang='lat' dir='ltr'>in</span> <span class='ocrx_word' id='word_1_58' title='bbox 1655 823 1743 883; x_wconf 91' lang='lat' dir='ltr'>hunc</span> <span class='ocrx_word' id='word_1_59' title='bbox 1755 823 1928 884; x_wconf 90' lang='lat' dir='ltr'>mundum.</span> 
     </span>
     <span class='ocr_line' id='line_1_6' title="bbox 284 918 1927 998; baseline 0.002 -22"><span class='ocrx_word' id='word_1_60' title='bbox 284 918 451 994; x_wconf 82' lang='lat' dir='ltr'>queretur,</span> <span class='ocrx_word' id='word_1_61' title='bbox 470 919 527 980; x_wconf 92' lang='lat' dir='ltr'>sed</span> <span class='ocrx_word' id='word_1_62' title='bbox 543 919 667 995; x_wconf 88' lang='lat' dir='ltr'>etquid</span> <span class='ocrx_word' id='word_1_63' title='bbox 683 919 885 996; x_wconf 87' lang='lat' dir='ltr'>loqueretur.</span> <span class='ocrx_word' id='word_1_64' title='bbox 1173 920 1412 995; x_wconf 63' lang='lat' dir='ltr'>stirpenses</span> <span class='ocrx_word' id='word_1_65' title='bbox 1425 925 1575 997; x_wconf 77' lang='lat' dir='ltr'>Angelus</span> <span class='ocrx_word' id='word_1_66' title='bbox 1588 937 1649 998; x_wconf 89' lang='lat' dir='ltr'>per</span> <span class='ocrx_word' id='word_1_67' title='bbox 1666 937 1735 981; x_wconf 89' lang='lat' dir='ltr'>suae</span> <span class='ocrx_word' id='word_1_68' title='bbox 1752 919 1927 996; x_wconf 79' lang='lat' dir='ltr'>legationis</span> 
     </span>
     <span class='ocr_line' id='line_1_7' title="bbox 323 1014 1928 1096; baseline 0.001 -20"><span class='ocrx_word' id='word_1_69' title='bbox 323 1014 469 1090; x_wconf 80' lang='lat' dir='ltr'>Angelus</span> <span class='ocrx_word' id='word_1_70' title='bbox 493 1017 635 1078; x_wconf 90' lang='lat' dir='ltr'>mittitur</span> <span class='ocrx_word' id='word_1_71' title='bbox 662 1032 681 1077; x_wconf 91' lang='lat' dir='ltr'>a</span> <span class='ocrx_word' id='word_1_72' title='bbox 703 1019 787 1089; x_wconf 72' lang='lat' dir='ltr'>De03</span> <span class='ocrx_word' id='word_1_73' title='bbox 808 1016 894 1079; x_wconf 91' lang='lat' dir='ltr'>siout</span> <span class='ocrx_word' id='word_1_74' title='bbox 919 1016 1078 1078; x_wconf 90' lang='lat' dir='ltr'>habemus</span> <span class='ocrx_word' id='word_1_75' title='bbox 1134 1018 1408 1094; x_wconf 85' lang='lat' dir='ltr'>complexionem,</span> <span class='ocrx_word' id='word_1_76' title='bbox 1429 1023 1474 1080; x_wconf 86' lang='lat' dir='ltr'>cd</span> <span class='ocrx_word' id='word_1_77' title='bbox 1497 1033 1575 1080; x_wconf 85' lang='lat' dir='ltr'>eom</span> <span class='ocrx_word' id='word_1_78' title='bbox 1598 1035 1659 1096; x_wconf 91' lang='lat' dir='ltr'>per</span> <span class='ocrx_word' id='word_1_79' title='bbox 1683 1017 1928 1093; x_wconf 67' lang='lat' dir='ltr'>visitationem</span> 
     </span>
     <span class='ocr_line' id='line_1_8' title="bbox 286 1111 1927 1194; baseline 0.004 -24"><span class='ocrx_word' id='word_1_80' title='bbox 286 1111 321 1171; x_wconf 90' lang='lat' dir='ltr'>in</span> <span class='ocrx_word' id='word_1_81' title='bbox 347 1112 410 1174; x_wconf 92' lang='lat' dir='ltr'>hoc</span> <span class='ocrx_word' id='word_1_82' title='bbox 434 1114 506 1175; x_wconf 92' lang='lat' dir='ltr'>loco</span> <span class='ocrx_word' id='word_1_83' title='bbox 528 1114 614 1191; x_wconf 90' lang='lat' dir='ltr'>quod</span> <span class='ocrx_word' id='word_1_84' title='bbox 636 1114 757 1175; x_wconf 88' lang='lat' dir='ltr'>missus</span> <span class='ocrx_word' id='word_1_85' title='bbox 772 1115 823 1176; x_wconf 90' lang='lat' dir='ltr'>est</span> <span class='ocrx_word' id='word_1_86' title='bbox 844 1115 983 1190; x_wconf 89' lang='lat' dir='ltr'>angelus</span> <span class='ocrx_word' id='word_1_87' title='bbox 1008 1119 1078 1177; x_wconf 83' lang='lat' dir='ltr'>Ga·</span> <span class='ocrx_word' id='word_1_88' title='bbox 1134 1115 1218 1177; x_wconf 82' lang='lat' dir='ltr'>dixit</span> <span class='ocrx_word' id='word_1_89' title='bbox 1241 1132 1302 1193; x_wconf 93' lang='lat' dir='ltr'>per</span> <span class='ocrx_word' id='word_1_90' title='bbox 1327 1116 1572 1189; x_wconf 86' lang='lat' dir='ltr'>salutationem,</span> <span class='ocrx_word' id='word_1_91' title='bbox 1601 1121 1674 1177; x_wconf 84' lang='lat' dir='ltr'>Ave</span> <span class='ocrx_word' id='word_1_92' title='bbox 1699 1131 1760 1194; x_wconf 91' lang='lat' dir='ltr'>per</span> <span class='ocrx_word' id='word_1_93' title='bbox 1782 1116 1927 1176; x_wconf 90' lang='lat' dir='ltr'>nominis</span> 
     </span>
     <span class='ocr_line' id='line_1_9' title="bbox 281 1207 1931 1290; baseline 0.004 -21"><span class='ocrx_word' id='word_1_94' title='bbox 281 1207 366 1270; x_wconf 90' lang='lat' dir='ltr'>briel</span> <span class='ocrx_word' id='word_1_95' title='bbox 381 1226 400 1270; x_wconf 92' lang='lat' dir='ltr'>a</span> <span class='ocrx_word' id='word_1_96' title='bbox 415 1213 492 1272; x_wconf 90' lang='lat' dir='ltr'>Deo.</span> <span class='ocrx_word' id='word_1_97' title='bbox 511 1211 574 1272; x_wconf 86' lang='lat' dir='ltr'>Sed</span> <span class='ocrx_word' id='word_1_98' title='bbox 590 1228 693 1289; x_wconf 85' lang='lat' dir='ltr'>quare</span> <span class='ocrx_word' id='word_1_99' title='bbox 709 1213 831 1274; x_wconf 87' lang='lat' dir='ltr'>missus</span> <span class='ocrx_word' id='word_1_100' title='bbox 845 1227 865 1273; x_wconf 92' lang='lat' dir='ltr'>a</span> <span class='ocrx_word' id='word_1_101' title='bbox 881 1215 948 1273; x_wconf 91' lang='lat' dir='ltr'>Deo</span> <span class='ocrx_word' id='word_1_102' title='bbox 964 1213 997 1274; x_wconf 85' lang='lat' dir='ltr'>et</span> <span class='ocrx_word' id='word_1_103' title='bbox 1012 1228 1078 1274; x_wconf 90' lang='lat' dir='ltr'>non</span> <span class='ocrx_word' id='word_1_104' title='bbox 1133 1215 1233 1274; x_wconf 89' lang='lat' dir='ltr'>Hevae</span> <span class='ocrx_word' id='word_1_105' title='bbox 1257 1213 1484 1286; x_wconf 86' lang='lat' dir='ltr'>mutationem,</span> <span class='ocrx_word' id='word_1_106' title='bbox 1503 1214 1621 1290; x_wconf 75' lang='lat' dir='ltr'>pratea</span> <span class='ocrx_word' id='word_1_107' title='bbox 1632 1219 1734 1288; x_wconf 71' lang='lat' dir='ltr'>plecta</span> <span class='ocrx_word' id='word_1_108' title='bbox 1748 1228 1808 1290; x_wconf 91' lang='lat' dir='ltr'>per</span> <span class='ocrx_word' id='word_1_109' title='bbox 1822 1213 1931 1275; x_wconf 91' lang='lat' dir='ltr'>virtu-</span> 
     </span>
     <span class='ocr_line' id='line_1_10' title="bbox 281 1306 1929 1388; baseline 0.004 -22"><span class='ocrx_word' id='word_1_110' title='bbox 281 1306 545 1386; x_wconf 89' lang='lat' dir='ltr'>abalioaliquol</span> <span class='ocrx_word' id='word_1_111' title='bbox 560 1311 710 1374; x_wconf 90' lang='lat' dir='ltr'>Primum</span> <span class='ocrx_word' id='word_1_112' title='bbox 726 1309 858 1386; x_wconf 86' lang='lat' dir='ltr'>quidem</span> <span class='ocrx_word' id='word_1_113' title='bbox 874 1310 960 1386; x_wconf 90' lang='lat' dir='ltr'>quod</span> <span class='ocrx_word' id='word_1_114' title='bbox 976 1314 1078 1375; x_wconf 90' lang='lat' dir='ltr'>Beata</span> <span class='ocrx_word' id='word_1_115' title='bbox 1132 1312 1202 1372; x_wconf 93' lang='lat' dir='ltr'>tum</span> <span class='ocrx_word' id='word_1_116' title='bbox 1227 1311 1504 1384; x_wconf 89' lang='lat' dir='ltr'>cumulationem,</span> <span class='ocrx_word' id='word_1_117' title='bbox 1532 1314 1701 1377; x_wconf 74' lang='lat' dir='ltr'>Dominus</span> <span class='ocrx_word' id='word_1_118' title='bbox 1729 1313 1842 1374; x_wconf 80' lang='lat' dir='ltr'>tecum</span> <span class='ocrx_word' id='word_1_119' title='bbox 1869 1327 1929 1388; x_wconf 92' lang='lat' dir='ltr'>per</span> 
     </span>
     <span class='ocr_line' id='line_1_11' title="bbox 280 1404 1930 1486; baseline 0.002 -20"><span class='ocrx_word' id='word_1_120' title='bbox 280 1404 389 1466; x_wconf 88' lang='lat' dir='ltr'>Maria</span> <span class='ocrx_word' id='word_1_121' title='bbox 402 1407 503 1469; x_wconf 81' lang='lat' dir='ltr'>tantae</span> <span class='ocrx_word' id='word_1_122' title='bbox 518 1407 590 1469; x_wconf 90' lang='lat' dir='ltr'>erat</span> <span class='ocrx_word' id='word_1_123' title='bbox 604 1407 791 1470; x_wconf 80' lang='lat' dir='ltr'>sanctitatis</span> <span class='ocrx_word' id='word_1_124' title='bbox 811 1409 844 1470; x_wconf 91' lang='lat' dir='ltr'>et</span> <span class='ocrx_word' id='word_1_125' title='bbox 862 1409 1027 1486; x_wconf 89' lang='lat' dir='ltr'>puritatis,</span> <span class='ocrx_word' id='word_1_126' title='bbox 1043 1413 1079 1470; x_wconf 87' lang='lat' dir='ltr'>ut</span> <span class='ocrx_word' id='word_1_127' title='bbox 1134 1408 1411 1481; x_wconf 87' lang='lat' dir='ltr'>incarnationem,</span> <span class='ocrx_word' id='word_1_128' title='bbox 1440 1409 1627 1472; x_wconf 75' lang='lat' dir='ltr'>Benedicta</span> <span class='ocrx_word' id='word_1_129' title='bbox 1649 1423 1708 1485; x_wconf 92' lang='lat' dir='ltr'>per</span> <span class='ocrx_word' id='word_1_130' title='bbox 1721 1409 1930 1485; x_wconf 90' lang='lat' dir='ltr'>virginitatis</span> 
     </span>
     <span class='ocr_line' id='line_1_12' title="bbox 280 1503 1929 1583; baseline 0.002 -19"><span class='ocrx_word' id='word_1_131' title='bbox 280 1516 395 1564; x_wconf 90' lang='lat' dir='ltr'>omnes</span> <span class='ocrx_word' id='word_1_132' title='bbox 418 1503 555 1580; x_wconf 80' lang='lat' dir='ltr'>angelos</span> <span class='ocrx_word' id='word_1_133' title='bbox 570 1505 759 1578; x_wconf 80' lang='lat' dir='ltr'>excelleret,</span> <span class='ocrx_word' id='word_1_134' title='bbox 781 1506 815 1568; x_wconf 93' lang='lat' dir='ltr'>et</span> <span class='ocrx_word' id='word_1_135' title='bbox 835 1506 903 1568; x_wconf 90' lang='lat' dir='ltr'>tota</span> <span class='ocrx_word' id='word_1_136' title='bbox 926 1507 962 1568; x_wconf 91' lang='lat' dir='ltr'>in</span> <span class='ocrx_word' id='word_1_137' title='bbox 975 1510 1078 1569; x_wconf 90' lang='lat' dir='ltr'>Deum</span> <span class='ocrx_word' id='word_1_138' title='bbox 1132 1505 1391 1578; x_wconf 85' lang='lat' dir='ltr'>foecunditatem,</span> <span class='ocrx_word' id='word_1_139' title='bbox 1405 1506 1442 1567; x_wconf 79' lang='lat' dir='ltr'>tu</span> <span class='ocrx_word' id='word_1_140' title='bbox 1456 1521 1516 1583; x_wconf 92' lang='lat' dir='ltr'>per</span> <span class='ocrx_word' id='word_1_141' title='bbox 1531 1505 1774 1582; x_wconf 88' lang='lat' dir='ltr'>singularitatis</span> <span class='ocrx_word' id='word_1_142' title='bbox 1792 1522 1929 1583; x_wconf 88' lang='lat' dir='ltr'>expres·</span> 
     </span>
     <span class='ocr_line' id='line_1_13' title="bbox 279 1601 1930 1682; baseline 0.003 -20"><span class='ocrx_word' id='word_1_143' title='bbox 279 1601 391 1662; x_wconf 92' lang='lat' dir='ltr'>mente</span> <span class='ocrx_word' id='word_1_144' title='bbox 414 1602 447 1664; x_wconf 89' lang='lat' dir='ltr'>ct</span> <span class='ocrx_word' id='word_1_145' title='bbox 468 1601 643 1664; x_wconf 87' lang='lat' dir='ltr'>devotione</span> <span class='ocrx_word' id='word_1_146' title='bbox 668 1603 837 1666; x_wconf 90' lang='lat' dir='ltr'>transiret.</span> <span class='ocrx_word' id='word_1_147' title='bbox 864 1605 933 1666; x_wconf 91' lang='lat' dir='ltr'>Nec</span> <span class='ocrx_word' id='word_1_148' title='bbox 957 1605 1078 1666; x_wconf 90' lang='lat' dir='ltr'>mirum</span> <span class='ocrx_word' id='word_1_149' title='bbox 1133 1603 1275 1676; x_wconf 87' lang='lat' dir='ltr'>sionem,</span> <span class='ocrx_word' id='word_1_150' title='bbox 1296 1607 1333 1666; x_wconf 80' lang='lat' dir='ltr'>ic</span> <span class='ocrx_word' id='word_1_151' title='bbox 1347 1606 1549 1666; x_wconf 70' lang='lat' dir='ltr'>mulieribus</span> <span class='ocrx_word' id='word_1_152' title='bbox 1563 1619 1623 1682; x_wconf 91' lang='lat' dir='ltr'>per</span> <span class='ocrx_word' id='word_1_153' title='bbox 1637 1602 1779 1666; x_wconf 83' lang='lat' dir='ltr'>aliarum</span> <span class='ocrx_word' id='word_1_154' title='bbox 1800 1619 1930 1682; x_wconf 87' lang='lat' dir='ltr'>compa·</span> 
     </span>
     <span class='ocr_line' id='line_1_14' title="bbox 281 1697 1306 1780; baseline 0.001 -21"><span class='ocrx_word' id='word_1_155' title='bbox 281 1697 311 1759; x_wconf 89' lang='lat' dir='ltr'>si</span> <span class='ocrx_word' id='word_1_156' title='bbox 323 1715 425 1776; x_wconf 91' lang='lat' dir='ltr'>super</span> <span class='ocrx_word' id='word_1_157' title='bbox 436 1700 573 1776; x_wconf 89' lang='lat' dir='ltr'>angelos</span> <span class='ocrx_word' id='word_1_158' title='bbox 585 1717 658 1762; x_wconf 93' lang='lat' dir='ltr'>eam</span> <span class='ocrx_word' id='word_1_159' title='bbox 674 1700 814 1763; x_wconf 91' lang='lat' dir='ltr'>dicimus</span> <span class='ocrx_word' id='word_1_160' title='bbox 826 1701 942 1775; x_wconf 83' lang='lat' dir='ltr'>luisse,</span> <span class='ocrx_word' id='word_1_161' title='bbox 957 1717 1030 1780; x_wconf 85' lang='lat' dir='ltr'>quae</span> <span class='ocrx_word' id='word_1_162' title='bbox 1045 1703 1079 1765; x_wconf 91' lang='lat' dir='ltr'>et</span> <span class='ocrx_word' id='word_1_163' title='bbox 1132 1701 1306 1762; x_wconf 89' lang='lat' dir='ltr'>rationem.</span> 
     </span>
     <span class='ocr_line' id='line_1_15' title="bbox 283 1796 1926 1877; baseline 0.001 -21"><span class='ocrx_word' id='word_1_164' title='bbox 283 1797 343 1857; x_wconf 90' lang='lat' dir='ltr'>Dei</span> <span class='ocrx_word' id='word_1_165' title='bbox 359 1796 464 1858; x_wconf 85' lang='lat' dir='ltr'>tilium</span> <span class='ocrx_word' id='word_1_166' title='bbox 478 1799 601 1860; x_wconf 90' lang='lat' dir='ltr'>meruit</span> <span class='ocrx_word' id='word_1_167' title='bbox 615 1800 801 1876; x_wconf 88' lang='lat' dir='ltr'>concipere,</span> <span class='ocrx_word' id='word_1_168' title='bbox 819 1800 852 1862; x_wconf 93' lang='lat' dir='ltr'>et</span> <span class='ocrx_word' id='word_1_169' title='bbox 863 1799 986 1861; x_wconf 92' lang='lat' dir='ltr'>mundo</span> <span class='ocrx_word' id='word_1_170' title='bbox 1001 1817 1079 1877; x_wconf 90' lang='lat' dir='ltr'>per·</span> <span class='ocrx_word' id='word_1_171' title='bbox 1173 1798 1295 1860; x_wconf 88' lang='lat' dir='ltr'>Missus</span> <span class='ocrx_word' id='word_1_172' title='bbox 1310 1799 1361 1860; x_wconf 97' lang='grc' dir='ltr'>θεῖ</span> <span class='ocrx_word' id='word_1_173' title='bbox 1376 1797 1520 1875; x_wconf 82' lang='lat' dir='ltr'>Angelus</span> <span class='ocrx_word' id='word_1_174' title='bbox 1537 1797 1572 1859; x_wconf 91' lang='lat' dir='ltr'>in</span> <span class='ocrx_word' id='word_1_175' title='bbox 1585 1797 1752 1859; x_wconf 88' lang='lat' dir='ltr'>civitatem</span> <span class='ocrx_word' id='word_1_176' title='bbox 1768 1797 1926 1860; x_wconf 75' lang='lat' dir='ltr'>Galilaeae.</span> 
     </span>
     <span class='ocr_line' id='line_1_16' title="bbox 280 1892 1929 1974; baseline 0.002 -20"><span class='ocrx_word' id='word_1_177' title='bbox 280 1892 349 1955; x_wconf 92' lang='lat' dir='ltr'>dito</span> <span class='ocrx_word' id='word_1_178' title='bbox 373 1897 516 1970; x_wconf 85' lang='lat' dir='ltr'>gratiam</span> <span class='ocrx_word' id='word_1_179' title='bbox 542 1911 711 1974; x_wconf 88' lang='lat' dir='ltr'>reparare.</span> <span class='ocrx_word' id='word_1_180' title='bbox 739 1899 814 1960; x_wconf 93' lang='lat' dir='ltr'>Non</span> <span class='ocrx_word' id='word_1_181' title='bbox 838 1897 941 1974; x_wconf 88' lang='lat' dir='ltr'>igitur</span> <span class='ocrx_word' id='word_1_182' title='bbox 966 1897 1079 1960; x_wconf 89' lang='lat' dir='ltr'>debuit</span> <span class='ocrx_word' id='word_1_183' title='bbox 1133 1896 1271 1957; x_wconf 80' lang='lat' dir='ltr'>Galilaea</span> <span class='ocrx_word' id='word_1_184' title='bbox 1289 1896 1527 1972; x_wconf 89' lang='lat' dir='ltr'>interpretatur</span> <span class='ocrx_word' id='word_1_185' title='bbox 1537 1894 1787 1971; x_wconf 89' lang='lat' dir='ltr'>transmigratio</span> <span class='ocrx_word' id='word_1_186' title='bbox 1797 1894 1884 1957; x_wconf 84' lang='lat' dir='ltr'>lacta</span> <span class='ocrx_word' id='word_1_187' title='bbox 1893 1895 1929 1958; x_wconf 89' lang='lat' dir='ltr'>et</span> 
     </span>
     <span class='ocr_line' id='line_1_17' title="bbox 281 1991 1930 2073; baseline -0.001 -20"><span class='ocrx_word' id='word_1_188' title='bbox 281 1991 421 2068; x_wconf 86' lang='lat' dir='ltr'>angelus</span> <span class='ocrx_word' id='word_1_189' title='bbox 443 1992 528 2055; x_wconf 85' lang='lat' dir='ltr'>mitti</span> <span class='ocrx_word' id='word_1_190' title='bbox 549 1993 590 2054; x_wconf 90' lang='lat' dir='ltr'>ab</span> <span class='ocrx_word' id='word_1_191' title='bbox 617 1994 684 2056; x_wconf 89' lang='lat' dir='ltr'>alio</span> <span class='ocrx_word' id='word_1_192' title='bbox 703 1995 770 2056; x_wconf 88' lang='lat' dir='ltr'>nisi</span> <span class='ocrx_word' id='word_1_193' title='bbox 793 2011 814 2056; x_wconf 89' lang='lat' dir='ltr'>a</span> <span class='ocrx_word' id='word_1_194' title='bbox 834 1998 914 2068; x_wconf 89' lang='lat' dir='ltr'>Deo,</span> <span class='ocrx_word' id='word_1_195' title='bbox 927 1995 1024 2073; x_wconf 56' lang='lat' dir='ltr'>‘quod</span> <span class='ocrx_word' id='word_1_196' title='bbox 1049 1996 1078 2056; x_wconf 89' lang='lat' dir='ltr'>si</span> <span class='ocrx_word' id='word_1_197' title='bbox 1133 1993 1300 2068; x_wconf 80' lang='lat' dir='ltr'>significat</span> <span class='ocrx_word' id='word_1_198' title='bbox 1314 1993 1420 2068; x_wconf 88' lang='lat' dir='ltr'>legem</span> <span class='ocrx_word' id='word_1_199' title='bbox 1442 1993 1566 2070; x_wconf 84' lang='lat' dir='ltr'>Moysis</span> <span class='ocrx_word' id='word_1_200' title='bbox 1583 1992 1617 2053; x_wconf 93' lang='lat' dir='ltr'>et</span> <span class='ocrx_word' id='word_1_201' title='bbox 1638 1992 1854 2054; x_wconf 87' lang='lat' dir='ltr'>caeremonias</span> <span class='ocrx_word' id='word_1_202' title='bbox 1867 1995 1930 2055; x_wconf 91' lang='lat' dir='ltr'>Ju-</span> 
     </span>
     <span class='ocr_line' id='line_1_18' title="bbox 280 2088 1929 2166; baseline 0.001 -17"><span class='ocrx_word' id='word_1_203' title='bbox 280 2088 322 2149; x_wconf 87' lang='lat' dir='ltr'>ah</span> <span class='ocrx_word' id='word_1_204' title='bbox 335 2090 402 2150; x_wconf 89' lang='lat' dir='ltr'>aiio</span> <span class='ocrx_word' id='word_1_205' title='bbox 415 2090 611 2164; x_wconf 88' lang='lat' dir='ltr'>mitteretur,</span> <span class='ocrx_word' id='word_1_206' title='bbox 629 2093 717 2153; x_wconf 88' lang='lat' dir='ltr'>esset</span> <span class='ocrx_word' id='word_1_207' title='bbox 729 2109 815 2154; x_wconf 90' lang='lat' dir='ltr'>unus</span> <span class='ocrx_word' id='word_1_208' title='bbox 828 2095 868 2155; x_wconf 91' lang='lat' dir='ltr'>de</span> <span class='ocrx_word' id='word_1_209' title='bbox 881 2092 1076 2154; x_wconf 91' lang='lat' dir='ltr'>minorihus.</span> <span class='ocrx_word' id='word_1_210' title='bbox 1133 2089 1291 2163; x_wconf 87' lang='lat' dir='ltr'>decorum,</span> <span class='ocrx_word' id='word_1_211' title='bbox 1308 2091 1386 2166; x_wconf 90' lang='lat' dir='ltr'>quia</span> <span class='ocrx_word' id='word_1_212' title='bbox 1410 2090 1465 2151; x_wconf 88' lang='lat' dir='ltr'>lex</span> <span class='ocrx_word' id='word_1_213' title='bbox 1487 2089 1626 2152; x_wconf 90' lang='lat' dir='ltr'>debebat</span> <span class='ocrx_word' id='word_1_214' title='bbox 1645 2090 1884 2166; x_wconf 87' lang='lat' dir='ltr'>transmigrare</span> <span class='ocrx_word' id='word_1_215' title='bbox 1907 2106 1929 2151; x_wconf 89' lang='lat' dir='ltr'>a</span> 
     </span>
     <span class='ocr_line' id='line_1_19' title="bbox 281 2187 1928 2267; baseline 0.001 -19"><span class='ocrx_word' id='word_1_216' title='bbox 281 2188 368 2249; x_wconf 90' lang='lat' dir='ltr'>Nam</span> <span class='ocrx_word' id='word_1_217' title='bbox 389 2192 534 2266; x_wconf 88' lang='lat' dir='ltr'>majores</span> <span class='ocrx_word' id='word_1_218' title='bbox 557 2189 691 2252; x_wconf 89' lang='lat' dir='ltr'>mittunt</span> <span class='ocrx_word' id='word_1_219' title='bbox 716 2189 874 2251; x_wconf 91' lang='lat' dir='ltr'>minores.</span> <span class='ocrx_word' id='word_1_220' title='bbox 899 2191 975 2253; x_wconf 91' lang='lat' dir='ltr'>Non</span> <span class='ocrx_word' id='word_1_221' title='bbox 998 2205 1078 2267; x_wconf 91' lang='lat' dir='ltr'>ergo</span> <span class='ocrx_word' id='word_1_222' title='bbox 1132 2187 1277 2263; x_wconf 81' lang='lat' dir='ltr'>Judaeis3</span> <span class='ocrx_word' id='word_1_223' title='bbox 1292 2203 1369 2248; x_wconf 92' lang='lat' dir='ltr'>nam</span> <span class='ocrx_word' id='word_1_224' title='bbox 1390 2188 1524 2264; x_wconf 88' lang='lat' dir='ltr'>propter</span> <span class='ocrx_word' id='word_1_225' title='bbox 1547 2188 1683 2264; x_wconf 89' lang='lat' dir='ltr'>peccata</span> <span class='ocrx_word' id='word_1_226' title='bbox 1707 2188 1739 2248; x_wconf 90' lang='lat' dir='ltr'>et</span> <span class='ocrx_word' id='word_1_227' title='bbox 1762 2187 1871 2248; x_wconf 87' lang='lat' dir='ltr'>locum</span> <span class='ocrx_word' id='word_1_228' title='bbox 1894 2197 1928 2250; x_wconf 87' lang='lat' dir='ltr'>et</span> 
     </span>
     <span class='ocr_line' id='line_1_20' title="bbox 286 2283 1925 2366; baseline -0.001 -21"><span class='ocrx_word' id='word_1_229' title='bbox 286 2283 444 2347; x_wconf 82' lang='lat' dir='ltr'>debuerat</span> <span class='ocrx_word' id='word_1_230' title='bbox 471 2287 557 2348; x_wconf 86' lang='lat' dir='ltr'>mitti</span> <span class='ocrx_word' id='word_1_231' title='bbox 580 2288 719 2362; x_wconf 89' lang='lat' dir='ltr'>angelus</span> <span class='ocrx_word' id='word_1_232' title='bbox 746 2287 811 2350; x_wconf 90' lang='lat' dir='ltr'>nisi</span> <span class='ocrx_word' id='word_1_233' title='bbox 838 2305 857 2350; x_wconf 92' lang='lat' dir='ltr'>a</span> <span class='ocrx_word' id='word_1_234' title='bbox 886 2290 965 2361; x_wconf 89' lang='lat' dir='ltr'>Deo,</span> <span class='ocrx_word' id='word_1_235' title='bbox 991 2287 1078 2366; x_wconf 83' lang='lat' dir='ltr'>quod</span> <span class='ocrx_word' id='word_1_236' title='bbox 1132 2285 1263 2361; x_wconf 89' lang='lat' dir='ltr'>gentem</span> <span class='ocrx_word' id='word_1_237' title='bbox 1279 2286 1311 2346; x_wconf 91' lang='lat' dir='ltr'>et</span> <span class='ocrx_word' id='word_1_238' title='bbox 1325 2285 1548 2346; x_wconf 87' lang='lat' dir='ltr'>sacerdotium</span> <span class='ocrx_word' id='word_1_239' title='bbox 1564 2285 1598 2346; x_wconf 89' lang='lat' dir='ltr'>et</span> <span class='ocrx_word' id='word_1_240' title='bbox 1612 2285 1717 2361; x_wconf 91' lang='lat' dir='ltr'>legem</span> <span class='ocrx_word' id='word_1_241' title='bbox 1733 2285 1925 2346; x_wconf 89' lang='lat' dir='ltr'>amiserunt.</span> 
     </span>
     <span class='ocr_line' id='line_1_21' title="bbox 282 2382 1928 2460; baseline 0.001 -17"><span class='ocrx_word' id='word_1_242' title='bbox 282 2382 376 2444; x_wconf 86' lang='lat' dir='ltr'>tauta</span> <span class='ocrx_word' id='word_1_243' title='bbox 388 2383 460 2444; x_wconf 92' lang='lat' dir='ltr'>erat</span> <span class='ocrx_word' id='word_1_244' title='bbox 474 2382 618 2460; x_wconf 89' lang='lat' dir='ltr'>dignitas</span> <span class='ocrx_word' id='word_1_245' title='bbox 631 2385 664 2446; x_wconf 87' lang='lat' dir='ltr'>et</span> <span class='ocrx_word' id='word_1_246' title='bbox 678 2385 875 2448; x_wconf 90' lang='lat' dir='ltr'>excellentia</span> <span class='ocrx_word' id='word_1_247' title='bbox 885 2387 996 2447; x_wconf 83' lang='lat' dir='ltr'>Baetae</span> <span class='ocrx_word' id='word_1_248' title='bbox 1011 2387 1079 2446; x_wconf 89' lang='lat' dir='ltr'>Ma·</span> <span class='ocrx_word' id='word_1_249' title='bbox 1133 2383 1227 2445; x_wconf 88' lang='lat' dir='ltr'>Unde</span> <span class='ocrx_word' id='word_1_250' title='bbox 1248 2383 1284 2443; x_wconf 92' lang='lat' dir='ltr'>in</span> <span class='ocrx_word' id='word_1_251' title='bbox 1308 2385 1391 2444; x_wconf 89' lang='lat' dir='ltr'>Osee</span> <span class='ocrx_word' id='word_1_252' title='bbox 1415 2386 1523 2444; x_wconf 84' lang='lat' dir='ltr'>:Dies</span> <span class='ocrx_word' id='word_1_253' title='bbox 1538 2384 1663 2446; x_wconf 80' lang='lat' dir='ltr'>multos</span> <span class='ocrx_word' id='word_1_254' title='bbox 1683 2383 1845 2444; x_wconf 80' lang='lat' dir='ltr'>sedebunt</span> <span class='ocrx_word' id='word_1_255' title='bbox 1865 2385 1928 2455; x_wconf 80' lang='lat' dir='ltr'>litii</span> 
     </span>
     <span class='ocr_line' id='line_1_22' title="bbox 280 2479 1929 2558; baseline 0.001 -18"><span class='ocrx_word' id='word_1_256' title='bbox 280 2479 352 2549; x_wconf 89' lang='lat' dir='ltr'>riae,</span> <span class='ocrx_word' id='word_1_257' title='bbox 369 2480 453 2558; x_wconf 89' lang='lat' dir='ltr'>quod</span> <span class='ocrx_word' id='word_1_258' title='bbox 472 2497 539 2543; x_wconf 91' lang='lat' dir='ltr'>non</span> <span class='ocrx_word' id='word_1_259' title='bbox 555 2483 691 2544; x_wconf 89' lang='lat' dir='ltr'>decebat</span> <span class='ocrx_word' id='word_1_260' title='bbox 707 2484 882 2546; x_wconf 89' lang='lat' dir='ltr'>Dominum</span> <span class='ocrx_word' id='word_1_261' title='bbox 902 2483 968 2546; x_wconf 85' lang='lat' dir='ltr'>nisi</span> <span class='ocrx_word' id='word_1_262' title='bbox 987 2500 1079 2544; x_wconf 89' lang='lat' dir='ltr'>sum-</span> <span class='ocrx_word' id='word_1_263' title='bbox 1131 2485 1244 2542; x_wconf 83' lang='lat' dir='ltr'>Israel</span> <span class='ocrx_word' id='word_1_264' title='bbox 1266 2484 1341 2542; x_wconf 82' lang='lat' dir='ltr'>stne</span> <span class='ocrx_word' id='word_1_265' title='bbox 1362 2495 1444 2555; x_wconf 80' lang='lat' dir='ltr'>repe</span> <span class='ocrx_word' id='word_1_266' title='bbox 1466 2481 1499 2542; x_wconf 86' lang='lat' dir='ltr'>et</span> <span class='ocrx_word' id='word_1_267' title='bbox 1519 2483 1594 2542; x_wconf 73' lang='lat' dir='ltr'>sicce</span> <span class='ocrx_word' id='word_1_268' title='bbox 1616 2483 1773 2555; x_wconf 78' lang='lat' dir='ltr'>principe</span> <span class='ocrx_word' id='word_1_269' title='bbox 1794 2481 1828 2542; x_wconf 87' lang='lat' dir='ltr'>et</span> <span class='ocrx_word' id='word_1_270' title='bbox 1852 2483 1929 2542; x_wconf 79' lang='lat' dir='ltr'>sinc</span> 
     </span>
     <span class='ocr_line' id='line_1_23' title="bbox 281 2575 1928 2659; baseline 0 -21"><span class='ocrx_word' id='word_1_271' title='bbox 281 2593 353 2638; x_wconf 88' lang='lat' dir='ltr'>mos</span> <span class='ocrx_word' id='word_1_272' title='bbox 381 2579 602 2655; x_wconf 87' lang='lat' dir='ltr'>archangelos</span> <span class='ocrx_word' id='word_1_273' title='bbox 627 2581 661 2642; x_wconf 92' lang='lat' dir='ltr'>in</span> <span class='ocrx_word' id='word_1_274' title='bbox 689 2585 762 2659; x_wconf 88' lang='lat' dir='ltr'>ejus</span> <span class='ocrx_word' id='word_1_275' title='bbox 794 2581 994 2644; x_wconf 87' lang='lat' dir='ltr'>salutatione</span> <span class='ocrx_word' id='word_1_276' title='bbox 1024 2582 1078 2644; x_wconf 91' lang='lat' dir='ltr'>vel</span> <span class='ocrx_word' id='word_1_277' title='bbox 1132 2579 1304 2650; x_wconf 75' lang='lat' dir='ltr'>sacrificio</span> <span class='ocrx_word' id='word_1_278' title='bbox 1327 2577 1361 2639; x_wconf 85' lang='lat' dir='ltr'>et</span> <span class='ocrx_word' id='word_1_279' title='bbox 1383 2580 1460 2638; x_wconf 82' lang='lat' dir='ltr'>sine</span> <span class='ocrx_word' id='word_1_280' title='bbox 1484 2579 1591 2640; x_wconf 80' lang='lat' dir='ltr'>altari</span> <span class='ocrx_word' id='word_1_281' title='bbox 1619 2575 1711 2656; x_wconf 87' lang='lat' dir='ltr'>(Ose.</span> <span class='ocrx_word' id='word_1_282' title='bbox 1732 2592 1787 2652; x_wconf 88' lang='lat'>111,</span> <span class='ocrx_word' id='word_1_283' title='bbox 1803 2575 1850 2656; x_wconf 85' lang='grc'>4).</span> <span class='ocrx_word' id='word_1_284' title='bbox 1866 2577 1928 2639; x_wconf 87' lang='lat' dir='ltr'>Hic</span> 
     </span>
     <span class='ocr_line' id='line_1_24' title="bbox 280 2673 1926 2753; baseline -0.001 -18"><span class='ocrx_word' id='word_1_285' title='bbox 280 2673 444 2752; x_wconf 83' lang='lat' dir='ltr'>colloquio</span> <span class='ocrx_word' id='word_1_286' title='bbox 460 2676 623 2753; x_wconf 87' lang='lat' dir='ltr'>delegare.</span> <span class='ocrx_word' id='word_1_287' title='bbox 647 2679 773 2742; x_wconf 90' lang='lat' dir='ltr'>Deinde</span> <span class='ocrx_word' id='word_1_288' title='bbox 787 2680 915 2743; x_wconf 87' lang='lat' dir='ltr'>tantum</span> <span class='ocrx_word' id='word_1_289' title='bbox 929 2681 1002 2742; x_wconf 92' lang='lat' dir='ltr'>erat</span> <span class='ocrx_word' id='word_1_290' title='bbox 1014 2680 1077 2740; x_wconf 92' lang='lat' dir='ltr'>hoc</span> <span class='ocrx_word' id='word_1_291' title='bbox 1132 2673 1330 2751; x_wconf 88' lang='lat' dir='ltr'>completum</span> <span class='ocrx_word' id='word_1_292' title='bbox 1345 2675 1396 2736; x_wconf 89' lang='lat' dir='ltr'>est</span> <span class='ocrx_word' id='word_1_293' title='bbox 1418 2674 1502 2735; x_wconf 89' lang='lat' dir='ltr'>illud</span> <span class='ocrx_word' id='word_1_294' title='bbox 1524 2674 1698 2736; x_wconf 91' lang='lat' dir='ltr'>Proverbii</span> <span class='ocrx_word' id='word_1_295' title='bbox 1718 2674 1926 2736; x_wconf 85' lang='lat' dir='ltr'>Salomonis:</span> 
     </span>
     <span class='ocr_line' id='line_1_25' title="bbox 280 2773 1927 2857; baseline 0.001 -25"><span class='ocrx_word' id='word_1_296' title='bbox 280 2773 486 2848; x_wconf 89' lang='lat' dir='ltr'>mysterium,</span> <span class='ocrx_word' id='word_1_297' title='bbox 503 2775 590 2850; x_wconf 89' lang='lat' dir='ltr'>quod</span> <span class='ocrx_word' id='word_1_298' title='bbox 604 2792 671 2836; x_wconf 91' lang='lat' dir='ltr'>non</span> <span class='ocrx_word' id='word_1_299' title='bbox 691 2776 827 2839; x_wconf 89' lang='lat' dir='ltr'>decebat</span> <span class='ocrx_word' id='word_1_300' title='bbox 848 2777 997 2857; x_wconf 86' lang='lat' dir='ltr'>nuntiari</span> <span class='ocrx_word' id='word_1_301' title='bbox 1011 2776 1077 2836; x_wconf 91' lang='lat' dir='ltr'>nisi</span> <span class='ocrx_word' id='word_1_302' title='bbox 1133 2775 1226 2840; x_wconf 78' lang='lat' dir='ltr'>Quod</span> <span class='ocrx_word' id='word_1_303' title='bbox 1263 2774 1362 2835; x_wconf 83' lang='lat' dir='ltr'>timet</span> <span class='ocrx_word' id='word_1_304' title='bbox 1398 2775 1527 2847; x_wconf 77' lang='lat' dir='ltr'>impius</span> <span class='ocrx_word' id='word_1_305' title='bbox 1562 2773 1677 2834; x_wconf 79' lang='lat' dir='ltr'>veniet</span> <span class='ocrx_word' id='word_1_306' title='bbox 1710 2788 1817 2847; x_wconf 81' lang='lat' dir='ltr'>super</span> <span class='ocrx_word' id='word_1_307' title='bbox 1848 2787 1927 2834; x_wconf 78' lang='lat' dir='ltr'>corn</span> 
     </span>
    </p>
   </div>
   <div class='ocr_carea' id='block_1_3' title="bbox 281 2867 2084 2958">
    <p class='ocr_par' dir='ltr' id='par_1_3' title="bbox 281 2867 2084 2958">
     <span class='ocr_line' id='line_1_26' title="bbox 281 2867 2084 2958; baseline 0.004 -32"><span class='ocrx_word' id='word_1_308' title='bbox 281 2883 343 2944; x_wconf 88' lang='lat' dir='ltr'>per</span> <span class='ocrx_word' id='word_1_309' title='bbox 368 2884 532 2931; x_wconf 89' lang='lat' dir='ltr'>summum</span> <span class='ocrx_word' id='word_1_310' title='bbox 561 2872 809 2950; x_wconf 90' lang='lat' dir='ltr'>archangelum.</span> <span class='ocrx_word' id='word_1_311' title='bbox 838 2872 932 2936; x_wconf 90' lang='lat' dir='ltr'>Unde</span> <span class='ocrx_word' id='word_1_312' title='bbox 955 2874 1077 2935; x_wconf 87' lang='lat' dir='ltr'>missus</span> <span class='ocrx_word' id='word_1_313' title='bbox 1133 2868 1246 2950; x_wconf 87' lang='lat' dir='ltr'>(Prov.</span> <span class='ocrx_word' id='word_1_314' title='bbox 1271 2886 1304 2942; x_wconf 90' lang='lat' dir='ltr'>x,</span> <span class='ocrx_word' id='word_1_315' title='bbox 1328 2867 1394 2948; x_wconf 75' lang='lat'>24).</span> <span class='ocrx_word' id='word_1_316' title='bbox 1416 2870 1612 2931; x_wconf 86' lang='lat' dir='ltr'>Timuerunt</span> <span class='ocrx_word' id='word_1_317' title='bbox 1630 2869 1738 2932; x_wconf 85' lang='lat' dir='ltr'>ludaei</span> <span class='ocrx_word' id='word_1_318' title='bbox 1762 2869 1928 2933; x_wconf 74' lang='lat' dir='ltr'>dicentcsa</span> <span class='ocrx_word' id='word_1_319' title='bbox 2035 2943 2042 2958; x_wconf 33' lang='grc' dir='ltr'>ι</span> <span class='ocrx_word' id='word_1_320' title='bbox 2083 2867 2084 2916; x_wconf 61' lang='lat' dir='ltr'>i</span> 
     </span>
    </p>
   </div>
   <div class='ocr_carea' id='block_1_4' title="bbox 221 2966 1986 5787">
    <p class='ocr_par' dir='ltr' id='par_1_4' title="bbox 221 2966 1986 5787">
     <span class='ocr_line' id='line_1_27' title="bbox 281 2966 1927 3049; baseline 0.001 -23"><span class='ocrx_word' id='word_1_321' title='bbox 281 2966 332 3027; x_wconf 89' lang='lat' dir='ltr'>est</span> <span class='ocrx_word' id='word_1_322' title='bbox 353 2966 501 3041; x_wconf 84' lang='lat' dir='ltr'>Gabriel,</span> <span class='ocrx_word' id='word_1_323' title='bbox 529 2969 586 3047; x_wconf 86' lang='lat' dir='ltr'>qui</span> <span class='ocrx_word' id='word_1_324' title='bbox 610 2970 858 3049; x_wconf 91' lang='lat' dir='ltr'>interpretatur,</span> <span class='ocrx_word' id='word_1_325' title='bbox 885 2972 970 3034; x_wconf 90' lang='lat' dir='ltr'>sicut</span> <span class='ocrx_word' id='word_1_326' title='bbox 988 2971 1078 3033; x_wconf 88' lang='lat' dir='ltr'>dixi·</span> <span class='ocrx_word' id='word_1_327' title='bbox 1131 2970 1169 3028; x_wconf 83' lang='lat' dir='ltr'>Si</span> <span class='ocrx_word' id='word_1_328' title='bbox 1190 2969 1397 3029; x_wconf 78' lang='lat' dir='ltr'>dimittimus</span> <span class='ocrx_word' id='word_1_329' title='bbox 1409 2983 1488 3028; x_wconf 82' lang='lat' dir='ltr'>eum</span> <span class='ocrx_word' id='word_1_330' title='bbox 1509 2971 1570 3039; x_wconf 82' lang='lat' dir='ltr'>stc,</span> <span class='ocrx_word' id='word_1_331' title='bbox 1593 2981 1711 3030; x_wconf 80' lang='lat' dir='ltr'>omnes</span> <span class='ocrx_word' id='word_1_332' title='bbox 1725 2967 1863 3028; x_wconf 77' lang='lat' dir='ltr'>credent</span> <span class='ocrx_word' id='word_1_333' title='bbox 1888 2968 1927 3028; x_wconf 79' lang='lat' dir='ltr'>tn</span> 
     </span>
     <span class='ocr_line' id='line_1_28' title="bbox 221 3063 1928 3144; baseline -0.001 -18"><span class='ocrx_word' id='word_1_334' title='bbox 221 3084 226 3092; x_wconf 62' lang='lat'>¹</span> <span class='ocrx_word' id='word_1_335' title='bbox 280 3079 365 3136; x_wconf 88' lang='lat' dir='ltr'>mus,</span> <span class='ocrx_word' id='word_1_336' title='bbox 382 3064 539 3128; x_wconf 85' lang='lat' dir='ltr'>fortitudo</span> <span class='ocrx_word' id='word_1_337' title='bbox 555 3067 625 3139; x_wconf 91' lang='lat' dir='ltr'>Dei,</span> <span class='ocrx_word' id='word_1_338' title='bbox 642 3069 727 3144; x_wconf 88' lang='lat' dir='ltr'>qnod</span> <span class='ocrx_word' id='word_1_339' title='bbox 746 3068 911 3131; x_wconf 86' lang='lat' dir='ltr'>Christum</span> <span class='ocrx_word' id='word_1_340' title='bbox 927 3069 987 3130; x_wconf 90' lang='lat' dir='ltr'>Dei</span> <span class='ocrx_word' id='word_1_341' title='bbox 1003 3069 1076 3130; x_wconf 87' lang='lat' dir='ltr'>sor·</span> <span class='ocrx_word' id='word_1_342' title='bbox 1132 3080 1221 3137; x_wconf 71' lang='lat' dir='ltr'>esem,</span> <span class='ocrx_word' id='word_1_343' title='bbox 1237 3067 1271 3126; x_wconf 87' lang='lat' dir='ltr'>et</span> <span class='ocrx_word' id='word_1_344' title='bbox 1299 3064 1438 3126; x_wconf 77' lang='lat' dir='ltr'>centeni</span> <span class='ocrx_word' id='word_1_345' title='bbox 1454 3063 1606 3127; x_wconf 78' lang='lat' dir='ltr'>&#39;Romani</span> <span class='ocrx_word' id='word_1_346' title='bbox 1626 3065 1661 3126; x_wconf 84' lang='lat' dir='ltr'>et</span> <span class='ocrx_word' id='word_1_347' title='bbox 1686 3065 1802 3126; x_wconf 81' lang='lat' dir='ltr'>tollent</span> <span class='ocrx_word' id='word_1_348' title='bbox 1817 3069 1928 3126; x_wconf 80' lang='lat' dir='ltr'>locum</span> 
     </span>
     <span class='ocr_line' id='line_1_29' title="bbox 279 3160 1926 3244; baseline 0 -22"><span class='ocrx_word' id='word_1_349' title='bbox 279 3161 455 3222; x_wconf 88' lang='lat' dir='ltr'>titudinem</span> <span class='ocrx_word' id='word_1_350' title='bbox 470 3163 626 3224; x_wconf 90' lang='lat' dir='ltr'>nuntiare</span> <span class='ocrx_word' id='word_1_351' title='bbox 639 3164 803 3227; x_wconf 87' lang='lat' dir='ltr'>veniebat.</span> <span class='ocrx_word' id='word_1_352' title='bbox 820 3168 867 3227; x_wconf 92' lang='lat' dir='ltr'>De</span> <span class='ocrx_word' id='word_1_353' title='bbox 884 3183 948 3244; x_wconf 89' lang='lat' dir='ltr'>quo</span> <span class='ocrx_word' id='word_1_354' title='bbox 971 3167 1078 3242; x_wconf 90' lang='lat' dir='ltr'>scrip·</span> <span class='ocrx_word' id='word_1_355' title='bbox 1131 3163 1291 3224; x_wconf 79' lang='lat' dir='ltr'>nostrum</span> <span class='ocrx_word' id='word_1_356' title='bbox 1310 3162 1500 3239; x_wconf 66' lang='lat' dir='ltr'>eluentem.</span> <span class='ocrx_word' id='word_1_357' title='bbox 1516 3179 1535 3222; x_wconf 72' lang='lat' dir='ltr'>e</span> <span class='ocrx_word' id='word_1_358' title='bbox 1550 3162 1633 3233; x_wconf 89' lang='lat' dir='ltr'>Quia</span> <span class='ocrx_word' id='word_1_359' title='bbox 1646 3177 1712 3224; x_wconf 92' lang='lat' dir='ltr'>non</span> <span class='ocrx_word' id='word_1_360' title='bbox 1726 3160 1926 3224; x_wconf 88' lang='lat' dir='ltr'>dimiserunt</span> 
     </span>
     <span class='ocr_line' id='line_1_30' title="bbox 278 3259 1928 3339; baseline 0 -19"><span class='ocrx_word' id='word_1_361' title='bbox 278 3259 348 3320; x_wconf 89' lang='lat' dir='ltr'>tum</span> <span class='ocrx_word' id='word_1_362' title='bbox 362 3260 412 3322; x_wconf 89' lang='lat' dir='ltr'>est</span> <span class='ocrx_word' id='word_1_363' title='bbox 427 3277 434 3314; x_wconf 91' lang='lat'><em>=</em></span> <span class='ocrx_word' id='word_1_364' title='bbox 450 3264 619 3323; x_wconf 80' lang='lat' dir='ltr'>Dominus</span> <span class='ocrx_word' id='word_1_365' title='bbox 634 3264 736 3337; x_wconf 76' lang='lat' dir='ltr'>sortis</span> <span class='ocrx_word' id='word_1_366' title='bbox 757 3265 792 3325; x_wconf 84' lang='lat' dir='ltr'>et</span> <span class='ocrx_word' id='word_1_367' title='bbox 809 3266 942 3339; x_wconf 83' lang='lat' dir='ltr'>potens,</span> <span class='ocrx_word' id='word_1_368' title='bbox 955 3268 1076 3327; x_wconf 76' lang='lat' dir='ltr'>Domi·</span> <span class='ocrx_word' id='word_1_369' title='bbox 1131 3273 1207 3320; x_wconf 93' lang='lat' dir='ltr'>eum</span> <span class='ocrx_word' id='word_1_370' title='bbox 1227 3261 1287 3333; x_wconf 88' lang='lat' dir='ltr'>sic,</span> <span class='ocrx_word' id='word_1_371' title='bbox 1311 3259 1475 3322; x_wconf 83' lang='lat' dir='ltr'>venerunt</span> <span class='ocrx_word' id='word_1_372' title='bbox 1492 3260 1632 3322; x_wconf 89' lang='lat' dir='ltr'>Romani</span> <span class='ocrx_word' id='word_1_373' title='bbox 1652 3263 1684 3320; x_wconf 90' lang='lat' dir='ltr'>et</span> <span class='ocrx_word' id='word_1_374' title='bbox 1699 3259 1810 3322; x_wconf 89' lang='lat' dir='ltr'>omnia</span> <span class='ocrx_word' id='word_1_375' title='bbox 1836 3259 1928 3321; x_wconf 88' lang='lat' dir='ltr'>tule-</span> 
     </span>
     <span class='ocr_line' id='line_1_31' title="bbox 278 3356 1929 3440; baseline 0 -22"><span class='ocrx_word' id='word_1_376' title='bbox 278 3371 345 3418; x_wconf 79' lang='lat' dir='ltr'>ous</span> <span class='ocrx_word' id='word_1_377' title='bbox 354 3359 477 3432; x_wconf 81' lang='lat' dir='ltr'>potens</span> <span class='ocrx_word' id='word_1_378' title='bbox 491 3363 528 3420; x_wconf 79' lang='lat' dir='ltr'>in</span> <span class='ocrx_word' id='word_1_379' title='bbox 537 3364 660 3434; x_wconf 77' lang='lat' dir='ltr'>prelio</span> <span class='ocrx_word' id='word_1_380' title='bbox 673 3358 777 3439; x_wconf 84' lang='lat' dir='ltr'>(Psal.</span> <span class='ocrx_word' id='word_1_381' title='bbox 794 3363 844 3430; x_wconf 79' lang='lat'>23,</span> <span class='ocrx_word' id='word_1_382' title='bbox 861 3359 907 3440; x_wconf 90' lang='lat'>8.)</span> <span class='ocrx_word' id='word_1_383' title='bbox 1130 3359 1209 3418; x_wconf 86' lang='lat' dir='ltr'>runt</span> <span class='ocrx_word' id='word_1_384' title='bbox 1224 3373 1298 3435; x_wconf 87' lang='lat' dir='ltr'>quae</span> <span class='ocrx_word' id='word_1_385' title='bbox 1313 3373 1380 3418; x_wconf 90' lang='lat' dir='ltr'>non</span> <span class='ocrx_word' id='word_1_386' title='bbox 1396 3357 1550 3419; x_wconf 88' lang='lat' dir='ltr'>tulissent</span> <span class='ocrx_word' id='word_1_387' title='bbox 1574 3357 1602 3419; x_wconf 89' lang='lat' dir='ltr'>si</span> <span class='ocrx_word' id='word_1_388' title='bbox 1627 3357 1676 3418; x_wconf 88' lang='lat' dir='ltr'>sic</span> <span class='ocrx_word' id='word_1_389' title='bbox 1690 3373 1765 3418; x_wconf 90' lang='lat' dir='ltr'>eum</span> <span class='ocrx_word' id='word_1_390' title='bbox 1780 3356 1929 3418; x_wconf 90' lang='lat' dir='ltr'>dimisis-</span> 
     </span>
     <span class='ocr_line' id='line_1_32' title="bbox 319 3454 1929 3536; baseline -0.001 -19"><span class='ocrx_word' id='word_1_391' title='bbox 319 3454 443 3532; x_wconf 85' lang='lat' dir='ltr'>ltaque,</span> <span class='ocrx_word' id='word_1_392' title='bbox 480 3456 614 3526; x_wconf 84' lang='lat' dir='ltr'>fratres,</span> <span class='ocrx_word' id='word_1_393' title='bbox 651 3459 762 3521; x_wconf 90' lang='lat' dir='ltr'>notate</span> <span class='ocrx_word' id='word_1_394' title='bbox 797 3459 929 3536; x_wconf 89' lang='lat' dir='ltr'>singula</span> <span class='ocrx_word' id='word_1_395' title='bbox 954 3459 1074 3533; x_wconf 90' lang='lat' dir='ltr'>verba,</span> <span class='ocrx_word' id='word_1_396' title='bbox 1131 3457 1219 3529; x_wconf 89' lang='lat' dir='ltr'>sent;</span> <span class='ocrx_word' id='word_1_397' title='bbox 1237 3456 1411 3532; x_wconf 84' lang='lat' dir='ltr'>propterea</span> <span class='ocrx_word' id='word_1_398' title='bbox 1433 3454 1516 3516; x_wconf 90' lang='lat' dir='ltr'>bene</span> <span class='ocrx_word' id='word_1_399' title='bbox 1541 3455 1663 3516; x_wconf 87' lang='lat' dir='ltr'>dicitur</span> <span class='ocrx_word' id='word_1_400' title='bbox 1676 3476 1684 3515; x_wconf 73' lang='grc' dir='ltr'><strong><em>ε</em></strong></span> <span class='ocrx_word' id='word_1_401' title='bbox 1699 3459 1736 3516; x_wconf 80' lang='lat' dir='ltr'>in</span> <span class='ocrx_word' id='word_1_402' title='bbox 1749 3455 1929 3516; x_wconf 81' lang='lat' dir='ltr'>civitatem</span> 
     </span>
     <span class='ocr_line' id='line_1_33' title="bbox 279 3551 1928 3634; baseline 0.005 -21"><span class='ocrx_word' id='word_1_403' title='bbox 279 3551 409 3628; x_wconf 84' lang='lat' dir='ltr'>signate</span> <span class='ocrx_word' id='word_1_404' title='bbox 423 3554 587 3630; x_wconf 79' lang='lat' dir='ltr'>profunda</span> <span class='ocrx_word' id='word_1_405' title='bbox 608 3557 780 3634; x_wconf 79' lang='lat' dir='ltr'>mysterio,</span> <span class='ocrx_word' id='word_1_406' title='bbox 803 3558 962 3620; x_wconf 87' lang='lat' dir='ltr'>attendite</span> <span class='ocrx_word' id='word_1_407' title='bbox 986 3559 1077 3621; x_wconf 83' lang='lat' dir='ltr'>litte·</span> <span class='ocrx_word' id='word_1_408' title='bbox 1132 3555 1281 3616; x_wconf 76' lang='lat' dir='ltr'>eaticoeoe</span> <span class='ocrx_word' id='word_1_409' title='bbox 1308 3557 1365 3614; x_wconf 80' lang='lat' dir='ltr'>cui</span> <span class='ocrx_word' id='word_1_410' title='bbox 1395 3568 1521 3614; x_wconf 79' lang='lat' dir='ltr'>nomen</span> <span class='ocrx_word' id='word_1_411' title='bbox 1546 3553 1735 3615; x_wconf 80' lang='lat' dir='ltr'>Nazareth·</span> <span class='ocrx_word' id='word_1_412' title='bbox 1763 3552 1928 3614; x_wconf 79' lang='lat' dir='ltr'>Nazareth</span> 
     </span>
     <span class='ocr_line' id='line_1_34' title="bbox 277 3650 1926 3731; baseline 0.01 -22"><span class='ocrx_word' id='word_1_413' title='bbox 277 3650 1077 3731; x_wconf 72' lang='lat' dir='ltr'>ramsoecunoaminurgrmssecunditatecon-</span> <span class='ocrx_word' id='word_1_414' title='bbox 1130 3650 1368 3727; x_wconf 78' lang='lat' dir='ltr'>interpretatur</span> <span class='ocrx_word' id='word_1_415' title='bbox 1393 3651 1470 3724; x_wconf 81' lang='lat' dir='ltr'>nos,</span> <span class='ocrx_word' id='word_1_416' title='bbox 1497 3650 1530 3712; x_wconf 78' lang='lat' dir='ltr'>et</span> <span class='ocrx_word' id='word_1_417' title='bbox 1551 3650 1702 3727; x_wconf 83' lang='lat' dir='ltr'>designat</span> <span class='ocrx_word' id='word_1_418' title='bbox 1728 3650 1926 3726; x_wconf 74' lang='lat' dir='ltr'>virginalem</span> 
     </span>
     <span class='ocr_line' id='line_1_35' title="bbox 277 3745 1926 3830; baseline 0.001 -24"><span class='ocrx_word' id='word_1_419' title='bbox 277 3745 422 3809; x_wconf 90' lang='lat' dir='ltr'>siderate</span> <span class='ocrx_word' id='word_1_420' title='bbox 437 3748 537 3809; x_wconf 91' lang='lat' dir='ltr'>verba</span> <span class='ocrx_word' id='word_1_421' title='bbox 559 3751 696 3825; x_wconf 87' lang='lat' dir='ltr'>gravida</span> <span class='ocrx_word' id='word_1_422' title='bbox 717 3753 752 3812; x_wconf 91' lang='lat' dir='ltr'>in</span> <span class='ocrx_word' id='word_1_423' title='bbox 768 3756 972 3830; x_wconf 87' lang='lat' dir='ltr'>praegnantis</span> <span class='ocrx_word' id='word_1_424' title='bbox 987 3755 1077 3817; x_wconf 92' lang='lat' dir='ltr'>iute-</span> <span class='ocrx_word' id='word_1_425' title='bbox 1130 3749 1339 3810; x_wconf 81' lang='lat' dir='ltr'>munditiam.</span> <span class='ocrx_word' id='word_1_426' title='bbox 1356 3751 1444 3810; x_wconf 86' lang='lat' dir='ltr'>Bene</span> <span class='ocrx_word' id='word_1_427' title='bbox 1464 3764 1543 3824; x_wconf 84' lang='lat' dir='ltr'>ergo</span> <span class='ocrx_word' id='word_1_428' title='bbox 1559 3747 1681 3809; x_wconf 90' lang='lat' dir='ltr'>dicitur</span> <span class='ocrx_word' id='word_1_429' title='bbox 1695 3749 1789 3824; x_wconf 86' lang='lat' dir='ltr'>virgo</span> <span class='ocrx_word' id='word_1_430' title='bbox 1804 3749 1840 3808; x_wconf 90' lang='lat' dir='ltr'>in</span> <span class='ocrx_word' id='word_1_431' title='bbox 1853 3749 1926 3809; x_wconf 92' lang='lat' dir='ltr'>Na-</span> 
     </span>
     <span class='ocr_line' id='line_1_36' title="bbox 278 3843 1929 3929; baseline 0.003 -26"><span class='ocrx_word' id='word_1_432' title='bbox 278 3843 416 3920; x_wconf 86' lang='lat' dir='ltr'>gritate:</span> <span class='ocrx_word' id='word_1_433' title='bbox 435 3847 616 3922; x_wconf 88' lang='lat' dir='ltr'>conspicite</span> <span class='ocrx_word' id='word_1_434' title='bbox 631 3850 752 3910; x_wconf 89' lang='lat' dir='ltr'>seriem</span> <span class='ocrx_word' id='word_1_435' title='bbox 767 3850 910 3912; x_wconf 83' lang='lat' dir='ltr'>fertilem</span> <span class='ocrx_word' id='word_1_436' title='bbox 926 3853 961 3912; x_wconf 90' lang='lat' dir='ltr'>in</span> <span class='ocrx_word' id='word_1_437' title='bbox 971 3853 1074 3929; x_wconf 81' lang='lat' dir='ltr'>virgae</span> <span class='ocrx_word' id='word_1_438' title='bbox 1129 3847 1242 3908; x_wconf 86' lang='lat' dir='ltr'>zareth</span> <span class='ocrx_word' id='word_1_439' title='bbox 1260 3846 1422 3919; x_wconf 91' lang='lat' dir='ltr'>habitare,</span> <span class='ocrx_word' id='word_1_440' title='bbox 1440 3862 1539 3924; x_wconf 90' lang='lat' dir='ltr'>quam</span> <span class='ocrx_word' id='word_1_441' title='bbox 1553 3846 1588 3907; x_wconf 91' lang='lat' dir='ltr'>in</span> <span class='ocrx_word' id='word_1_442' title='bbox 1613 3846 1694 3907; x_wconf 85' lang='lat' dir='ltr'>dore</span> <span class='ocrx_word' id='word_1_443' title='bbox 1718 3845 1881 3908; x_wconf 88' lang='lat' dir='ltr'>castitatis</span> <span class='ocrx_word' id='word_1_444' title='bbox 1895 3845 1929 3908; x_wconf 88' lang='lat' dir='ltr'>et</span> 
     </span>
     <span class='ocr_line' id='line_1_37' title="bbox 278 3942 1962 4024; baseline -0.001 -20"><span class='ocrx_word' id='word_1_445' title='bbox 278 3942 401 4004; x_wconf 87' lang='lat' dir='ltr'>nostrae</span> <span class='ocrx_word' id='word_1_446' title='bbox 426 3943 606 4006; x_wconf 79' lang='lat' dir='ltr'>viriditate.</span> <span class='ocrx_word' id='word_1_447' title='bbox 633 3947 811 4023; x_wconf 87' lang='lat' dir='ltr'>intelligite</span> <span class='ocrx_word' id='word_1_448' title='bbox 831 3947 931 4010; x_wconf 87' lang='lat' dir='ltr'>verba</span> <span class='ocrx_word' id='word_1_449' title='bbox 956 3949 1076 4024; x_wconf 91' lang='lat' dir='ltr'>spiritu</span> <span class='ocrx_word' id='word_1_450' title='bbox 1131 3944 1303 4005; x_wconf 90' lang='lat' dir='ltr'>munditiae</span> <span class='ocrx_word' id='word_1_451' title='bbox 1316 3945 1469 4005; x_wconf 86' lang='lat' dir='ltr'>novimus</span> <span class='ocrx_word' id='word_1_452' title='bbox 1485 3943 1625 4005; x_wconf 91' lang='lat' dir='ltr'>Domino</span> <span class='ocrx_word' id='word_1_453' title='bbox 1640 3943 1816 4022; x_wconf 88' lang='lat' dir='ltr'>placuisse.</span> <span class='ocrx_word' id='word_1_454' title='bbox 1959 3999 1962 4004; x_wconf 83' lang='lat'>.</span> 
     </span>
     <span class='ocr_line' id='line_1_38' title="bbox 280 4037 1930 4122; baseline -0.004 -18"><span class='ocrx_word' id='word_1_455' title='bbox 280 4039 377 4119; x_wconf 81' lang='lat' dir='ltr'>plena</span> <span class='ocrx_word' id='word_1_456' title='bbox 395 4041 431 4100; x_wconf 88' lang='lat' dir='ltr'>in</span> <span class='ocrx_word' id='word_1_457' title='bbox 452 4041 582 4118; x_wconf 83' lang='lat' dir='ltr'>virgine</span> <span class='ocrx_word' id='word_1_458' title='bbox 605 4044 713 4119; x_wconf 86' lang='lat' dir='ltr'>gratia</span> <span class='ocrx_word' id='word_1_459' title='bbox 733 4045 842 4120; x_wconf 91' lang='lat' dir='ltr'>plena.</span> <span class='ocrx_word' id='word_1_460' title='bbox 868 4047 978 4122; x_wconf 88' lang='lat' dir='ltr'>Inquit</span> <span class='ocrx_word' id='word_1_461' title='bbox 997 4062 1075 4122; x_wconf 88' lang='lat' dir='ltr'>ergo</span> <span class='ocrx_word' id='word_1_462' title='bbox 1171 4041 1283 4116; x_wconf 87' lang='lat' dir='ltr'>inquo</span> <span class='ocrx_word' id='word_1_463' title='bbox 1299 4039 1382 4100; x_wconf 83' lang='lat' dir='ltr'>flore</span> <span class='ocrx_word' id='word_1_464' title='bbox 1404 4040 1469 4100; x_wconf 93' lang='lat' dir='ltr'>duo</span> <span class='ocrx_word' id='word_1_465' title='bbox 1487 4039 1642 4100; x_wconf 91' lang='lat' dir='ltr'>debemus</span> <span class='ocrx_word' id='word_1_466' title='bbox 1665 4039 1791 4112; x_wconf 90' lang='lat' dir='ltr'>notare,</span> <span class='ocrx_word' id='word_1_467' title='bbox 1806 4037 1930 4102; x_wconf 90' lang='lat' dir='ltr'>coloris</span> 
     </span>
     <span class='ocr_line' id='line_1_39' title="bbox 279 4135 1986 4218; baseline 0.006 -20"><span class='ocrx_word' id='word_1_468' title='bbox 279 4141 407 4200; x_wconf 64' lang='lat' dir='ltr'>ramses</span> <span class='ocrx_word' id='word_1_469' title='bbox 422 4140 475 4201; x_wconf 85' lang='lat' dir='ltr'>est</span> <span class='ocrx_word' id='word_1_470' title='bbox 485 4155 546 4218; x_wconf 91' lang='lat' dir='ltr'>per</span> <span class='ocrx_word' id='word_1_471' title='bbox 557 4141 735 4204; x_wconf 89' lang='lat' dir='ltr'>ministerii</span> <span class='ocrx_word' id='word_1_472' title='bbox 748 4143 998 4216; x_wconf 87' lang='lat' dir='ltr'>exhibitionem,</span> <span class='ocrx_word' id='word_1_473' title='bbox 1015 4159 1077 4205; x_wconf 91' lang='lat' dir='ltr'>an·</span> <span class='ocrx_word' id='word_1_474' title='bbox 1130 4135 1424 4213; x_wconf 71' lang='lat' dir='ltr'>pulchritudinem,</span> <span class='ocrx_word' id='word_1_475' title='bbox 1449 4137 1481 4198; x_wconf 74' lang='grc' dir='ltr'>θῑ</span> <span class='ocrx_word' id='word_1_476' title='bbox 1502 4137 1614 4198; x_wconf 78' lang='lat' dir='ltr'>0d01‘iS</span> <span class='ocrx_word' id='word_1_477' title='bbox 1639 4137 1847 4199; x_wconf 65' lang='lat' dir='ltr'>suavitatem·</span> <span class='ocrx_word' id='word_1_478' title='bbox 1865 4138 1929 4198; x_wconf 78' lang='lat'>00·</span> <span class='ocrx_word' id='word_1_479' title='bbox 1980 4144 1986 4154; x_wconf 84' lang='grc'><em>“</em></span> 
     </span>
     <span class='ocr_line' id='line_1_40' title="bbox 278 4231 1927 4318; baseline 0.01 -22"><span class='ocrx_word' id='word_1_480' title='bbox 278 4235 373 4312; x_wconf 84' lang='lat' dir='ltr'>gelus</span> <span class='ocrx_word' id='word_1_481' title='bbox 389 4237 522 4298; x_wconf 80' lang='lat' dir='ltr'>Gabriel</span> <span class='ocrx_word' id='word_1_482' title='bbox 535 4255 595 4318; x_wconf 89' lang='lat' dir='ltr'>per</span> <span class='ocrx_word' id='word_1_483' title='bbox 606 4239 708 4301; x_wconf 82' lang='lat' dir='ltr'>ostioli</span> <span class='ocrx_word' id='word_1_484' title='bbox 720 4241 961 4318; x_wconf 76' lang='lat' dir='ltr'>praelationem,</span> <span class='ocrx_word' id='word_1_485' title='bbox 976 4258 995 4302; x_wconf 91' lang='lat' dir='ltr'>a</span> <span class='ocrx_word' id='word_1_486' title='bbox 1008 4244 1075 4302; x_wconf 91' lang='lat' dir='ltr'>Deo</span> <span class='ocrx_word' id='word_1_487' title='bbox 1132 4231 1214 4295; x_wconf 73' lang='lat' dir='ltr'>lOPiS</span> <span class='ocrx_word' id='word_1_488' title='bbox 1242 4234 1541 4310; x_wconf 65' lang='lat' dir='ltr'>pulchritudinem,</span> <span class='ocrx_word' id='word_1_489' title='bbox 1568 4235 1645 4312; x_wconf 67' lang='lat' dir='ltr'>(luia</span> <span class='ocrx_word' id='word_1_490' title='bbox 1675 4235 1783 4296; x_wconf 66' lang='lat' dir='ltr'>Omnis</span> <span class='ocrx_word' id='word_1_491' title='bbox 1813 4234 1927 4296; x_wconf 64' lang='grc' dir='ltr'>83Ποῒᾶ</span> 
     </span>
     <span class='ocr_line' id='line_1_41' title="bbox 280 4331 1930 4415; baseline 0.01 -22"><span class='ocrx_word' id='word_1_492' title='bbox 280 4335 770 4415; x_wconf 75' lang='lat' dir='ltr'>perauctoritatisjussionem;</span> <span class='ocrx_word' id='word_1_493' title='bbox 787 4340 1077 4402; x_wconf 73' lang='lat' dir='ltr'>incivitatemea-</span> <span class='ocrx_word' id='word_1_494' title='bbox 1130 4331 1308 4408; x_wconf 72' lang='lat' dir='ltr'>virgineas</span> <span class='ocrx_word' id='word_1_495' title='bbox 1335 4332 1475 4409; x_wconf 77' lang='lat' dir='ltr'>pulchra</span> <span class='ocrx_word' id='word_1_496' title='bbox 1505 4333 1555 4393; x_wconf 79' lang='lat' dir='ltr'>est</span> <span class='ocrx_word' id='word_1_497' title='bbox 1583 4332 1615 4394; x_wconf 76' lang='lat' dir='ltr'>et</span> <span class='ocrx_word' id='word_1_498' title='bbox 1649 4331 1822 4409; x_wconf 76' lang='lat' dir='ltr'>pulchram</span> <span class='ocrx_word' id='word_1_499' title='bbox 1849 4331 1930 4394; x_wconf 79' lang='lat' dir='ltr'>raon</span> 
     </span>
     <span class='ocr_line' id='line_1_42' title="bbox 280 4416 1932 4509; baseline -0.001 -18"><span class='ocrx_word' id='word_1_500' title='bbox 280 4430 379 4492; x_wconf 87' lang='lat' dir='ltr'>lilaeae</span> <span class='ocrx_word' id='word_1_501' title='bbox 410 4448 471 4508; x_wconf 90' lang='lat' dir='ltr'>per</span> <span class='ocrx_word' id='word_1_502' title='bbox 497 4433 562 4496; x_wconf 90' lang='lat' dir='ltr'>loci</span> <span class='ocrx_word' id='word_1_503' title='bbox 586 4416 906 4509; x_wconf 83' lang='lat' dir='ltr'>determinationem,</span> <span class='ocrx_word' id='word_1_504' title='bbox 937 4439 991 4500; x_wconf 90' lang='lat' dir='ltr'>cui</span> <span class='ocrx_word' id='word_1_505' title='bbox 1014 4455 1077 4500; x_wconf 89' lang='lat' dir='ltr'>no-</span> <span class='ocrx_word' id='word_1_506' title='bbox 1129 4429 1294 4506; x_wconf 89' lang='lat' dir='ltr'>virginem</span> <span class='ocrx_word' id='word_1_507' title='bbox 1313 4430 1348 4491; x_wconf 92' lang='lat' dir='ltr'>in</span> <span class='ocrx_word' id='word_1_508' title='bbox 1369 4431 1497 4494; x_wconf 91' lang='lat' dir='ltr'>tantum</span> <span class='ocrx_word' id='word_1_509' title='bbox 1523 4431 1560 4492; x_wconf 89' lang='lat' dir='ltr'>ut</span> <span class='ocrx_word' id='word_1_510' title='bbox 1576 4432 1729 4491; x_wconf 85' lang='lat' dir='ltr'>Summus</span> <span class='ocrx_word' id='word_1_511' title='bbox 1750 4432 1823 4492; x_wconf 89' lang='lat' dir='ltr'>Rex</span> <span class='ocrx_word' id='word_1_512' title='bbox 1838 4429 1932 4490; x_wconf 90' lang='lat' dir='ltr'>desi-</span> 
     </span>
     <span class='ocr_line' id='line_1_43' title="bbox 277 4527 1930 4612; baseline -0.001 -24"><span class='ocrx_word' id='word_1_513' title='bbox 277 4543 353 4588; x_wconf 89' lang='lat' dir='ltr'>men</span> <span class='ocrx_word' id='word_1_514' title='bbox 367 4529 544 4602; x_wconf 84' lang='lat' dir='ltr'>Nazareth,</span> <span class='ocrx_word' id='word_1_515' title='bbox 562 4534 856 4594; x_wconf 89' lang='lat' dir='ltr'>commendandam</span> <span class='ocrx_word' id='word_1_516' title='bbox 869 4536 1005 4612; x_wconf 79' lang='lat' dir='ltr'>propter</span> <span class='ocrx_word' id='word_1_517' title='bbox 1020 4551 1076 4596; x_wconf 86' lang='lat' dir='ltr'>no·</span> <span class='ocrx_word' id='word_1_518' title='bbox 1130 4527 1224 4589; x_wconf 90' lang='lat' dir='ltr'>deret</span> <span class='ocrx_word' id='word_1_519' title='bbox 1236 4530 1308 4605; x_wconf 91' lang='lat' dir='ltr'>ejus</span> <span class='ocrx_word' id='word_1_520' title='bbox 1323 4528 1482 4606; x_wconf 89' lang='lat' dir='ltr'>speciem.</span> <span class='ocrx_word' id='word_1_521' title='bbox 1497 4528 1592 4590; x_wconf 90' lang='lat' dir='ltr'>Unde</span> <span class='ocrx_word' id='word_1_522' title='bbox 1603 4527 1812 4589; x_wconf 87' lang='lat' dir='ltr'>Ambrosius:</span> <span class='ocrx_word' id='word_1_523' title='bbox 1825 4528 1930 4588; x_wconf 73' lang='lat' dir='ltr'>«Pul-</span> 
     </span>
     <span class='ocr_line' id='line_1_44' title="bbox 277 4624 1928 4710; baseline 0.004 -22"><span class='ocrx_word' id='word_1_524' title='bbox 277 4624 914 4703; x_wconf 85' lang='lat' dir='ltr'>minisinterpretationem:Nazareth</span> <span class='ocrx_word' id='word_1_525' title='bbox 932 4648 1075 4710; x_wconf 85' lang='lat' dir='ltr'>namque</span> <span class='ocrx_word' id='word_1_526' title='bbox 1131 4625 1352 4688; x_wconf 89' lang='lat' dir='ltr'>chritudiuem</span> <span class='ocrx_word' id='word_1_527' title='bbox 1368 4625 1441 4704; x_wconf 85' lang='lat' dir='ltr'>quis</span> <span class='ocrx_word' id='word_1_528' title='bbox 1457 4627 1565 4704; x_wconf 87' lang='lat' dir='ltr'>potest</span> <span class='ocrx_word' id='word_1_529' title='bbox 1581 4626 1749 4694; x_wconf 73' lang='lat' dir='ltr'>aestimare</span> <span class='ocrx_word' id='word_1_530' title='bbox 1765 4628 1928 4704; x_wconf 75' lang='lat' dir='ltr'>maiorem</span> 
     </span>
     <span class='ocr_line' id='line_1_45' title="bbox 277 4722 1927 4804; baseline 0.001 -22"><span class='ocrx_word' id='word_1_531' title='bbox 277 4722 516 4800; x_wconf 90' lang='lat' dir='ltr'>interpretatur</span> <span class='ocrx_word' id='word_1_532' title='bbox 541 4726 614 4799; x_wconf 83' lang='lat' dir='ltr'>ilos,</span> <span class='ocrx_word' id='word_1_533' title='bbox 643 4728 729 4804; x_wconf 85' lang='lat' dir='ltr'>quod</span> <span class='ocrx_word' id='word_1_534' title='bbox 755 4728 912 4791; x_wconf 89' lang='lat' dir='ltr'>videlicet</span> <span class='ocrx_word' id='word_1_535' title='bbox 941 4729 987 4790; x_wconf 91' lang='lat' dir='ltr'>ihi</span> <span class='ocrx_word' id='word_1_536' title='bbox 1014 4730 1075 4792; x_wconf 86' lang='lat' dir='ltr'>lios</span> <span class='ocrx_word' id='word_1_537' title='bbox 1130 4724 1250 4786; x_wconf 92' lang='lat' dir='ltr'>decore</span> <span class='ocrx_word' id='word_1_538' title='bbox 1268 4727 1356 4802; x_wconf 90' lang='lat' dir='ltr'>ejus,</span> <span class='ocrx_word' id='word_1_539' title='bbox 1381 4741 1454 4802; x_wconf 83' lang='lat' dir='ltr'>quoe</span> <span class='ocrx_word' id='word_1_540' title='bbox 1479 4723 1610 4785; x_wconf 92' lang='lat' dir='ltr'>amatur</span> <span class='ocrx_word' id='word_1_541' title='bbox 1631 4740 1650 4784; x_wconf 89' lang='lat' dir='ltr'>a</span> <span class='ocrx_word' id='word_1_542' title='bbox 1672 4726 1777 4800; x_wconf 87' lang='lat' dir='ltr'>Rege,</span> <span class='ocrx_word' id='word_1_543' title='bbox 1801 4723 1927 4800; x_wconf 92' lang='lat' dir='ltr'>proha-</span> 
     </span>
     <span class='ocr_line' id='line_1_46' title="bbox 277 4821 1930 4903; baseline 0.008 -23"><span class='ocrx_word' id='word_1_544' title='bbox 277 4821 387 4900; x_wconf 89' lang='lat' dir='ltr'>campi</span> <span class='ocrx_word' id='word_1_545' title='bbox 421 4823 453 4885; x_wconf 89' lang='lat' dir='ltr'>et</span> <span class='ocrx_word' id='word_1_546' title='bbox 487 4823 594 4885; x_wconf 91' lang='lat' dir='ltr'>lilium</span> <span class='ocrx_word' id='word_1_547' title='bbox 630 4825 830 4887; x_wconf 89' lang='lat' dir='ltr'>convallium</span> <span class='ocrx_word' id='word_1_548' title='bbox 863 4827 1073 4903; x_wconf 89' lang='lat' dir='ltr'>germinavit,</span> <span class='ocrx_word' id='word_1_549' title='bbox 1129 4822 1185 4884; x_wconf 76' lang='lat' dir='ltr'>tur</span> <span class='ocrx_word' id='word_1_550' title='bbox 1205 4823 1366 4891; x_wconf 74' lang='lat' dir='ltr'>adudioe,</span> <span class='ocrx_word' id='word_1_551' title='bbox 1392 4822 1522 4883; x_wconf 73' lang='lat' dir='ltr'>dicatur</span> <span class='ocrx_word' id='word_1_552' title='bbox 1544 4821 1695 4894; x_wconf 72' lang='lat' dir='ltr'>D0miss02</span> <span class='ocrx_word' id='word_1_553' title='bbox 1712 4821 1930 4898; x_wconf 68' lang='lat' dir='ltr'>Consecratur</span> 
     </span>
     <span class='ocr_line' id='line_1_47' title="bbox 277 4918 1928 4999; baseline 0.001 -20"><span class='ocrx_word' id='word_1_554' title='bbox 277 4920 408 4994; x_wconf 83' lang='lat' dir='ltr'>quando</span> <span class='ocrx_word' id='word_1_555' title='bbox 424 4937 557 4997; x_wconf 85' lang='lat' dir='ltr'>egressa</span> <span class='ocrx_word' id='word_1_556' title='bbox 572 4923 657 4983; x_wconf 92' lang='lat' dir='ltr'>este</span> <span class='ocrx_word' id='word_1_557' title='bbox 674 4922 769 4999; x_wconf 90' lang='lat' dir='ltr'>virga</span> <span class='ocrx_word' id='word_1_558' title='bbox 789 4923 829 4986; x_wconf 90' lang='lat' dir='ltr'>de</span> <span class='ocrx_word' id='word_1_559' title='bbox 844 4925 956 4986; x_wconf 88' lang='lat' dir='ltr'>radice</span> <span class='ocrx_word' id='word_1_560' title='bbox 968 4929 1073 4997; x_wconf 85' lang='lat' dir='ltr'>Jesse,</span> <span class='ocrx_word' id='word_1_561' title='bbox 1130 4921 1218 4982; x_wconf 88' lang='lat' dir='ltr'>Deol</span> <span class='ocrx_word' id='word_1_562' title='bbox 1237 4937 1255 4980; x_wconf 75' lang='lat' dir='ltr'>a</span> <span class='ocrx_word' id='word_1_563' title='bbox 1276 4921 1376 4992; x_wconf 89' lang='lat' dir='ltr'>Quasi</span> <span class='ocrx_word' id='word_1_564' title='bbox 1404 4920 1530 4981; x_wconf 90' lang='lat' dir='ltr'>diceret</span> <span class='ocrx_word' id='word_1_565' title='bbox 1556 4941 1562 4980; x_wconf 91' lang='lat'><strong>:</strong></span> <span class='ocrx_word' id='word_1_566' title='bbox 1591 4918 1691 4982; x_wconf 92' lang='lat' dir='ltr'>Nulla</span> <span class='ocrx_word' id='word_1_567' title='bbox 1716 4919 1928 4996; x_wconf 90' lang='lat' dir='ltr'>pulchritudo</span> 
     </span>
     <span class='ocr_line' id='line_1_48' title="bbox 277 5015 1929 5099; baseline 0.001 -23"><span class='ocrx_word' id='word_1_568' title='bbox 277 5015 311 5077; x_wconf 94' lang='lat' dir='ltr'>et</span> <span class='ocrx_word' id='word_1_569' title='bbox 325 5015 386 5078; x_wconf 89' lang='lat' dir='ltr'>dos</span> <span class='ocrx_word' id='word_1_570' title='bbox 399 5017 565 5078; x_wconf 88' lang='lat' dir='ltr'>deradice</span> <span class='ocrx_word' id='word_1_571' title='bbox 580 5021 652 5096; x_wconf 89' lang='lat' dir='ltr'>ejus</span> <span class='ocrx_word' id='word_1_572' title='bbox 667 5021 835 5097; x_wconf 84' lang='lat' dir='ltr'>ascendit3</span> <span class='ocrx_word' id='word_1_573' title='bbox 850 5022 891 5083; x_wconf 91' lang='lat' dir='ltr'>ad</span> <span class='ocrx_word' id='word_1_574' title='bbox 903 5022 1075 5099; x_wconf 85' lang='lat' dir='ltr'>Virginem</span> <span class='ocrx_word' id='word_1_575' title='bbox 1129 5018 1237 5098; x_wconf 87' lang='lat' dir='ltr'>potest</span> <span class='ocrx_word' id='word_1_576' title='bbox 1252 5017 1405 5095; x_wconf 86' lang='lat' dir='ltr'>praeferri</span> <span class='ocrx_word' id='word_1_577' title='bbox 1420 5017 1660 5093; x_wconf 89' lang='lat' dir='ltr'>pulchritudini</span> <span class='ocrx_word' id='word_1_578' title='bbox 1676 5016 1853 5093; x_wconf 88' lang='lat' dir='ltr'>cujuslibet</span> <span class='ocrx_word' id='word_1_579' title='bbox 1867 5032 1929 5077; x_wconf 88' lang='lat' dir='ltr'>sa-</span> 
     </span>
     <span class='ocr_line' id='line_1_49' title="bbox 279 5114 1931 5198; baseline 0.001 -24"><span class='ocrx_word' id='word_1_580' title='bbox 279 5129 340 5194; x_wconf 92' lang='lat' dir='ltr'>per</span> <span class='ocrx_word' id='word_1_581' title='bbox 354 5114 555 5192; x_wconf 87' lang='lat' dir='ltr'>integritatis</span> <span class='ocrx_word' id='word_1_582' title='bbox 577 5119 877 5196; x_wconf 87' lang='lat' dir='ltr'>conservationem;</span> <span class='ocrx_word' id='word_1_583' title='bbox 893 5121 1075 5198; x_wconf 88' lang='lat' dir='ltr'>desponsa·</span> <span class='ocrx_word' id='word_1_584' title='bbox 1130 5132 1195 5179; x_wconf 90' lang='lat' dir='ltr'>crae</span> <span class='ocrx_word' id='word_1_585' title='bbox 1221 5115 1380 5192; x_wconf 88' lang='lat' dir='ltr'>virginis,</span> <span class='ocrx_word' id='word_1_586' title='bbox 1410 5116 1486 5193; x_wconf 88' lang='lat' dir='ltr'>quia</span> <span class='ocrx_word' id='word_1_587' title='bbox 1518 5131 1614 5176; x_wconf 87' lang='lat' dir='ltr'>sacra</span> <span class='ocrx_word' id='word_1_588' title='bbox 1639 5114 1736 5190; x_wconf 88' lang='lat' dir='ltr'>virgo</span> <span class='ocrx_word' id='word_1_589' title='bbox 1768 5114 1851 5175; x_wconf 90' lang='lat' dir='ltr'>adeo</span> <span class='ocrx_word' id='word_1_590' title='bbox 1877 5114 1931 5176; x_wconf 88' lang='lat' dir='ltr'>est</span> 
     </span>
     <span class='ocr_line' id='line_1_50' title="bbox 276 5211 1930 5297; baseline 0 -25"><span class='ocrx_word' id='word_1_591' title='bbox 276 5211 344 5272; x_wconf 90' lang='lat' dir='ltr'>tam</span> <span class='ocrx_word' id='word_1_592' title='bbox 368 5213 441 5274; x_wconf 82' lang='lat' dir='ltr'>viro</span> <span class='ocrx_word' id='word_1_593' title='bbox 461 5213 502 5274; x_wconf 91' lang='lat' dir='ltr'>ad</span> <span class='ocrx_word' id='word_1_594' title='bbox 527 5216 760 5278; x_wconf 85' lang='lat' dir='ltr'>removendam</span> <span class='ocrx_word' id='word_1_595' title='bbox 784 5217 931 5280; x_wconf 84' lang='lat' dir='ltr'>infamiae</span> <span class='ocrx_word' id='word_1_596' title='bbox 960 5219 1073 5297; x_wconf 91' lang='lat' dir='ltr'>suspi-</span> <span class='ocrx_word' id='word_1_597' title='bbox 1129 5215 1262 5286; x_wconf 87' lang='lat' dir='ltr'>decora,</span> <span class='ocrx_word' id='word_1_598' title='bbox 1279 5213 1364 5291; x_wconf 85' lang='lat' dir='ltr'>quod</span> <span class='ocrx_word' id='word_1_599' title='bbox 1381 5215 1511 5276; x_wconf 88' lang='lat' dir='ltr'>amatur</span> <span class='ocrx_word' id='word_1_600' title='bbox 1528 5229 1547 5274; x_wconf 89' lang='lat' dir='ltr'>a</span> <span class='ocrx_word' id='word_1_601' title='bbox 1565 5213 1697 5274; x_wconf 86' lang='lat' dir='ltr'>Christo</span> <span class='ocrx_word' id='word_1_602' title='bbox 1717 5215 1807 5288; x_wconf 90' lang='lat' dir='ltr'>Rege</span> <span class='ocrx_word' id='word_1_603' title='bbox 1823 5213 1930 5275; x_wconf 78' lang='lat' dir='ltr'>etlu-</span> 
     </span>
     <span class='ocr_line' id='line_1_51' title="bbox 277 5309 1929 5393; baseline 0.001 -25"><span class='ocrx_word' id='word_1_604' title='bbox 277 5309 418 5382; x_wconf 89' lang='lat' dir='ltr'>cionem,</span> <span class='ocrx_word' id='word_1_605' title='bbox 435 5311 489 5372; x_wconf 89' lang='lat' dir='ltr'>cui</span> <span class='ocrx_word' id='word_1_606' title='bbox 501 5327 621 5374; x_wconf 89' lang='lat' dir='ltr'>nomen</span> <span class='ocrx_word' id='word_1_607' title='bbox 636 5314 708 5376; x_wconf 89' lang='lat' dir='ltr'>erat</span> <span class='ocrx_word' id='word_1_608' title='bbox 719 5317 844 5393; x_wconf 77' lang='lat' dir='ltr'>loseph</span> <span class='ocrx_word' id='word_1_609' title='bbox 857 5333 917 5393; x_wconf 90' lang='lat' dir='ltr'>per</span> <span class='ocrx_word' id='word_1_610' title='bbox 930 5317 1075 5379; x_wconf 91' lang='lat' dir='ltr'>nominis</span> <span class='ocrx_word' id='word_1_611' title='bbox 1129 5313 1214 5385; x_wconf 92' lang='lat' dir='ltr'>dice,</span> <span class='ocrx_word' id='word_1_612' title='bbox 1228 5313 1262 5372; x_wconf 92' lang='lat' dir='ltr'>et</span> <span class='ocrx_word' id='word_1_613' title='bbox 1274 5310 1324 5373; x_wconf 90' lang='lat' dir='ltr'>est</span> <span class='ocrx_word' id='word_1_614' title='bbox 1339 5312 1477 5373; x_wconf 92' lang='lat' dir='ltr'>Domino</span> <span class='ocrx_word' id='word_1_615' title='bbox 1489 5311 1692 5372; x_wconf 89' lang='lat' dir='ltr'>consecrata.</span> <span class='ocrx_word' id='word_1_616' title='bbox 1709 5309 1772 5372; x_wconf 88' lang='lat' dir='ltr'>Sed</span> <span class='ocrx_word' id='word_1_617' title='bbox 1787 5324 1829 5371; x_wconf 90' lang='lat' dir='ltr'>ne</span> <span class='ocrx_word' id='word_1_618' title='bbox 1842 5309 1929 5370; x_wconf 81' lang='lat' dir='ltr'>forte</span> 
     </span>
     <span class='ocr_line' id='line_1_52' title="bbox 276 5407 1935 5494; baseline -0.001 -24"><span class='ocrx_word' id='word_1_619' title='bbox 276 5407 542 5484; x_wconf 88' lang='lat' dir='ltr'>appellationem,</span> <span class='ocrx_word' id='word_1_620' title='bbox 573 5411 613 5473; x_wconf 91' lang='lat' dir='ltr'>de</span> <span class='ocrx_word' id='word_1_621' title='bbox 635 5413 732 5474; x_wconf 90' lang='lat' dir='ltr'>domo</span> <span class='ocrx_word' id='word_1_622' title='bbox 750 5415 853 5474; x_wconf 86' lang='lat' dir='ltr'>David</span> <span class='ocrx_word' id='word_1_623' title='bbox 876 5431 936 5494; x_wconf 92' lang='lat' dir='ltr'>per</span> <span class='ocrx_word' id='word_1_624' title='bbox 960 5416 1074 5493; x_wconf 87' lang='lat' dir='ltr'>stirpis</span> <span class='ocrx_word' id='word_1_625' title='bbox 1130 5410 1320 5487; x_wconf 87' lang='lat' dir='ltr'>putaremus</span> <span class='ocrx_word' id='word_1_626' title='bbox 1349 5425 1425 5470; x_wconf 92' lang='lat' dir='ltr'>eum</span> <span class='ocrx_word' id='word_1_627' title='bbox 1454 5407 1579 5470; x_wconf 85' lang='lat' dir='ltr'>dixisse</span> <span class='ocrx_word' id='word_1_628' title='bbox 1608 5407 1648 5469; x_wconf 92' lang='lat' dir='ltr'>de</span> <span class='ocrx_word' id='word_1_629' title='bbox 1679 5407 1935 5485; x_wconf 88' lang='lat' dir='ltr'>pulchritudine.</span> 
     </span>
     <span class='ocr_line' id='line_1_53' title="bbox 275 5505 1925 5590; baseline -0.002 -22"><span class='ocrx_word' id='word_1_630' title='bbox 275 5505 377 5581; x_wconf 88' lang='lat' dir='ltr'>regiae</span> <span class='ocrx_word' id='word_1_631' title='bbox 406 5511 687 5585; x_wconf 87' lang='lat' dir='ltr'>propagationem,</span> <span class='ocrx_word' id='word_1_632' title='bbox 714 5514 747 5574; x_wconf 92' lang='grc' dir='ltr'>θῖ</span> <span class='ocrx_word' id='word_1_633' title='bbox 772 5528 892 5574; x_wconf 90' lang='lat' dir='ltr'>nomen</span> <span class='ocrx_word' id='word_1_634' title='bbox 922 5514 1074 5590; x_wconf 88' lang='lat' dir='ltr'>Virginis</span> <span class='ocrx_word' id='word_1_635' title='bbox 1130 5509 1289 5585; x_wconf 90' lang='lat' dir='ltr'>corporis,</span> <span class='ocrx_word' id='word_1_636' title='bbox 1320 5509 1353 5569; x_wconf 90' lang='lat' dir='ltr'>et</span> <span class='ocrx_word' id='word_1_637' title='bbox 1377 5523 1441 5568; x_wconf 91' lang='lat' dir='ltr'>non</span> <span class='ocrx_word' id='word_1_638' title='bbox 1464 5507 1504 5566; x_wconf 92' lang='lat' dir='ltr'>de</span> <span class='ocrx_word' id='word_1_639' title='bbox 1530 5505 1776 5583; x_wconf 82' lang='lat' dir='ltr'>pulchritudine</span> <span class='ocrx_word' id='word_1_640' title='bbox 1791 5505 1925 5577; x_wconf 89' lang='lat' dir='ltr'>mentis,</span> 
     </span>
     <span class='ocr_line' id='line_1_54' title="bbox 278 5603 1927 5690; baseline 0.008 -27"><span class='ocrx_word' id='word_1_641' title='bbox 278 5621 338 5681; x_wconf 87' lang='lat' dir='ltr'>per</span> <span class='ocrx_word' id='word_1_642' title='bbox 366 5606 566 5682; x_wconf 88' lang='lat' dir='ltr'>integritatis</span> <span class='ocrx_word' id='word_1_643' title='bbox 588 5609 849 5684; x_wconf 83' lang='lat' dir='ltr'>inviolatiouem,</span> <span class='ocrx_word' id='word_1_644' title='bbox 863 5611 989 5683; x_wconf 85' lang='lat' dir='ltr'>Maria,</span> <span class='ocrx_word' id='word_1_645' title='bbox 1016 5628 1075 5690; x_wconf 85' lang='lat' dir='ltr'>per</span> <span class='ocrx_word' id='word_1_646' title='bbox 1130 5607 1216 5668; x_wconf 89' lang='lat' dir='ltr'>idem</span> <span class='ocrx_word' id='word_1_647' title='bbox 1238 5608 1358 5668; x_wconf 88' lang='lat' dir='ltr'>Doctor</span> <span class='ocrx_word' id='word_1_648' title='bbox 1372 5604 1439 5667; x_wconf 89' lang='lat' dir='ltr'>ait:</span> <span class='ocrx_word' id='word_1_649' title='bbox 1463 5604 1632 5665; x_wconf 76' lang='lat' dir='ltr'>«Habetis</span> <span class='ocrx_word' id='word_1_650' title='bbox 1650 5619 1742 5676; x_wconf 79' lang='lat' dir='ltr'>sane,</span> <span class='ocrx_word' id='word_1_651' title='bbox 1772 5619 1831 5665; x_wconf 80' lang='lat' dir='ltr'>VOS</span> <span class='ocrx_word' id='word_1_652' title='bbox 1852 5603 1927 5664; x_wconf 67' lang='lat' dir='ltr'>Nll-</span> 
     </span>
     <span class='ocr_line' id='line_1_55' title="bbox 275 5700 1928 5787; baseline -0.002 -22"><span class='ocrx_word' id='word_1_653' title='bbox 275 5702 389 5765; x_wconf 87' lang='lat' dir='ltr'>mundi</span> <span class='ocrx_word' id='word_1_654' title='bbox 402 5703 694 5783; x_wconf 65' lang='lat' dir='ltr'>illuminationem</span> <span class='ocrx_word' id='word_1_655' title='bbox 707 5709 813 5770; x_wconf 82' lang='lat' dir='ltr'>Maria</span> <span class='ocrx_word' id='word_1_656' title='bbox 826 5725 968 5787; x_wconf 88' lang='lat' dir='ltr'>namque</span> <span class='ocrx_word' id='word_1_657' title='bbox 979 5709 1073 5772; x_wconf 86' lang='lat' dir='ltr'>stella</span> <span class='ocrx_word' id='word_1_658' title='bbox 1130 5705 1236 5782; x_wconf 85' lang='lat' dir='ltr'>gipes,</span> <span class='ocrx_word' id='word_1_659' title='bbox 1254 5704 1408 5766; x_wconf 90' lang='lat' dir='ltr'>militiam</span> <span class='ocrx_word' id='word_1_660' title='bbox 1428 5702 1699 5781; x_wconf 65' lang='lat' dir='ltr'>pulchritudinis</span> <span class='ocrx_word' id='word_1_661' title='bbox 1719 5701 1773 5764; x_wconf 89' lang='lat' dir='ltr'>cui</span> <span class='ocrx_word' id='word_1_662' title='bbox 1793 5700 1928 5764; x_wconf 87' lang='lat' dir='ltr'>virtutis</span> 
     </span>
    </p>
   </div>
   <div class='ocr_carea' id='block_1_5' title="bbox 0 0 2104 6390">
    <p class='ocr_par' dir='ltr' id='par_1_5' title="bbox 0 0 2104 6390">
     <span class='ocr_line' id='line_1_56' title="bbox 0 0 2104 6390; baseline 0 0"><span class='ocrx_word' id='word_1_663' title='bbox 0 0 2104 6390; x_wconf 95' lang='lat' dir='ltr'> </span> 
     </span>
    </p>
   </div>
  </div>
 </body>
</html>
