4200 6394
149 315 189 380 lo
519 309 573 372 1v.
596 305 701 370 -m
722 303 1244 397 nunaurmmonnnmrm
1258 305 1420 370 ulma.
1735 259 1797 371 ⁴so

148 471 447 540 maseatanauaa
453 485 645 546 pauperem
653 465 941 550 (Prouxnxrmo).
998 466 1107 529 medio
1129 469 1238 540 terrae,
1262 466 1359 541 ldest,
1380 467 1415 528 ln
1435 465 1584 543 Virginis
1604 467 1710 530 utero.
1732 468 1796 531 Sed

149 577 248 651 Inops
263 572 296 633 et
310 584 436 647 pauper
455 568 504 630 est
519 567 657 646 quilibet
671 567 769 628 bomo
785 565 943 643 quamdiu
998 566 1076 628 licet
1090 565 1133 627 sit
1147 567 1303 643 operatus
1319 565 1471 638 salutem,
1489 569 1602 626 tamen
1620 564 1797 629 custodivit

150 670 302 732 differtur
321 684 340 730 a
357 682 472 742 regno,
493 665 550 726 ubi
565 665 757 726 divitiarum
772 679 851 726 vera
868 663 943 739 ple·
998 663 1202 740 paradisum,
1220 663 1315 736 idest,
1333 665 1465 725 uterum
1480 663 1629 740 Virginis
1647 661 1688 725 ab
1706 663 1796 726 omni

149 767 276 830 nitudo.
293 765 352 826 Cui
367 766 468 826 Beata
484 763 590 824 Maria
603 779 721 824 manus
736 761 854 838 aperit,
872 759 945 837 pal·
999 763 1221 839 corruptione,
1238 763 1271 823 et
1282 763 1424 823 macula.

149 881 221 927 mas
236 863 395 936 extendit,
416 862 480 923 hoc
500 861 559 934 est,
576 861 670 936 larga
684 859 845 921 beneficia
864 872 945 920 con·
1038 861 1120 920 Item
1142 861 1210 921 Eva
1232 859 1368 935 decepta
1389 859 1452 921 fuit
1474 859 1636 937 serpentis
1659 859 1793 932 astutia,

149 961 245 1027 cedit.
999 973 1097 1034 quam
1120 971 1180 1019 nec
1195 957 1357 1035 praevidit,
1377 973 1438 1018 nec
1453 959 1610 1020 resistere
1625 959 1655 1020 ei
1677 957 1795 1019 voluit.

188 1060 289 1122 Beata
313 1057 420 1120 Maria
443 1057 494 1118 θεῖ
514 1056 654 1118 Uomina
678 1055 738 1132 per
752 1053 945 1116 aeternalem
1000 1057 1094 1118 Unde
1113 1056 1310 1133 Apostolus:
1328 1059 1438 1118 Adara
1462 1071 1530 1118 aou
1550 1058 1601 1118 est
1624 1056 1795 1128 seductus,

148 1157 341 1236 potentiam,
358 1154 445 1232 quod
466 1154 501 1214 in
517 1152 643 1215 eoelesti
659 1152 737 1214 sede
756 1151 853 1213 beata
869 1165 944 1211 om·
998 1158 1125 1216 mulier
1145 1155 1262 1215 aretem
1285 1155 1425 1215 seducta
1447 1157 1483 1216 iu
1505 1155 1797 1230 praevaricatione

147 1256 228 1316 nino
241 1253 398 1332 quidquid
412 1251 483 1314 vult
492 1250 610 1329 potest.
626 1249 747 1312 Potens
760 1249 822 1310 luit
833 1248 870 1309 in
882 1248 945 1310 boo
999 1254 1066 1328 suit
1090 1249 1119 1329 (l
1134 1253 1217 1313 Tim.
1232 1267 1269 1324 11,
1284 1251 1348 1330 14).
1376 1252 1469 1313 Unde
1490 1252 1523 1314 θῖ
1544 1267 1681 1328 serpens
1701 1251 1797 1329 quasi

147 1352 272 1414 mundo
284 1352 325 1413 ad
343 1349 540 1427 extirpanda
554 1347 648 1420 uitia,
664 1347 831 1425 potentior
843 1347 894 1408 est
909 1345 944 1405 in
999 1349 1220 1426 interrogavit
1236 1349 1411 1410 mulierem
1426 1350 1560 1410 dicens:
1580 1354 1651 1412 Cur
1659 1364 1797 1425 praeee-

148 1448 234 1514 ooelo
254 1448 295 1509 ad
309 1447 482 1523 largienda
497 1444 668 1506 beneficia.
690 1444 812 1506 Potens
827 1442 889 1505 luit
903 1443 945 1504 ad
994 1451 1050 1523 pit
1062 1451 1156 1510 vodis
1169 1451 1273 1519 Deus,
1285 1448 1324 1509 ut
1334 1461 1402 1508 uou
1416 1449 1640 1509 comederetis
1649 1450 1690 1509 de
1702 1449 1798 1508 omui

149 1545 387 1612 conterendum
399 1543 577 1615 diabolum,
592 1543 691 1619 caput
705 1542 853 1604 omnium
868 1556 944 1602 ma·
999 1549 1090 1623 liquo
1102 1547 1260 1620 paradisi
1276 1543 1435 1624 (demur,
1451 1543 1495 1624 1).
1512 1543 1572 1604 Cui
1587 1544 1728 1605 mulier:
1745 1548 1796 1605 De
1894 1599 1897 1608 ,

145 1643 270 1716 lorum,
282 1643 324 1703 ad
336 1640 574 1703 ostendendum
585 1639 681 1702 nobis
694 1643 809 1712 Deum,
822 1639 947 1701 creato-
999 1645 1117 1719 [mictu
1144 1647 1318 1721 liquorum
1350 1659 1425 1717 quea
1457 1641 1538 1704 suut
1571 1644 1798 1716 paparadiso

146 1759 219 1805 rem
238 1740 386 1802 omnium
405 1738 578 1801 bonorum.
601 1737 723 1800 Potens
737 1737 800 1799 suit
813 1737 854 1798 ad
867 1737 946 1798 des·
1000 1746 1190 1814 acerimum·
1228 1744 1270 1803 de
1312 1737 1426 1816 fructu
1467 1753 1551 1801 uero
1587 1741 1673 1816 lipui
1711 1743 1799 1812 quod

146 1838 318 1917 piciendas
334 1837 486 1898 carnales
505 1835 692 1908 illecebras,
712 1835 829 1912 potens
846 1837 896 1896 est
910 1834 946 1894 in
1000 1842 1053 1903 est
1088 1845 1127 1902 tn
1160 1842 1272 1902 madio
1304 1841 1465 1914 paradisi
1497 1840 1665 1914 praecepti
1702 1841 1799 1900 uobis

148 1937 233 1998 coelo
252 1934 293 1996 ad
311 1933 529 1996 conterendas
552 1933 648 1995 nobis
667 1933 842 1995 aeternales
856 1931 945 1994 deli·
1000 1945 1146 2002 pausae
1159 1941 1428 2010 comederemus,
1441 1952 1484 1998 aa
1499 1937 1589 2012 farta
1602 1940 1799 1998 moriamur

147 2033 230 2096 cias.
260 2032 354 2094 Unde
377 2031 533 2094 Salomon
552 2031 651 2092 uocat
677 2047 750 2092 eam
774 2029 946 2090 mulierem
1002 2035 1098 2116 (Gen.
1114 2053 1164 2110 111,
1181 2036 1227 2116 2),
1249 2039 1332 2098 Ecce
1348 2035 1468 2096 mulier
1481 2051 1548 2096 non
1561 2035 1715 2112 praevidit
1730 2049 1799 2094 ser·

147 2130 416 2192 101111111ᾶὶ0θῦ81
433 2130 947 2203 Madiereuafortemquistuoe·
1000 2135 1109 2212 pentis
1138 2135 1279 2196 astutias
1312 2133 1513 2211 inquirentis
1542 2133 1652 2193 utrum
1679 2132 1799 2193 mulier

147 2231 242 2291 utet?
261 2228 400 2289 Dolebat
417 2241 560 2303 namque
584 2225 671 2304 quod
691 2241 757 2287 non
776 2226 948 2287 invenire·
1001 2234 1089 2296 esset
1114 2233 1209 2294 firma
1233 2233 1268 2294 in
1292 2247 1405 2293 amore
1429 2231 1500 2292 Dei.
1532 2231 1571 2292 Et
1591 2229 1667 2290 ideo
1691 2230 1795 2290 dixit:

146 2327 251 2388 turin
266 2342 327 2386 suo
341 2325 500 2402 tempore.
1001 2335 1072 2394 Cur
1083 2331 1250 2406 praecepit
1263 2333 1358 2391 eoois
1375 2333 1519 2391 Deua...
1542 2329 1617 2389 Non
1636 2327 1725 2388 enim
1745 2327 1799 2387 in·
1870 2400 1875 2410 ¹

186 2427 259 2485 Ave
277 2425 395 2485 Malta
411 2422 529 2500 91111111
545 2427 698 2495 piena...
722 2423 797 2482 Non
814 2421 945 2483 6811111-
1000 2428 1184 2504 terrogavit
1208 2427 1304 2504 quasi
1325 2427 1480 2500 nesciret,
1506 2426 1563 2487 sed
1583 2425 1619 2486 ut
1643 2423 1798 2502 probaret

149 2521 292 2582 randum
321 2520 350 2580 si
380 2519 482 2580 Beata
512 2520 619 2580 maria
646 2517 813 2594 cogitabat
837 2518 946 2595 qualis
1001 2531 1072 2604 ejus
1094 2525 1300 2587 voluntatem
1324 2524 1357 2585 et
1385 2523 1625 2585 crudelitatem.
1653 2525 1798 2599 cumque

152 2618 320 2680 6819118111
340 2617 509 2689 1111111110,
531 2631 570 2678 θθ
592 2617 677 2693 quod
698 2617 770 2677 111110
790 2615 946 2677 salutatio
1001 2623 1139 2686 vidisset
1159 2637 1232 2684 eam
1253 2623 1293 2683 de
1313 2621 1372 2682 Dei
1392 2621 1555 2682 sententia
1575 2619 1726 2680 dubitare
1741 2619 1797 2679 di-

155 2729 259 2792 1111111θ
274 2716 313 2776 ad
327 2716 456 2791 tempus
472 2715 555 2776 illud
572 2714 722 2775 1111111111ῖᾶ
742 2713 855 2776 mullis
875 2729 948 2774 mo-
1002 2721 1105 2784 cendo
1118 2741 1125 2781 :
1140 2735 1183 2782 ue
1194 2721 1285 2794 sorte
1299 2723 1506 2791 moriamur,
1523 2717 1634 2779 statim
1647 2716 1800 2792 negatio-

156 2811 209 2872 dis
225 2811 385 2874 invenitur
400 2811 574 2872 mirabilis.
600 2812 663 2872 Sed
678 2811 765 2888 quod
783 2812 824 2872 de
838 2811 948 2872 omni·
1001 2835 1077 2880 nem
1099 2817 1270 2895 subjunxit
1291 2817 1424 2877 dicens:
1445 2819 1671 2889 Nequaquam
1685 2812 1799 2875 morte

150 2907 213 2969 bus
227 2909 336 2971 dicere
355 2911 489 2987 propter
503 2909 692 2986 angustiam
706 2909 866 2986 temporis
881 2925 946 2970 non
1000 2919 1210 2979 apponemini.
1233 2917 1303 2977 seat
1324 2917 1417 2976 euim
1438 2917 1531 2975 Deua
1551 2915 1640 2987 quod
1659 2915 1697 2972 iu
1715 2925 1801 2985 qaro-

149 3005 344 3080 sufficimus,
370 3007 412 3069 de
438 3023 503 3068 nno
529 3009 640 3070 tamen
666 3021 772 3084 pauca
800 3007 947 3068 breviter
1001 3029 1144 3090 eamque
1159 3017 1214 3075 aaa
1232 3012 1451 3074 comederam
1466 3025 1513 3072 aa
1527 3025 1576 3078 eo,
1596 3009 1801 3084 amnentur

146 3104 350 3180 digeramus.
376 3104 540 3166 Mirabilis
559 3105 610 3167 est
630 3105 694 3167 ista
715 3105 882 3178 salutatio,
906 3121 946 3166 eo
1001 3112 1088 3172 ocuti
1113 3108 1232 3180 uestri,
1267 3107 1422 3168 eteritis
1446 3106 1536 3166 sicut
1559 3107 1622 3176 dii,
1653 3103 1801 3165 seientes

149 3202 236 3279 quod
247 3203 392 3264 nominis
404 3205 480 3265 Evae
490 3203 524 3264 m
535 3203 569 3263 in
579 3203 652 3280 ipsa
665 3204 856 3280 conversim
870 3219 946 3264 nam
1002 3211 1127 3269 bouum
1136 3206 1170 3267 et
1184 3209 1314 3266 matram
1331 3188 1426 3283 (Gen.
1441 3217 1490 3274 111,
1505 3199 1550 3282 5).

145 3298 210 3360 hoo
235 3315 356 3360 nomen
388 3304 464 3363 an
492 3315 688 3362 conversum
713 3301 836 3362 dicitur
861 3306 944 3363 Ave.
1041 3307 1126 3366 Ecce
1156 3306 1224 3364 Eva
1250 3301 1391 3364 credidit
1418 3299 1529 3362 verbis
1563 3298 1737 3377 serpentis,
1767 3297 1802 3359 et

146 3396 292 3458 Proinde
324 3397 441 3460 merito
472 3399 535 3459 hac
566 3399 767 3460 salutatione
799 3400 946 3474 Angelus
1002 3402 1145 3480 primum
1163 3401 1343 3471 hominem,
1360 3399 1447 3460 idest
1458 3399 1573 3470 Adam,
1589 3398 1629 3458 de
1643 3395 1799 3473 paradiso

148 3511 230 3555 usus
240 3495 291 3556 est
300 3495 342 3556 ad
353 3496 495 3557 Mariam
507 3497 542 3556 in
554 3511 623 3557 suoe
636 3495 813 3572 legationis
824 3496 946 3566 osilcio,
1002 3501 1141 3577 expulit.
1168 3499 1232 3560 Sed
1255 3500 1359 3559 Beata
1387 3497 1494 3557 Maria
1528 3495 1669 3556 credidit
1688 3492 1800 3554 verbis

146 3592 234 3668 quod
251 3594 352 3654 Beata
367 3594 476 3654 Maria
493 3595 569 3654 Evae
585 3593 851 3656 maledictionem
867 3610 948 3655 con·
1001 3599 1135 3673 Angeli3
1161 3596 1343 3657 secundum
1367 3593 1548 3663 bominem,
1574 3590 1660 3653 idest
1681 3589 1799 3650 Chris-

145 3689 248 3751 vertit
271 3690 307 3750 in
334 3690 618 3766 benedictionem3
647 3693 681 3753 θῖ
705 3691 863 3769 quidquid
889 3705 948 3768 per
1003 3697 1082 3766 tum,
1106 3693 1274 3754 hominem
1291 3706 1408 3752 verum
1428 3690 1460 3752 et
1474 3693 1578 3752 Ueum
1593 3705 1720 3761 verum,
1737 3704 1802 3748 nu-

146 3786 239 3848 illam
261 3788 311 3848 est
330 3787 452 3849 lactum
475 3787 675 3861 damnabile,
698 3789 803 3850 totum
825 3803 885 3864 per
900 3787 948 3848 is-
1002 3792 1095 3854 trivit
1109 3792 1144 3852 in
1159 3789 1325 3867 paradiso,
1340 3789 1436 3860 idest,
1451 3789 1486 3849 in
1500 3790 1594 3850 utero
1606 3788 1659 3849 vel
1675 3787 1710 3848 ln
1725 3787 1801 3846 sinu

144 3885 214 3944 tam
232 3900 430 3948 conversum
447 3885 498 3946 est
516 3885 551 3944 in
572 3885 751 3946 laudabile.
768 3887 837 3946 Eva
852 3900 948 3945 nam·
1002 3905 1073 3960 suo,
1087 3888 1120 3950 et
1134 3887 1297 3965 serpentis
1310 3887 1593 3964 astutiaspenitus
1605 3883 1813 3946 confutavit.-

145 3997 209 4059 que
233 3983 378 4058 primum
399 3981 567 4042 hominem
592 3981 690 4058 ejecit
710 3981 750 4042 de
777 3982 944 4058 paradiso.
1001 3988 1040 4048 Et
1054 3987 1129 4048 ideo
1150 3987 1319 4063 tamquam
1342 3985 1446 4046 turris
1467 3983 1671 4046 fortitudinis
1696 3981 1802 4060 potuit

146 4080 254 4141 Maria
291 4093 371 4141 vero
411 4078 592 4139 secundum
634 4078 824 4153 hominem,
861 4081 947 4142 idest
1001 4084 1192 4161 impugnari
1207 4083 1248 4144 ab
1271 4083 1408 4159 antiquo
1424 4083 1519 4143 hoste
1539 4082 1595 4142 sed
1613 4097 1679 4141 non
1694 4079 1802 4156 potuit

145 4176 328 4248 Christum,
358 4175 497 4238 nutrivit
523 4177 558 4238 in
584 4178 756 4253 paradiso,
785 4177 882 4250 idest,
909 4180 945 4240 in
1001 4181 1198 4260 expugnari.
1223 4179 1317 4240 Unde
1340 4178 1511 4240 benedixit
1536 4175 1707 4262 Angelus:
1730 4179 1802 4235 Aue

145 4275 242 4335 utero
257 4272 310 4336 uel
330 4274 406 4335 sinu
426 4289 497 4336 suo.
520 4274 614 4336 Unde
636 4274 720 4336 bene
742 4291 801 4352 per
817 4279 945 4354 myste·
999 4281 1117 4357 pratia
1136 4283 1252 4353 plena,
1275 4275 1362 4352 quod
1377 4274 1470 4336 tanta
1493 4273 1555 4333 luit
1575 4273 1610 4332 in
1630 4271 1801 4346 eugratiae

144 4371 234 4432 rium
260 4370 382 4432 dicitur
409 4372 445 4432 in
473 4372 623 4432 Genesi:
658 4374 744 4434 iulii
778 4377 947 4436 Dominus
1001 4376 1183 4455 plenitude,
1201 4376 1238 4436 ut
1254 4373 1338 4434 nibil
1351 4373 1387 4432 in
1400 4387 1437 4433 ea
1456 4369 1635 4448 profecerit
1647 4369 1802 4430 inimicus

143 4473 240 4531 Deus
262 4473 438 4532 homoinem
460 4469 494 4530 et
515 4469 632 4544 posuit
654 4473 692 4531 iu
710 4475 886 4545 paradiso,
908 4473 946 4534 ut
1001 4473 1169 4545 tentando,
1189 4471 1243 4536 vel
1255 4470 1427 4533 blanditiis
1441 4468 1622 4541 suadendo,
1636 4467 1689 4530 vel
1701 4466 1801 4528 minis

145 4567 357 4641 operaretur
370 4568 403 4628 et
415 4567 603 4628 custodiret
615 4571 710 4630 idum
721 4567 816 4647 (Gen.
829 4585 864 4642 11,
880 4569 944 4647 15).
1000 4571 1171 4635 terrendo.
1401 4625 1402 4628 ,

186 4665 276 4725 Deus
286 4665 397 4741 posuit
409 4665 576 4726 hominem
587 4667 622 4726 in
635 4666 802 4742 paradiso,
815 4669 946 4744 quando
1042 4674 1123 4733 item
1143 4669 1250 4730 Maria
1271 4667 1335 4730 luit
1349 4667 1447 4746 plena
1463 4665 1583 4744 gratia,
1600 4667 1668 4726 Eva
1682 4679 1800 4726 uacua.

145 4760 315 4823 Christum
344 4761 423 4824 lecit
448 4764 580 4840 concipi
604 4763 638 4824 in
662 4765 810 4840 Virginis
834 4766 944 4841 utero;
1001 4773 1048 4831 De
1081 4767 1287 4846 plenitudine
1315 4766 1432 4828 Mariae
1460 4781 1574 4826 omnes
1600 4763 1799 4838 accepimus.

146 4859 203 4936 qui
222 4859 370 4935 Virginis
390 4861 504 4922 uterus
519 4861 641 4923 dicitur
655 4863 842 4938 paradisus,
859 4864 945 4940 quod
1001 4870 1047 4930 De
1058 4867 1225 4929 vacuitate
1236 4868 1313 4927 Evae
1324 4863 1590 4926 maledictionem
1601 4861 1800 4936 accepimus.

144 4956 301 5028 mundus,
325 4957 529 5034 impollutuS,
553 4959 586 5020 et
608 4960 698 5020 omni
717 4959 946 5022 benedictione
1002 4965 1065 5026 Sed
1083 4966 1185 5026 Beata
1201 4964 1307 5024 Maria
1322 4964 1490 5039 tamquam
1506 4960 1622 5022 domus
1637 4958 1696 5019 Del
1711 4955 1803 5018 omni

145 5055 293 5132 repletus
307 5077 313 5114 :
329 5055 441 5116 Inboo
452 5054 607 5130 paradiso
621 5058 732 5134 posuit
744 5060 831 5119 Deus
848 5061 946 5120 Pater
1000 5063 1109 5138 gratia
1130 5063 1164 5122 et
1184 5060 1413 5121 benedictione
1438 5057 1576 5129 relerta,
1598 5059 1674 5117 Erae
1697 5054 1803 5114 male-

145 5153 327 5214 secundum
343 5152 523 5224 bominem,
540 5154 577 5214 ut
594 5158 789 5231 operaretur
803 5157 945 5218 salutem
1001 5160 1179 5222 dictionem
1195 5159 1356 5220 convertit
1377 5156 1412 5217 in
1430 5155 1706 5223 benedictionem,
1723 5151 1801 5214 dum

145 5251 306 5322 nostram,
320 5252 417 5328 juxta
437 5249 519 5312 illud
536 5250 738 5314 psalmistae:
762 5258 855 5316 Deus
868 5259 946 5318 lieu
1000 5259 1086 5336 qnod
1106 5257 1165 5318 illa
1184 5255 1320 5318 abstulit
1340 5255 1406 5317 ista
1430 5253 1584 5314 reddidit.
1600 5253 1687 5311 Bene
1700 5250 1803 5326 igitur

145 5348 266 5410 raoster
299 5349 463 5422 operatua
496 5349 549 5411 est
582 5350 730 5411 salutem
765 5354 802 5412 tu
835 5357 945 5415 ruedio
999 5357 1084 5418 dixit
1106 5355 1253 5431 Angelus
1273 5376 1279 5414 :
1297 5359 1368 5416 Aue
1390 5353 1509 5430 pratia
1528 5355 1642 5424 pterea,
1660 5364 1699 5409 eo
1714 5349 1801 5426 quod

146 5447 255 5506 terror
285 5444 388 5522 (Psal.
418 5461 541 5519 nxxin,
575 5446 637 5527 la).
668 5449 770 5520 Quasi
796 5451 942 5512 diceret:
999 5455 1071 5532 ipsa
1087 5454 1130 5515 sit
1144 5453 1319 5532 paradisus
1337 5448 1591 5520 benedictionis,
1608 5447 1711 5510 turris
1727 5445 1801 5508 for-

146 5542 299 5620 qnamvis
323 5541 367 5604 sit
387 5545 460 5606 Rex
485 5547 598 5606 noster
616 5545 693 5608 ante
712 5547 835 5608 saecula
857 5550 944 5610 Deus
999 5553 1162 5624 titudinis,
1191 5551 1224 5614 et
1248 5551 1364 5612 domus
1393 5546 1589 5608 sanctitatis.
1619 5545 1801 5606 Paradisus

146 5641 218 5702 sine
233 5639 341 5713 initio,
368 5641 478 5705 tamen
502 5645 658 5720 operatus
681 5645 732 5706 est
754 5645 894 5709 salutem
908 5647 943 5708 in
998 5650 1251 5730 benedictionis,
1275 5648 1360 5726 quod
1383 5661 1483 5724 super
1502 5661 1616 5709 omnes
1641 5643 1801 5706 mulieres
