4162 6424
361 237 421 298 559
979 239 1153 300 HONORII
1177 241 1221 300 111
1243 241 1391 302 OPERA.
1508 309 1511 316 ,
1543 291 1546 298 ,
1936 245 1976 304 im

363 396 512 472 ignarus,
525 396 560 458 in
575 395 802 474 presbiterum
820 396 993 460 ordinasti.
1011 400 1157 477 Cumque
1212 395 1495 472 seducticousilio,
1507 397 1975 474 subvertereinooepistisoontn

363 493 569 570 postmodum
590 492 695 554 dictus
720 492 868 573 clericus
886 493 1070 570 inspirante
1092 498 1158 556 Do-
1212 493 1977 572 dilectumfiliumnobilemvirumS.(o),eomiton

363 591 452 651 mino
468 591 508 651 ad
524 588 727 651 corrediens
743 591 1033 668 presumptionem
1046 592 1158 670 hujus·
1212 591 1439 666 Montisiortis,
1451 594 1553 654 immo
1564 595 1685 654 eontra
1697 592 1798 652 iidem
1808 593 1976 666 catholicam,
2028 665 2029 674 χ

363 687 452 748 modi
471 686 636 747 sacerdoti
660 702 719 747 suo
743 687 778 746 in
802 687 934 748 modum
955 688 1157 764 peanitentiae
1212 693 1307 768 cujus
1336 689 1565 768 propugnator
1586 690 1724 762 existit;
1756 705 1825 760 vos,
1848 695 1978 767 assumpto

363 783 554 854 detexisset,
572 784 727 845 sacerdos
741 783 813 861 ipse
826 785 973 861 injunxit
987 786 1105 857 eidem,
1122 785 1158 846 ut
1212 786 1403 848 rebellionis
1415 788 1547 863 spiritu,
1562 787 1747 864 erigentes,
1759 787 1853 863 atque
1863 787 1978 849 inoculis
2028 825 2029 828 =

362 897 601 959 quemcumque
623 881 722 943 vellet
742 881 892 944 habitum
911 883 1095 960 susciperet
1108 899 1159 944 re-
1211 884 1313 961 legati
1323 885 1428 946 nostri
1444 883 1504 964 (d),
1521 885 1579 961 qui
1596 901 1668 946 non
1683 884 1792 944 solum
1806 883 1948 954 vices,sed
1959 889 1980 945 et
2028 915 2029 962 ξ

362 979 525 1054 gelarent.
543 978 636 1040 Unde
651 978 746 1040 nobis
761 979 932 1042 humiliter
947 980 1156 1058 supplicavit,
1212 997 1388 1059 personam
1415 983 1563 1044 nostram
1590 981 1681 1058 gerit
1708 983 1743 1042 in
1772 981 1906 1057 partibus
1921 982 1978 1052 illis,

362 1079 399 1139 ut
412 1094 492 1152 cum
508 1076 579 1153 ipse
594 1077 635 1138 ad
652 1072 834 1138 domum'se
850 1077 1059 1140 transtulerit
1077 1077 1159 1139 bos·
1193 1077 1278 1141 'non
1288 1078 1450 1140 veremini
1461 1081 1643 1140 attentare:
1657 1078 1762 1155 plane
1772 1093 1896 1154 operum
1908 1078 1979 1137 eslii·

362 1174 476 1252 pitalis
489 1173 637 1251 ejusdem
653 1189 692 1235 ac
704 1173 852 1235 ordinem
867 1175 1085 1252 assumpserit
1093 1174 1157 1236 loci
1212 1176 1337 1238 bitione
1360 1177 1582 1238 monstrantes
1609 1175 1713 1252 quod,
1738 1175 1795 1252 qui
1808 1175 1853 1236 sic
1870 1175 1978 1250 legans

363 1270 522 1349 praedicti,
546 1271 715 1348 provideri
731 1287 831 1349 super
845 1272 907 1335 boo
922 1271 1030 1332 eidem
1052 1272 1158 1332 inise-
1213 1273 1363 1335 eumdem
1379 1273 1601 1346 contemnitis,
1617 1273 1663 1334 ad
1674 1288 1739 1333 nos
1753 1271 1836 1333 etad
1847 1272 1978 1347 Apostoli-

363 1368 539 1432 rieorditer
553 1368 778 1444 dignaremur.
802 1371 872 1430 Nos
892 1370 995 1446 igitur
1016 1367 1158 1430 neutile
1213 1387 1286 1433 carn
1297 1370 1414 1432 Sedem
1425 1371 1612 1448 respectum
1624 1369 1979 1446 congruumetdetoiio-

361 1482 421 1543 per
440 1466 558 1528 inutile
581 1465 727 1537 vitietur,
753 1467 794 1528 de
819 1467 1059 1539 misericordia,
1085 1481 1158 1543 quae
1215 1483 1290 1529 nem
1314 1467 1457 1529 debitam
1481 1483 1548 1529 non
1563 1467 1699 1529 habetis
1714 1465 1775 1546 (2).
1791 1468 1979 1526 Sanenonesl

363 1564 590 1641 superexaltat
604 1563 742 1640 judicie,
758 1563 789 1624 ei
804 1563 959 1624 duximus
975 1563 1161 1624 oonoeden·
1214 1565 1408 1627 abbreviata
1430 1581 1548 1626 manus
1576 1564 1713 1626 Domini
1739 1564 1776 1624 ut
1802 1563 1917 1624 salvare
1933 1579 1979 1621 nou

362 1663 451 1734 dum,
474 1663 511 1723 ut
535 1662 568 1721 ln
595 1661 853 1727 subdiaconatus
879 1661 995 1722 ordine
1018 1662 1158 1732 tantum,
1214 1662 1329 1738 possit,
1353 1662 1385 1722 et
1406 1661 1585 1722 humiliare
1607 1659 1785 1738 superbos,
1811 1674 1847 1719 ac
1872 1657 1979 1717 lrumiles

363 1775 460 1836 quem
485 1759 549 1820 rite
576 1759 735 1836 suscepit,
769 1759 873 1820 libere
901 1759 1013 1826 valeat
1042 1757 1161 1826 minis·
1215 1759 1460 1820 exaltaretnec
1489 1758 1641 1834 exempla
1680 1757 1780 1832 longe
1798 1771 1979 1833 quaererevos

362 1859 453 1918 trare
467 1854 526 1935 (i).
1216 1856 1354 1934 oportet,
1385 1855 1528 1933 qualiter
1551 1858 1623 1932 ejus
1650 1855 1792 1915 dextera
1819 1851 1979 1925 contragerlt

404 1955 522 2014 Datum
538 1953 694 2015 Laterani
714 1955 789 2014 XIV
813 1953 973 2014 kalendas
994 1951 1158 2024 Januarii,
1216 1953 1380 2025 inimicos,
1396 1954 1429 2015 et
1442 1953 1478 2015 in
1493 1969 1550 2014 eos
1565 1952 1709 2014 calicem
1725 1969 1795 2012 suae
1815 1949 1980 2024 indignatio·

366 2049 576 2125 pontificatus
591 2051 795 2111 nostrianno
807 2051 962 2110 secundo.
1143 2062 1155 2083 ‘
1217 2051 1268 2111 nis
1282 2050 1447 2122 effuderit,
1464 2051 1579 2113 contra
1599 2066 1685 2128 quos
1703 2052 1850 2111 Romana
1867 2043 1979 2106 Ecclesia
2028 2071 2029 2114 f

334 2171 339 2182 ·
405 2147 603 2222 ExRegesto
615 2147 695 2208 anni
706 2145 842 2208 secundi
851 2147 1051 2207 Litterarum
1060 2149 1161 2223 Apos-
1218 2148 1330 2209 lideles
1345 2147 1490 2220 illorum,
1503 2149 1660 2224 exigente
1674 2141 1978 2218 malitia,concitavil,
2028 2175 2029 2222 ,

362 2241 543 2306 tolicarum
556 2244 697 2308 Houorii
711 2247 776 2304 ΡΡ.
791 2246 849 2316 ΙΙΙ,
864 2244 888 2305 t.
900 2246 925 2315 1,
943 2259 994 2321 ep.
1010 2246 1080 2307 768.
1256 2247 1326 2306 Nos
1334 2245 1455 2317 autem,
1465 2244 1639 2306 ambulare
1653 2243 1842 2319 satagentes
1849 2239 1979 2301 vobiscum

1217 2343 1251 2404 in
1278 2341 1398 2419 spiritu
1421 2341 1580 2414 lenitatis,
1607 2342 1642 2404 et
1657 2341 1748 2403 siout
1774 2340 1854 2400 lilios
1875 2337 1979 2413 paterna

661 2430 856 2516 LXXXII]
1217 2455 1275 2502 vos
1291 2439 1467 2501 affectione
1487 2440 1644 2510 tractare,
1662 2455 1704 2500 ac
1718 2436 1846 2498 blandis
1859 2431 1979 2494 monitio-

1218 2537 1314 2598 nibus
1328 2552 1488 2598 revocare
1498 2536 1538 2596 ab
1552 2535 1644 2598 invio
1656 2537 1692 2597 et
1701 2533 1744 2596 ad
1757 2535 1843 2596 viam
1855 2530 1978 2593 reducere

1217 2635 1380 2707 veritatis,
1401 2633 1652 2695 universitatem
1668 2633 1815 2695 vestram
1833 2639 1976 2690 monemus,

662 2712 695 2769 ²⁷
710 2710 772 2769 ⁶⁰⁰·
789 2711 868 2772 ¹²¹⁷·
1217 2747 1373 2808 rogamus
1401 2732 1434 2792 et
1459 2730 1674 2813 obsecramus
1703 2729 1739 2790 in
1775 2725 1913 2794 Domino,
1937 2718 1978 2778 sub

367 2831 502 2896 [B011i00t
520 2831 625 2884 amutii
645 2829 689 2882 ‘¹⁰⁸
711 2831 786 2890 illst,
806 2831 1032 2896 t.il1x,p.otl;
1053 2833 1162 2896 Reges,
1219 2831 1483 2906 quantacumque
1507 2828 1718 2890 districtione
1734 2837 1896 2904 possumus
1910 2815 1976 2878 vobis

419 2967 422 2974 ,
655 2910 699 2960 lib·
713 2911 744 2968 11,
761 2923 802 2974 01³·
813 2910 882 2974 8²⁷·]
1218 2926 1443 3005 praecipiendo
1465 2924 1672 2998 mandantes,
1697 2924 1863 3002 quatenus,
1886 2916 1919 2978 ob
1935 2929 1975 2974 re-

368 3017 518 3076 iolosanis
532 3031 597 3074 cum
611 3017 726 3076 Simone
740 3015 776 3073 de
790 3014 952 3074 llouteiorti
961 3015 1165 3076 dissidentibus
1218 3025 1401 3090 versutiam
1424 3023 1571 3084 divinam
1592 3022 1625 3084 et
1646 3025 1806 3091 nostram,
1832 3033 1850 3078 a
1866 3011 1974 3076 rebella-

404 3106 431 3160 in
452 3105 619 3166 memoriam
642 3103 749 3166 reducit
772 3103 902 3162 Pontifex
925 3113 994 3178 quot
1012 3112 1041 3162 et
1059 3114 1164 3177 quanta
1218 3121 1308 3182 tione
1327 3120 1517 3198 hujusmodi
1543 3121 1676 3197 penitus
1699 3115 1897 3180 desistentes,
1917 3107 1975 3167 obe·

402 3192 522 3264 pridem,
547 3191 725 3251 ⁸dV0f5i³¹¹d⁰
751 3194 869 3262 ⁸³¹¹¹⁰⁰¹⁹
893 3195 967 3252 “¹⁸¹³
990 3193 1121 3262 ‘merim’
1137 3202 1165 3252 ⁰²
1219 3203 1975 3294 diatisipsluslegatimandatisNosenimeiden

401 3296 453 3338 eos
467 3295 532 3339 oum
546 3281 647 3339 eodem
663 3282 690 3338 in
706 3284 830 3355 gratiam
848 3281 940 3338 redire
955 3282 1092 3342 bortatur.
1221 3314 1330 3390 legato
1347 3315 1470 3375 nostris
1494 3314 1610 3374 damus
1625 3313 1748 3375 litteris
1774 3311 1808 3370 jn
1833 3297 1971 3366 mandatis,

405 3409 572 3471 Honorius
596 3409 809 3487 episcopus...
837 3409 1029 3472 consulibus
1053 3409 1086 3472 et
1100 3425 1164 3489 po·
1219 3397 1972 3500 ut,interponenssollicitopartessuas,comitem

368 3507 446 3584 pulo
465 3507 639 3569 Tolosanis
654 3507 806 3583 spiritum
821 3507 953 3569 consilii
968 3507 1122 3568 sanioris.
1221 3508 1356 3572 inducat
1369 3507 1531 3578 eumdem,
1550 3509 1586 3569 ut
1600 3507 1696 3568 vobis
1712 3505 1754 3568 ad
1777 3505 1846 3580 ojus
1860 3493 1974 3558 devotio·

407 3604 627 3670 credebamus
650 3604 734 3681 qnod
755 3603 849 3664 vobis
867 3604 1012 3666 dedisset
1032 3603 1165 3666 vexatio
1221 3621 1297 3665 nem
1318 3605 1489 3665 humiliter
1507 3604 1726 3666 redeuntibus
1747 3592 1903 3671 indulgeat
1914 3589 1974 3648 lanc

367 3702 582 3770 intellectum,
603 3702 646 3773 et,
673 3701 858 3762 recolentes
887 3701 1081 3763 scandalum
1107 3717 1166 3778 per
1220 3702 1392 3768 offensam,
1407 3703 1440 3764 et
1460 3717 1519 3762 vos
1539 3701 1580 3762 de
1600 3703 1722 3762 caetero
1738 3683 1974 3788 decenteretli·

367 3799 454 3877 quod
477 3799 636 3860 turbastis
661 3798 883 3873 apostolicam
905 3799 1022 3859 Sedem
1037 3814 1077 3859 ac
1093 3798 1164 3860 cir·
1221 3815 1318 3860 mane
1339 3799 1528 3877 pertractet,
1544 3799 1577 3860 et
1590 3814 1629 3858 ea
1646 3813 1720 3875 quaa
1735 3795 1882 3856 intervos
1894 3779 1974 3888 eldm-

368 3897 571 3958 cumstantes
595 3895 709 3956 tideles
738 3896 771 3956 et
791 3897 908 3955 contra
937 3911 995 3958 vos
1019 3895 1167 3971 graviter
1220 3898 1290 3957 turn
1314 3895 1467 3957 comitem
1484 3895 1661 3956 discordias
1679 3891 1848 3955 materiam
1864 3873 1973 3959 pasllfflb

369 3994 587 4072 provocastis
600 3991 777 4053 studeretis
788 3990 943 4068 deinceps
953 3993 1166 4069 ipsiuslpos·
1221 3993 1262 4053 ad
1277 4010 1339 4054 nos
1351 3991 1476 4053 referre
1489 3995 1655 4068 procuret,
1668 3995 1702 4053 et
1711 4005 1782 4060 nos,
1795 3979 1915 4046 veritate
1923 3970 1972 4047 ple·

369 4091 479 4151 tolioae
494 4090 588 4150 Sedis
599 4088 746 4150 savorem
758 4087 791 4149 et
800 4087 941 4163 gratiam
955 4103 1164 4149 conservare.
1222 4090 1298 4152 nius
1312 4088 1492 4160 intellecta,
1506 4088 1540 4149 id
1549 4089 1677 4165 judicio
1693 4087 1746 4151 vel
1758 4071 1973 4146 concordlater·

427 2581 480 2642 Ad
493 2583 648 2641 cometes
667 2580 702 2642 et
718 2584 884 2655 populum
899 2583 1090 2642 Tolosates,

368 4189 577 4259 vosautem,
604 4187 691 4248 sicut
713 4185 911 4258 audivimus,
938 4187 972 4247 et
994 4185 1166 4247 audientes
1222 4186 1398 4258 minantes,
1415 4185 1650 4262 provideamus
1666 4185 1793 4262 pariter
1806 4167 1974 4272 vobisclco·

368 4285 576 4363 nequivimus
590 4301 657 4346 non
678 4283 819 4355 turbari,
843 4284 1087 4360 praeteritorum
1102 4284 1168 4344 im·
1223 4284 1293 4346 miti
1309 4284 1497 4360 saepedicto
1509 4283 1556 4344 ita
1569 4283 1654 4360 quod
1670 4283 1707 4343 in
1719 4279 1827 4342 mutua
1837 4265 1974 4366 dilectioni

367 4399 542 4454 memores,
557 4383 590 4443 et
601 4381 779 4457 improvidi
790 4381 987 4454 futurorum,
998 4381 1166 4458 negotium
1222 4396 1357 4442 manere
1371 4381 1516 4458 possitis.
1532 4383 1599 4442 Vos
1616 4380 1720 4456 igitur
1732 4371 1848 4438 nostris
1862 4367 1973 4458 acquir?

370 4481 461 4556 llassiS
474 4482 507 4540 θῐ
521 4478 613 4549 lidei,
627 4478 1066 4553 totpersonarumetrerum
1080 4479 1168 4539 labo·
1223 4478 1287 4540 cite
1301 4477 1466 4540 mandatis
1490 4479 1523 4538 et
1546 4477 1709 4549 consiliis,
1726 4475 1759 4537 et
1783 4463 1904 4548 probate
1919 4445 1973 4529 qud

369 4576 461 4638 ribus
474 4578 506 4636 et
516 4574 698 4649 dispendiis
708 4573 743 4634 in
756 4573 876 4634 vestris
890 4573 1040 4650 partibus
1052 4590 1168 4650 procu·
1224 4575 1360 4637 honoris
1375 4579 1408 4637 et
1424 4576 1551 4636 fructus
1567 4589 1610 4635 en
1622 4571 1817 4650 apostolicae
1832 4555 1912 4663 Sedis
1921 4559 1971 4622 tri·

370 4673 490 4742 ratum,
516 4670 680 4734 diabolico
704 4670 861 4736 concitati
885 4670 1003 4747 spiritu
1017 4672 1051 4733 et
1064 4687 1167 4748 pravo
1222 4673 1270 4734 tia
1285 4673 1442 4750 consequi
1466 4672 1622 4744 valeatis,
1647 4687 1721 4750 quae
1744 4651 1973 4728 sicutmutsrr

407 4851 447 4920 (lt
462 4848 631 4906 Poenitentie
646 4862 696 4920 per
709 4847 812 4906 saltum
824 4854 960 4974 promoto
971 4847 1115 4922 condigne
1126 4850 1167 4905 in·
1224 4848 1358 4906 allaterat
1373 4849 1469 4906 Simon
1490 4848 1526 4905 do
1541 4845 1711 4914 Morielorti,
1732 4841 1800 4900 adeo
1812 4841 1839 4893 ut
1851 4826 1930 4887 urbem
1942 4817 1970 4869 iu·

841 4920 1168 4988 abalienatorum
1223 4919 1325 4978 cendio
1346 4927 1479 4984 vastaret,
1508 4917 1607 4974 eodem
1633 4932 1710 4974 anno
1729 4911 1853 4970 comitem
1872 4895 1970 5011 Rainlllll:

1913 5002 1919 5023 .

1912 5028 1970 5084 dente

368 4919 811 4994 juncta.lttooceutt'uslll,auno
1838 4975 1843 4986 ,

371 5003 407 5047 eo
419 4993 467 5062 qui
483 4987 650 5048 diaconatus
660 4988 760 5046 ordine
774 4991 962 5062 (ignoranter)
978 4992 1169 5062 pretermisso
1223 4990 1290 5046 dum
1304 4991 1354 5058 Vl,
1366 4991 1401 5045 ab
1418 4989 1553 5062 Hispania
1569 4995 1743 5053 revocatum,
1757 4972 1911 5064 rccsslsssaeffl

370 5079 403 5119 se
416 5063 481 5122 lecit
496 5062 531 5118 ad
543 5061 698 5137 sacerdotis
707 5060 836 5122 ordinem
850 5063 1013 5142 promoveri
1022 5077 1031 5132 ;
1050 5061 1168 5119 manda·
1223 5076 1272 5117 sus
1282 5061 1460 5118 obsidionem
1474 5061 1551 5116 urltls
1567 5058 1733 5139 aggreditur
1749 5055 1851 5111 stmou,
1868 5049 1962 5148 sulam„

373 5135 411 5190 vit
426 5135 503 5190 enim
520 5131 660 5200 Pontifex,
678 5141 818 5206 quatenus
833 5147 875 5189 ste
894 5131 1023 5192 ordinato
1043 5147 1095 5204 pro
1114 5131 1166 5188 bu·
1224 5139 1251 5188 et
1263 5132 1465 5194 ecelesiasticis
1476 5132 1562 5187 armis
1577 5131 1730 5200 adjuvante
1742 5109 1882 5194 bertrando
1894 5107 1969 5220 'eada

369 5203 495 5280 jusmodi
521 5203 696 5278 negligentia
720 5202 864 5284 condigna
886 5202 1054 5274 injungatur
1075 5202 1167 5274 poeni·
1224 5209 1306 5273 prout
1321 5202 1417 5258 videre
1436 5209 1479 5257 est
1494 5202 1522 5256 iu
1534 5203 1608 5258 Petri
1624 5199 1743 5258 Valliutu
1758 5193 1858 5274 barnan
1870 5185 1963 5290 ”musti

371 5276 477 5344 tentia,
503 5286 557 5346 qua
592 5280 705 5346 porscia
735 5273 764 5329 in
792 5272 944 5330 draconum
972 5271 1118 5328 ordinetur
1141 5278 1170 5329 et
1223 5271 1595 5342 ilistortutloipenstumet
1614 5270 1691 5326 socri
1707 5249 1969 5358 ⁶⁸²²²⁸t⁶⁰⁸⁵u⁸sllfflss⁹

374 5346 552 5419 permittatur
573 5347 738 5405 ministrare
762 5344 789 5398 in
812 5343 911 5399 ordine
937 5341 1103 5400 sacerdotis.
1124 5343 1170 5399 lto
1224 5343 1528 5426 etapudGuillalutum
1541 5323 1967 5433 dePodrolaurentiacumlgldm·

372 5430 434 5484 cop.
444 5429 506 5474 uu.:
516 5416 695 5472 Tueltttetut.
707 5414 1167 5484 bettericopcrsuttumptumoto.
1223 5411 1450 5496 belligerantium
1465 5428 1571 5484 anceps
1582 5418 1657 5468 esset
1669 5408 1785 5468 fortuna,
1800 5398 1900 5508 Ppefflff
1910 5445 1969 5502 ilioni

410 5485 451 5552 (a)
469 5487 623 5542 Simonem.
663 5485 700 5556 (t)
710 5483 866 5541 bertrandi.
1224 5483 1403 5540 bttiltnterim
1415 5499 1497 5540 suarm
1510 5470 1879 5543 lionoriusreduoendrsare
1896 5466 1908 5506 t

411 5555 452 5631 tt)
466 5558 534 5615 Cum
548 5557 680 5637 Tolospui
702 5556 790 5622 cives,
804 5569 876 5628 quos
891 5553 1023 5612 maximis
1041 5553 1170 5616 cladibus
1225 5554 1347 5623 civibus,
1363 5569 1398 5611 eo
1414 5553 1498 5612 modo
1514 5569 1569 5624 utto
1589 5553 1692 5626 legitur
1705 5551 1732 5606 tn
1748 5545 1796 5600 luc
1810 5523 1918 5608 ell¹⁵l⁰¹ffi
