<?xml version="1.0" encoding="UTF-8"?>
<!DOCTYPE html PUBLIC "-//W3C//DTD XHTML 1.0 Transitional//EN"
    "http://www.w3.org/TR/xhtml1/DTD/xhtml1-transitional.dtd">
<html xmlns="http://www.w3.org/1999/xhtml" xml:lang="en" lang="en">
 <head>
  <title>
</title>
<meta http-equiv="Content-Type" content="text/html;charset=utf-8" />
  <meta name='ocr-system' content='tesseract 3.04.00' />
  <meta name='ocr-capabilities' content='ocr_page ocr_carea ocr_par ocr_line ocrx_word'/>
</head>
<body>
  <div class='ocr_page' id='page_1' title='image "./mediiaevibiblio02unkngoog_0157.png"; bbox 0 0 4200 6404; ppageno 0'>
   <div class='ocr_carea' id='block_1_1' title="bbox 324 301 1984 374">
    <p class='ocr_par' dir='ltr' id='par_1_1' title="bbox 324 301 1984 374">
     <span class='ocr_line' id='line_1_1' title="bbox 324 301 1984 374; baseline 0.001 -8"><span class='ocrx_word' id='word_1_1' title='bbox 324 305 386 366; x_wconf 71' lang='lat' dir='ltr'><strong>aut</strong></span> <span class='ocrx_word' id='word_1_2' title='bbox 791 301 968 374; x_wconf 82' lang='lat' dir='ltr'><strong>HONORII</strong></span> <span class='ocrx_word' id='word_1_3' title='bbox 989 305 1036 366; x_wconf 92' lang='lat'><strong>111</strong></span> <span class='ocrx_word' id='word_1_4' title='bbox 1057 305 1206 366; x_wconf 79' lang='lat' dir='ltr'><strong>OPERA.</strong></span> <span class='ocrx_word' id='word_1_5' title='bbox 1223 333 1261 348; x_wconf 93' lang='lat'><em>-</em></span> <span class='ocrx_word' id='word_1_6' title='bbox 1277 303 1510 366; x_wconf 77' lang='lat' dir='ltr'><strong>suRMONss.</strong></span> <span class='ocrx_word' id='word_1_7' title='bbox 1591 331 1592 336; x_wconf 45' lang='lat'>¹</span> <span class='ocrx_word' id='word_1_8' title='bbox 1924 305 1984 367; x_wconf 79' lang='lat'><strong>276</strong></span> 
     </span>
    </p>
   </div>
   <div class='ocr_carea' id='block_1_2' title="bbox 321 461 2030 1521">
    <p class='ocr_par' dir='ltr' id='par_1_2' title="bbox 321 461 2030 1521">
     <span class='ocr_line' id='line_1_2' title="bbox 364 461 1985 536; baseline -0.001 -10"><span class='ocrx_word' id='word_1_9' title='bbox 364 463 458 526; x_wconf 88' lang='lat' dir='ltr'><strong>Vlslo</strong></span> <span class='ocrx_word' id='word_1_10' title='bbox 472 461 630 526; x_wconf 75' lang='lat' dir='ltr'><strong>saelorum</strong></span> <span class='ocrx_word' id='word_1_11' title='bbox 645 463 696 526; x_wconf 88' lang='lat' dir='ltr'><strong>est</strong></span> <span class='ocrx_word' id='word_1_12' title='bbox 709 463 796 526; x_wconf 88' lang='lat' dir='ltr'><strong>vlsio</strong></span> <span class='ocrx_word' id='word_1_13' title='bbox 810 462 987 528; x_wconf 78' lang='lat' dir='ltr'><strong>manifesta</strong></span> <span class='ocrx_word' id='word_1_14' title='bbox 1005 463 1121 528; x_wconf 91' lang='lat' dir='ltr'><strong>heato-</strong></span> <span class='ocrx_word' id='word_1_15' title='bbox 1175 463 1289 526; x_wconf 81' lang='lat' dir='ltr'><strong>fideles</strong></span> <span class='ocrx_word' id='word_1_16' title='bbox 1313 461 1468 527; x_wconf 80' lang='lat' dir='ltr'><strong>admonet</strong></span> <span class='ocrx_word' id='word_1_17' title='bbox 1487 463 1672 536; x_wconf 90' lang='lat' dir='ltr'><strong>universos,</strong></span> <span class='ocrx_word' id='word_1_18' title='bbox 1690 463 1727 526; x_wconf 91' lang='lat' dir='ltr'><strong>ut</strong></span> <span class='ocrx_word' id='word_1_19' title='bbox 1743 463 1842 526; x_wconf 72' lang='lat' dir='ltr'><strong>mmul</strong></span> <span class='ocrx_word' id='word_1_20' title='bbox 1862 479 1985 526; x_wconf 87' lang='lat' dir='ltr'><strong>omnes</strong></span> 
     </span>
     <span class='ocr_line' id='line_1_3' title="bbox 323 561 1985 640; baseline -0.001 -17"><span class='ocrx_word' id='word_1_21' title='bbox 323 575 409 634; x_wconf 88' lang='lat' dir='ltr'><strong>rum,</strong></span> <span class='ocrx_word' id='word_1_22' title='bbox 421 575 486 640; x_wconf 88' lang='lat' dir='ltr'><strong>qua</strong></span> <span class='ocrx_word' id='word_1_23' title='bbox 497 564 600 624; x_wconf 90' lang='lat' dir='ltr'><strong>Deum</strong></span> <span class='ocrx_word' id='word_1_24' title='bbox 610 561 723 624; x_wconf 85' lang='lat' dir='ltr'><strong>salices</strong></span> <span class='ocrx_word' id='word_1_25' title='bbox 733 561 854 624; x_wconf 85' lang='lat' dir='ltr'><strong>animas</strong></span> <span class='ocrx_word' id='word_1_26' title='bbox 864 561 899 623; x_wconf 93' lang='lat' dir='ltr'><strong>in</strong></span> <span class='ocrx_word' id='word_1_27' title='bbox 912 562 1122 625; x_wconf 83' lang='lat' dir='ltr'><strong>aeternahea·</strong></span> <span class='ocrx_word' id='word_1_28' title='bbox 1175 562 1208 624; x_wconf 88' lang='lat' dir='ltr'><strong>et</strong></span> <span class='ocrx_word' id='word_1_29' title='bbox 1222 561 1345 639; x_wconf 84' lang='lat' dir='ltr'><strong>singuli</strong></span> <span class='ocrx_word' id='word_1_30' title='bbox 1360 562 1482 640; x_wconf 88' lang='lat' dir='ltr'><strong>quique</strong></span> <span class='ocrx_word' id='word_1_31' title='bbox 1496 562 1531 622; x_wconf 91' lang='lat' dir='ltr'><strong>in</strong></span> <span class='ocrx_word' id='word_1_32' title='bbox 1547 578 1583 623; x_wconf 92' lang='lat' dir='ltr'><strong>se</strong></span> <span class='ocrx_word' id='word_1_33' title='bbox 1601 562 1709 624; x_wconf 87' lang='lat' dir='ltr'><strong>altare</strong></span> <span class='ocrx_word' id='word_1_34' title='bbox 1728 562 1871 623; x_wconf 91' lang='lat' dir='ltr'><strong>Domino</strong></span> <span class='ocrx_word' id='word_1_35' title='bbox 1908 563 1985 623; x_wconf 87' lang='lat' dir='ltr'><strong>stu-</strong></span> 
     </span>
     <span class='ocr_line' id='line_1_4' title="bbox 323 657 1987 735; baseline -0.001 -13"><span class='ocrx_word' id='word_1_36' title='bbox 323 657 465 723; x_wconf 85' lang='lat' dir='ltr'><strong>titudine</strong></span> <span class='ocrx_word' id='word_1_37' title='bbox 480 659 660 722; x_wconf 82' lang='lat' dir='ltr'><strong>intuentur.</strong></span> <span class='ocrx_word' id='word_1_38' title='bbox 686 661 778 721; x_wconf 84' lang='lat' dir='ltr'><strong>Tunc</strong></span> <span class='ocrx_word' id='word_1_39' title='bbox 793 659 882 721; x_wconf 90' lang='lat' dir='ltr'><strong>enim</strong></span> <span class='ocrx_word' id='word_1_40' title='bbox 897 659 983 722; x_wconf 86' lang='lat' dir='ltr'><strong>lacis</strong></span> <span class='ocrx_word' id='word_1_41' title='bbox 1006 661 1047 722; x_wconf 89' lang='lat' dir='ltr'><strong>ad</strong></span> <span class='ocrx_word' id='word_1_42' title='bbox 1066 661 1120 722; x_wconf 89' lang='lat' dir='ltr'><strong>la·</strong></span> <span class='ocrx_word' id='word_1_43' title='bbox 1176 659 1274 721; x_wconf 86' lang='lat' dir='ltr'><strong>deant</strong></span> <span class='ocrx_word' id='word_1_44' title='bbox 1292 659 1446 721; x_wconf 87' lang='lat' dir='ltr'><strong>dedicare</strong></span> <span class='ocrx_word' id='word_1_45' title='bbox 1471 679 1479 719; x_wconf 73' lang='grc' dir='ltr'><strong><em>ε</em></strong></span> <span class='ocrx_word' id='word_1_46' title='bbox 1513 663 1576 734; x_wconf 80' lang='lat' dir='ltr'><strong>Vos</strong></span> <span class='ocrx_word' id='word_1_47' title='bbox 1594 663 1654 735; x_wconf 85' lang='lat' dir='ltr'><strong>qut</strong></span> <span class='ocrx_word' id='word_1_48' title='bbox 1680 660 1871 721; x_wconf 77' lang='lat' dir='ltr'><strong>transituri</strong></span> <span class='ocrx_word' id='word_1_49' title='bbox 1900 661 1987 721; x_wconf 80' lang='lat' dir='ltr'><strong>estis</strong></span> 
     </span>
     <span class='ocr_line' id='line_1_5' title="bbox 323 757 1985 835; baseline -0.001 -16"><span class='ocrx_word' id='word_1_50' title='bbox 323 759 409 819; x_wconf 88' lang='lat' dir='ltr'><strong>ciem</strong></span> <span class='ocrx_word' id='word_1_51' title='bbox 428 759 568 835; x_wconf 82' lang='lat' dir='ltr'><strong>gloriam</strong></span> <span class='ocrx_word' id='word_1_52' title='bbox 592 757 778 820; x_wconf 87' lang='lat' dir='ltr'><strong>videbimus</strong></span> <span class='ocrx_word' id='word_1_53' title='bbox 804 758 1001 821; x_wconf 80' lang='lat' dir='ltr'><strong>conditoris.</strong></span> <span class='ocrx_word' id='word_1_54' title='bbox 1028 759 1120 821; x_wconf 84' lang='lat' dir='ltr'><strong>Unde</strong></span> <span class='ocrx_word' id='word_1_55' title='bbox 1174 759 1399 819; x_wconf 74' lang='lat' dir='ltr'><strong>dordonam...</strong></span> <span class='ocrx_word' id='word_1_56' title='bbox 1425 757 1581 820; x_wconf 77' lang='lat' dir='ltr'><strong>iordanis</strong></span> <span class='ocrx_word' id='word_1_57' title='bbox 1602 757 1783 819; x_wconf 89' lang='lat' dir='ltr'><strong>secundum</strong></span> <span class='ocrx_word' id='word_1_58' title='bbox 1804 757 1985 833; x_wconf 76' lang='lat' dir='ltr'><strong>Hierony-</strong></span> 
     </span>
     <span class='ocr_line' id='line_1_6' title="bbox 324 853 1987 935; baseline -0.001 -17"><span class='ocrx_word' id='word_1_59' title='bbox 324 857 449 918; x_wconf 88' lang='lat' dir='ltr'><strong>Paulus</strong></span> <span class='ocrx_word' id='word_1_60' title='bbox 462 857 652 935; x_wconf 90' lang='lat' dir='ltr'><strong>apostolus:</strong></span> <span class='ocrx_word' id='word_1_61' title='bbox 675 860 834 920; x_wconf 75' lang='lat' dir='ltr'><strong>Videmus</strong></span> <span class='ocrx_word' id='word_1_62' title='bbox 852 873 943 919; x_wconf 79' lang='lat' dir='ltr'><strong>nuuc</strong></span> <span class='ocrx_word' id='word_1_63' title='bbox 955 873 1021 932; x_wconf 79' lang='lat' dir='ltr'><strong>per</strong></span> <span class='ocrx_word' id='word_1_64' title='bbox 1038 873 1119 934; x_wconf 85' lang='lat' dir='ltr'><strong>spe·</strong></span> <span class='ocrx_word' id='word_1_65' title='bbox 1175 871 1265 916; x_wconf 89' lang='lat' dir='ltr'><strong>mum</strong></span> <span class='ocrx_word' id='word_1_66' title='bbox 1290 855 1528 932; x_wconf 87' lang='lat' dir='ltr'><strong>interpretatur</strong></span> <span class='ocrx_word' id='word_1_67' title='bbox 1542 853 1717 917; x_wconf 80' lang='lat' dir='ltr'><strong>descensio</strong></span> <span class='ocrx_word' id='word_1_68' title='bbox 1732 871 1859 928; x_wconf 89' lang='lat' dir='ltr'><strong>eorum,</strong></span> <span class='ocrx_word' id='word_1_69' title='bbox 1881 854 1987 916; x_wconf 91' lang='lat' dir='ltr'><strong>vide-</strong></span> 
     </span>
     <span class='ocr_line' id='line_1_7' title="bbox 322 952 1986 1032; baseline -0.003 -15"><span class='ocrx_word' id='word_1_70' title='bbox 322 959 436 1017; x_wconf 78' lang='lat' dir='ltr'><strong>culum</strong></span> <span class='ocrx_word' id='word_1_71' title='bbox 456 959 495 1016; x_wconf 81' lang='lat' dir='ltr'><strong>tn</strong></span> <span class='ocrx_word' id='word_1_72' title='bbox 515 957 711 1032; x_wconf 69' lang='lat' dir='ltr'><strong>(enigmate,</strong></span> <span class='ocrx_word' id='word_1_73' title='bbox 728 956 809 1017; x_wconf 82' lang='lat' dir='ltr'><strong>tunc</strong></span> <span class='ocrx_word' id='word_1_74' title='bbox 829 957 949 1018; x_wconf 76' lang='lat' dir='ltr'><strong>uadem</strong></span> <span class='ocrx_word' id='word_1_75' title='bbox 967 959 1055 1031; x_wconf 77' lang='lat' dir='ltr'><strong>focio</strong></span> <span class='ocrx_word' id='word_1_76' title='bbox 1075 957 1121 1017; x_wconf 84' lang='lat' dir='ltr'><strong>ad</strong></span> <span class='ocrx_word' id='word_1_77' title='bbox 1176 952 1254 1014; x_wconf 87' lang='lat' dir='ltr'><strong>licet</strong></span> <span class='ocrx_word' id='word_1_78' title='bbox 1267 952 1449 1025; x_wconf 91' lang='lat' dir='ltr'><strong>hominum,</strong></span> <span class='ocrx_word' id='word_1_79' title='bbox 1466 955 1499 1014; x_wconf 92' lang='lat' dir='ltr'><strong>et</strong></span> <span class='ocrx_word' id='word_1_80' title='bbox 1513 953 1679 1029; x_wconf 82' lang='lat' dir='ltr'><strong>significat</strong></span> <span class='ocrx_word' id='word_1_81' title='bbox 1691 953 1850 1014; x_wconf 90' lang='lat' dir='ltr'><strong>mundum</strong></span> <span class='ocrx_word' id='word_1_82' title='bbox 1864 953 1986 1024; x_wconf 89' lang='lat' dir='ltr'><strong>istum,</strong></span> 
     </span>
     <span class='ocr_line' id='line_1_8' title="bbox 321 1050 2030 1133; baseline -0.002 -19"><span class='ocrx_word' id='word_1_83' title='bbox 321 1053 449 1128; x_wconf 74' lang='lat' dir='ltr'><strong>sociem</strong></span> <span class='ocrx_word' id='word_1_84' title='bbox 463 1050 578 1133; x_wconf 84' lang='lat' dir='ltr'><strong>(icor.</strong></span> <span class='ocrx_word' id='word_1_85' title='bbox 594 1051 1005 1133; x_wconf 77' lang='lat' dir='ltr'><strong>1111,12).Etioannesin</strong></span> <span class='ocrx_word' id='word_1_86' title='bbox 1025 1053 1123 1131; x_wconf 83' lang='lat' dir='ltr'><strong>Epis-</strong></span> <span class='ocrx_word' id='word_1_87' title='bbox 1176 1050 1233 1127; x_wconf 92' lang='lat' dir='ltr'><strong>qui</strong></span> <span class='ocrx_word' id='word_1_88' title='bbox 1248 1050 1395 1128; x_wconf 82' lang='lat' dir='ltr'><strong>quotidie</strong></span> <span class='ocrx_word' id='word_1_89' title='bbox 1408 1050 1579 1112; x_wconf 86' lang='lat' dir='ltr'><strong>descendit</strong></span> <span class='ocrx_word' id='word_1_90' title='bbox 1606 1051 1639 1113; x_wconf 88' lang='lat' dir='ltr'><strong>at</strong></span> <span class='ocrx_word' id='word_1_91' title='bbox 1659 1065 1841 1128; x_wconf 85' lang='lat' dir='ltr'><strong>numquam</strong></span> <span class='ocrx_word' id='word_1_92' title='bbox 1858 1063 1989 1111; x_wconf 86' lang='lat' dir='ltr'><strong>ascen·</strong></span> <span class='ocrx_word' id='word_1_93' title='bbox 2026 1087 2030 1098; x_wconf 88' lang='lat'>·</span> 
     </span>
     <span class='ocr_line' id='line_1_9' title="bbox 323 1145 1989 1242; baseline -0.002 -30"><span class='ocrx_word' id='word_1_94' title='bbox 323 1149 393 1212; x_wconf 90' lang='lat' dir='ltr'><strong>tola</strong></span> <span class='ocrx_word' id='word_1_95' title='bbox 409 1173 417 1212; x_wconf 76' lang='grc' dir='ltr'>ι</span> <span class='ocrx_word' id='word_1_96' title='bbox 432 1155 518 1214; x_wconf 82' lang='lat' dir='ltr'><strong>Cum</strong></span> <span class='ocrx_word' id='word_1_97' title='bbox 536 1154 752 1227; x_wconf 70' lang='lat' dir='ltr'><strong>appareant,</strong></span> <span class='ocrx_word' id='word_1_98' title='bbox 777 1155 908 1215; x_wconf 80' lang='lat' dir='ltr'><strong>similes</strong></span> <span class='ocrx_word' id='word_1_99' title='bbox 929 1155 962 1214; x_wconf 85' lang='lat' dir='ltr'><strong>et</strong></span> <span class='ocrx_word' id='word_1_100' title='bbox 976 1153 1119 1224; x_wconf 65' lang='lat' dir='ltr'><strong>emmas,</strong></span> <span class='ocrx_word' id='word_1_101' title='bbox 1176 1147 1235 1216; x_wconf 87' lang='lat' dir='ltr'><strong>dit,</strong></span> <span class='ocrx_word' id='word_1_102' title='bbox 1260 1147 1293 1209; x_wconf 89' lang='lat' dir='ltr'><strong>et</strong></span> <span class='ocrx_word' id='word_1_103' title='bbox 1319 1148 1375 1225; x_wconf 89' lang='lat' dir='ltr'><strong>qui</strong></span> <span class='ocrx_word' id='word_1_104' title='bbox 1396 1163 1529 1224; x_wconf 89' lang='lat' dir='ltr'><strong>semper</strong></span> <span class='ocrx_word' id='word_1_105' title='bbox 1551 1145 1626 1210; x_wconf 85' lang='lat' dir='ltr'><strong>fluit</strong></span> <span class='ocrx_word' id='word_1_106' title='bbox 1646 1147 1828 1242; x_wconf 81' lang='lat' dir='ltr'><strong>seeundum</strong></span> <span class='ocrx_word' id='word_1_107' title='bbox 1850 1162 1989 1208; x_wconf 88' lang='lat' dir='ltr'><strong>morem</strong></span> 
     </span>
     <span class='ocr_line' id='line_1_10' title="bbox 323 1245 1988 1328; baseline -0.004 -18"><span class='ocrx_word' id='word_1_108' title='bbox 323 1253 485 1323; x_wconf 75' lang='lat' dir='ltr'><strong>quonlam</strong></span> <span class='ocrx_word' id='word_1_109' title='bbox 500 1253 688 1312; x_wconf 69' lang='lat' dir='ltr'><strong>ametimos</strong></span> <span class='ocrx_word' id='word_1_110' title='bbox 702 1261 783 1312; x_wconf 81' lang='lat' dir='ltr'><strong>eum</strong></span> <span class='ocrx_word' id='word_1_111' title='bbox 796 1251 898 1312; x_wconf 76' lang='lat' dir='ltr'><strong>sicuti</strong></span> <span class='ocrx_word' id='word_1_112' title='bbox 914 1249 968 1312; x_wconf 85' lang='lat' dir='ltr'><strong>est</strong></span> <span class='ocrx_word' id='word_1_113' title='bbox 981 1246 1011 1328; x_wconf 92' lang='grc' dir='ltr'><strong>(Ι</strong></span> <span class='ocrx_word' id='word_1_114' title='bbox 1024 1252 1119 1312; x_wconf 87' lang='lat' dir='ltr'><strong>Joan.</strong></span> <span class='ocrx_word' id='word_1_115' title='bbox 1176 1245 1309 1308; x_wconf 87' lang='lat' dir='ltr'><strong>liuentis</strong></span> <span class='ocrx_word' id='word_1_116' title='bbox 1336 1258 1430 1323; x_wconf 83' lang='lat' dir='ltr'><strong>aquae</strong></span> <span class='ocrx_word' id='word_1_117' title='bbox 1459 1246 1492 1307; x_wconf 89' lang='lat' dir='ltr'><strong>et</strong></span> <span class='ocrx_word' id='word_1_118' title='bbox 1515 1245 1648 1307; x_wconf 85' lang='lat' dir='ltr'><strong>labitur.</strong></span> <span class='ocrx_word' id='word_1_119' title='bbox 1675 1245 1770 1308; x_wconf 88' lang='lat' dir='ltr'><strong>Unde</strong></span> <span class='ocrx_word' id='word_1_120' title='bbox 1794 1245 1928 1321; x_wconf 87' lang='lat' dir='ltr'><strong>legitur</strong></span> <span class='ocrx_word' id='word_1_121' title='bbox 1953 1245 1988 1305; x_wconf 91' lang='lat' dir='ltr'><strong>in</strong></span> 
     </span>
     <span class='ocr_line' id='line_1_11' title="bbox 323 1343 1990 1424; baseline -0.001 -18"><span class='ocrx_word' id='word_1_122' title='bbox 323 1347 374 1419; x_wconf 88' lang='lat' dir='ltr'><strong>ul,</strong></span> <span class='ocrx_word' id='word_1_123' title='bbox 389 1344 435 1424; x_wconf 80' lang='lat'><strong>2).</strong></span> <span class='ocrx_word' id='word_1_124' title='bbox 452 1346 545 1409; x_wconf 93' lang='lat' dir='ltr'><strong>Unde</strong></span> <span class='ocrx_word' id='word_1_125' title='bbox 560 1347 665 1410; x_wconf 87' lang='lat' dir='ltr'><strong>David</strong></span> <span class='ocrx_word' id='word_1_126' title='bbox 683 1369 690 1408; x_wconf 91' lang='lat'><strong>:</strong></span> <span class='ocrx_word' id='word_1_127' title='bbox 707 1347 876 1421; x_wconf 73' lang='lat' dir='ltr'><strong>satiator,</strong></span> <span class='ocrx_word' id='word_1_128' title='bbox 898 1349 979 1410; x_wconf 83' lang='lat' dir='ltr'><strong>dum</strong></span> <span class='ocrx_word' id='word_1_129' title='bbox 1002 1349 1121 1410; x_wconf 82' lang='lat' dir='ltr'><strong>munt·</strong></span> <span class='ocrx_word' id='word_1_130' title='bbox 1176 1343 1262 1405; x_wconf 93' lang='lat' dir='ltr'><strong>lihro</strong></span> <span class='ocrx_word' id='word_1_131' title='bbox 1277 1346 1415 1420; x_wconf 80' lang='lat' dir='ltr'><strong>Regum,</strong></span> <span class='ocrx_word' id='word_1_132' title='bbox 1430 1343 1517 1421; x_wconf 90' lang='lat' dir='ltr'><strong>quod</strong></span> <span class='ocrx_word' id='word_1_133' title='bbox 1540 1343 1691 1422; x_wconf 79' lang='lat' dir='ltr'><strong>quaedam</strong></span> <span class='ocrx_word' id='word_1_134' title='bbox 1708 1344 1843 1421; x_wconf 89' lang='lat' dir='ltr'><strong>sapiens</strong></span> <span class='ocrx_word' id='word_1_135' title='bbox 1858 1343 1990 1404; x_wconf 90' lang='lat' dir='ltr'><strong>mulier</strong></span> 
     </span>
     <span class='ocr_line' id='line_1_12' title="bbox 321 1439 1988 1521; baseline -0.002 -18"><span class='ocrx_word' id='word_1_136' title='bbox 321 1443 506 1518; x_wconf 70' lang='lat' dir='ltr'><strong>testabitur</strong></span> <span class='ocrx_word' id='word_1_137' title='bbox 517 1449 628 1521; x_wconf 75' lang='lat' dir='ltr'><strong>glorta</strong></span> <span class='ocrx_word' id='word_1_138' title='bbox 644 1445 715 1506; x_wconf 80' lang='lat' dir='ltr'><strong>tuo.</strong></span> <span class='ocrx_word' id='word_1_139' title='bbox 1177 1440 1217 1500; x_wconf 89' lang='lat' dir='ltr'><strong>ad</strong></span> <span class='ocrx_word' id='word_1_140' title='bbox 1246 1440 1351 1501; x_wconf 86' lang='lat' dir='ltr'><strong>David</strong></span> <span class='ocrx_word' id='word_1_141' title='bbox 1377 1440 1425 1502; x_wconf 91' lang='lat' dir='ltr'><strong>ait</strong></span> <span class='ocrx_word' id='word_1_142' title='bbox 1445 1443 1593 1504; x_wconf 81' lang='lat' dir='ltr'><strong>:Omnes</strong></span> <span class='ocrx_word' id='word_1_143' title='bbox 1615 1443 1799 1513; x_wconf 64' lang='lat' dir='ltr'><strong>nwnmur,</strong></span> <span class='ocrx_word' id='word_1_144' title='bbox 1830 1439 1866 1502; x_wconf 83' lang='lat' dir='ltr'><strong>et</strong></span> <span class='ocrx_word' id='word_1_145' title='bbox 1893 1440 1988 1501; x_wconf 76' lang='lat' dir='ltr'><strong>sicut</strong></span> 
     </span>
    </p>
   </div>
   <div class='ocr_carea' id='block_1_3' title="bbox 364 1533 2081 1618">
    <p class='ocr_par' dir='ltr' id='par_1_3' title="bbox 364 1533 2081 1618">
     <span class='ocr_line' id='line_1_13' title="bbox 364 1533 2081 1618; baseline -0.003 -17"><span class='ocrx_word' id='word_1_146' title='bbox 364 1541 428 1602; x_wconf 86' lang='lat' dir='ltr'><strong>Sed</strong></span> <span class='ocrx_word' id='word_1_147' title='bbox 441 1542 654 1618; x_wconf 80' lang='lat' dir='ltr'><strong>quaerendum</strong></span> <span class='ocrx_word' id='word_1_148' title='bbox 670 1542 730 1614; x_wconf 90' lang='lat' dir='ltr'><strong>est,</strong></span> <span class='ocrx_word' id='word_1_149' title='bbox 743 1554 846 1618; x_wconf 89' lang='lat' dir='ltr'><strong>quare</strong></span> <span class='ocrx_word' id='word_1_150' title='bbox 860 1540 991 1603; x_wconf 89' lang='lat' dir='ltr'><strong>dicatur</strong></span> <span class='ocrx_word' id='word_1_151' title='bbox 999 1541 1122 1603; x_wconf 90' lang='lat' dir='ltr'><strong>vidisse</strong></span> <span class='ocrx_word' id='word_1_152' title='bbox 1176 1553 1276 1613; x_wconf 81' lang='lat' dir='ltr'><strong>uquoe</strong></span> <span class='ocrx_word' id='word_1_153' title='bbox 1287 1541 1471 1601; x_wconf 77' lang='lat' dir='ltr'><strong>diludimur</strong></span> <span class='ocrx_word' id='word_1_154' title='bbox 1482 1541 1519 1599; x_wconf 80' lang='lat' dir='ltr'><strong>iu</strong></span> <span class='ocrx_word' id='word_1_155' title='bbox 1531 1539 1676 1611; x_wconf 79' lang='lat' dir='ltr'><strong>terram,</strong></span> <span class='ocrx_word' id='word_1_156' title='bbox 1686 1553 1763 1612; x_wconf 81' lang='lat' dir='ltr'><strong>quoe</strong></span> <span class='ocrx_word' id='word_1_157' title='bbox 1774 1551 1844 1599; x_wconf 80' lang='lat' dir='ltr'><strong>uon</strong></span> <span class='ocrx_word' id='word_1_158' title='bbox 1860 1551 1989 1599; x_wconf 81' lang='lat' dir='ltr'><strong>rever·</strong></span> <span class='ocrx_word' id='word_1_159' title='bbox 2080 1533 2081 1536; x_wconf 73' lang='grc'>’</span> 
     </span>
    </p>
   </div>
   <div class='ocr_carea' id='block_1_4' title="bbox 322 1633 1986 4452">
    <p class='ocr_par' dir='ltr' id='par_1_4' title="bbox 322 1633 1986 2402">
     <span class='ocr_line' id='line_1_14' title="bbox 323 1633 1986 1715; baseline -0.005 -12"><span class='ocrx_word' id='word_1_160' title='bbox 323 1637 427 1703; x_wconf 84' lang='lat' dir='ltr'><strong>lacoh</strong></span> <span class='ocrx_word' id='word_1_161' title='bbox 442 1639 478 1699; x_wconf 91' lang='lat' dir='ltr'><strong>in</strong></span> <span class='ocrx_word' id='word_1_162' title='bbox 494 1639 644 1700; x_wconf 88' lang='lat' dir='ltr'><strong>somniis.</strong></span> <span class='ocrx_word' id='word_1_163' title='bbox 661 1641 736 1702; x_wconf 88' lang='lat' dir='ltr'><strong>Non</strong></span> <span class='ocrx_word' id='word_1_164' title='bbox 748 1640 837 1701; x_wconf 89' lang='lat' dir='ltr'><strong>enim</strong></span> <span class='ocrx_word' id='word_1_165' title='bbox 854 1639 926 1701; x_wconf 88' lang='lat' dir='ltr'><strong>sine</strong></span> <span class='ocrx_word' id='word_1_166' title='bbox 939 1655 1040 1701; x_wconf 90' lang='lat' dir='ltr'><strong>causa</strong></span> <span class='ocrx_word' id='word_1_167' title='bbox 1054 1640 1121 1702; x_wconf 87' lang='lat' dir='ltr'><strong>tam</strong></span> <span class='ocrx_word' id='word_1_168' title='bbox 1178 1633 1641 1715; x_wconf 77' lang='lat' dir='ltr'><strong>tontur(11ueg.11v,14).1n</strong></span> <span class='ocrx_word' id='word_1_169' title='bbox 1656 1635 1779 1696; x_wconf 91' lang='lat' dir='ltr'><strong>mundo</strong></span> <span class='ocrx_word' id='word_1_170' title='bbox 1792 1636 1856 1696; x_wconf 87' lang='lat' dir='ltr'><strong>ista</strong></span> <span class='ocrx_word' id='word_1_171' title='bbox 1866 1635 1986 1696; x_wconf 90' lang='lat' dir='ltr'><strong>omnia</strong></span> 
     </span>
     <span class='ocr_line' id='line_1_15' title="bbox 324 1731 1986 1816; baseline -0.001 -20"><span class='ocrx_word' id='word_1_172' title='bbox 324 1735 498 1812; x_wconf 89' lang='lat' dir='ltr'><strong>signanter</strong></span> <span class='ocrx_word' id='word_1_173' title='bbox 507 1736 640 1799; x_wconf 90' lang='lat' dir='ltr'><strong>additur</strong></span> <span class='ocrx_word' id='word_1_174' title='bbox 653 1742 690 1799; x_wconf 82' lang='lat' dir='ltr'><strong>tu</strong></span> <span class='ocrx_word' id='word_1_175' title='bbox 704 1739 859 1800; x_wconf 75' lang='lat' dir='ltr'><strong>somniis.</strong></span> <span class='ocrx_word' id='word_1_176' title='bbox 873 1737 1023 1816; x_wconf 90' lang='lat' dir='ltr'><strong>Quinque</strong></span> <span class='ocrx_word' id='word_1_177' title='bbox 1033 1738 1121 1798; x_wconf 92' lang='lat' dir='ltr'><strong>enim</strong></span> <span class='ocrx_word' id='word_1_178' title='bbox 1177 1734 1347 1796; x_wconf 81' lang='lat' dir='ltr'><strong>nascentia</strong></span> <span class='ocrx_word' id='word_1_179' title='bbox 1371 1733 1569 1806; x_wconf 90' lang='lat' dir='ltr'><strong>moriuntur,</strong></span> <span class='ocrx_word' id='word_1_180' title='bbox 1599 1733 1743 1811; x_wconf 90' lang='lat' dir='ltr'><strong>quiade</strong></span> <span class='ocrx_word' id='word_1_181' title='bbox 1769 1732 1862 1794; x_wconf 88' lang='lat' dir='ltr'><strong>terra</strong></span> <span class='ocrx_word' id='word_1_182' title='bbox 1894 1731 1986 1794; x_wconf 82' lang='lat' dir='ltr'><strong>iacta</strong></span> 
     </span>
     <span class='ocr_line' id='line_1_16' title="bbox 324 1828 1983 1913; baseline -0.002 -19"><span class='ocrx_word' id='word_1_183' title='bbox 324 1833 430 1896; x_wconf 88' lang='lat' dir='ltr'><strong>modis</strong></span> <span class='ocrx_word' id='word_1_184' title='bbox 449 1836 587 1898; x_wconf 81' lang='lat' dir='ltr'><strong>venatur</strong></span> <span class='ocrx_word' id='word_1_185' title='bbox 610 1834 769 1913; x_wconf 88' lang='lat' dir='ltr'><strong>quidquid</strong></span> <span class='ocrx_word' id='word_1_186' title='bbox 791 1828 946 1897; x_wconf 87' lang='lat' dir='ltr'><strong>viderunt</strong></span> <span class='ocrx_word' id='word_1_187' title='bbox 971 1835 1122 1897; x_wconf 86' lang='lat' dir='ltr'><strong>homines</strong></span> <span class='ocrx_word' id='word_1_188' title='bbox 1177 1831 1254 1893; x_wconf 89' lang='lat' dir='ltr'><strong>sunt</strong></span> <span class='ocrx_word' id='word_1_189' title='bbox 1263 1832 1387 1905; x_wconf 89' lang='lat' dir='ltr'><strong>omnia,</strong></span> <span class='ocrx_word' id='word_1_190' title='bbox 1398 1833 1431 1893; x_wconf 89' lang='lat' dir='ltr'><strong>et</strong></span> <span class='ocrx_word' id='word_1_191' title='bbox 1440 1832 1475 1892; x_wconf 90' lang='lat' dir='ltr'><strong>in</strong></span> <span class='ocrx_word' id='word_1_192' title='bbox 1483 1832 1607 1893; x_wconf 89' lang='lat' dir='ltr'><strong>terram</strong></span> <span class='ocrx_word' id='word_1_193' title='bbox 1615 1831 1741 1908; x_wconf 91' lang='lat' dir='ltr'><strong>pariter</strong></span> <span class='ocrx_word' id='word_1_194' title='bbox 1750 1831 1983 1901; x_wconf 86' lang='lat' dir='ltr'><strong>revertuntur,</strong></span> 
     </span>
     <span class='ocr_line' id='line_1_17' title="bbox 323 1927 1986 1996; baseline -0.001 -5"><span class='ocrx_word' id='word_1_195' title='bbox 323 1929 529 1995; x_wconf 91' lang='lat' dir='ltr'><strong>dormiendo.</strong></span> <span class='ocrx_word' id='word_1_196' title='bbox 545 1934 611 1994; x_wconf 83' lang='lat' dir='ltr'><strong>Aut</strong></span> <span class='ocrx_word' id='word_1_197' title='bbox 626 1933 715 1994; x_wconf 91' lang='lat' dir='ltr'><strong>enim</strong></span> <span class='ocrx_word' id='word_1_198' title='bbox 739 1933 790 1994; x_wconf 90' lang='lat' dir='ltr'><strong>est</strong></span> <span class='ocrx_word' id='word_1_199' title='bbox 804 1933 968 1994; x_wconf 90' lang='lat' dir='ltr'><strong>somnium</strong></span> <span class='ocrx_word' id='word_1_200' title='bbox 983 1935 1041 1996; x_wconf 91' lang='lat' dir='ltr'><strong>aut</strong></span> <span class='ocrx_word' id='word_1_201' title='bbox 1063 1933 1121 1995; x_wconf 90' lang='lat' dir='ltr'><strong>in·</strong></span> <span class='ocrx_word' id='word_1_202' title='bbox 1178 1929 1358 1991; x_wconf 89' lang='lat' dir='ltr'><strong>secundum</strong></span> <span class='ocrx_word' id='word_1_203' title='bbox 1384 1929 1467 1990; x_wconf 90' lang='lat' dir='ltr'><strong>lllud</strong></span> <span class='ocrx_word' id='word_1_204' title='bbox 1500 1927 1686 1991; x_wconf 83' lang='lat' dir='ltr'><strong>Salomonis</strong></span> <span class='ocrx_word' id='word_1_205' title='bbox 1714 1947 1722 1985; x_wconf 83' lang='grc' dir='ltr'>ι</span> <span class='ocrx_word' id='word_1_206' title='bbox 1756 1932 1830 1990; x_wconf 84' lang='lat' dir='ltr'><strong>tht</strong></span> <span class='ocrx_word' id='word_1_207' title='bbox 1853 1929 1986 1990; x_wconf 75' lang='lat' dir='ltr'><strong>marceto</strong></span> 
     </span>
     <span class='ocr_line' id='line_1_18' title="bbox 325 2025 1986 2107; baseline -0.002 -18"><span class='ocrx_word' id='word_1_208' title='bbox 325 2030 503 2100; x_wconf 86' lang='lat' dir='ltr'><strong>somnium,</strong></span> <span class='ocrx_word' id='word_1_209' title='bbox 520 2031 578 2092; x_wconf 88' lang='lat' dir='ltr'><strong>aut</strong></span> <span class='ocrx_word' id='word_1_210' title='bbox 589 2031 795 2107; x_wconf 85' lang='lat' dir='ltr'><strong>phantasma,</strong></span> <span class='ocrx_word' id='word_1_211' title='bbox 809 2031 972 2103; x_wconf 89' lang='lat' dir='ltr'><strong>autvislo,</strong></span> <span class='ocrx_word' id='word_1_212' title='bbox 984 2032 1042 2092; x_wconf 91' lang='lat' dir='ltr'><strong>aut</strong></span> <span class='ocrx_word' id='word_1_213' title='bbox 1052 2047 1124 2092; x_wconf 87' lang='lat' dir='ltr'><strong>ora·</strong></span> <span class='ocrx_word' id='word_1_214' title='bbox 1177 2041 1254 2100; x_wconf 64' lang='lat' dir='ltr'><strong>quaa</strong></span> <span class='ocrx_word' id='word_1_215' title='bbox 1262 2027 1349 2099; x_wconf 74' lang='lat' dir='ltr'><strong>dunt</strong></span> <span class='ocrx_word' id='word_1_216' title='bbox 1363 2027 1512 2099; x_wconf 70' lang='lat' dir='ltr'><strong>sabaoh,</strong></span> <span class='ocrx_word' id='word_1_217' title='bbox 1526 2028 1644 2089; x_wconf 84' lang='lat' dir='ltr'><strong>eteece</strong></span> <span class='ocrx_word' id='word_1_218' title='bbox 1658 2030 1825 2090; x_wconf 67' lang='lat' dir='ltr'><strong>uniuerso</strong></span> <span class='ocrx_word' id='word_1_219' title='bbox 1838 2025 1986 2088; x_wconf 73' lang='lat' dir='ltr'><strong>vastitas</strong></span> 
     </span>
     <span class='ocr_line' id='line_1_19' title="bbox 324 2125 1986 2206; baseline -0.002 -18"><span class='ocrx_word' id='word_1_220' title='bbox 324 2127 627 2190; x_wconf 85' lang='lat' dir='ltr'><strong>culum.somnium</strong></span> <span class='ocrx_word' id='word_1_221' title='bbox 636 2129 686 2190; x_wconf 86' lang='lat' dir='ltr'><strong>est</strong></span> <span class='ocrx_word' id='word_1_222' title='bbox 695 2129 856 2191; x_wconf 81' lang='lat' dir='ltr'><strong>revelatio</strong></span> <span class='ocrx_word' id='word_1_223' title='bbox 866 2129 1123 2206; x_wconf 84' lang='lat' dir='ltr'><strong>quaedamplena</strong></span> <span class='ocrx_word' id='word_1_224' title='bbox 1177 2125 1210 2186; x_wconf 87' lang='lat' dir='ltr'><strong>et</strong></span> <span class='ocrx_word' id='word_1_225' title='bbox 1225 2125 1367 2199; x_wconf 72' lang='lat' dir='ltr'><strong>afflictio</strong></span> <span class='ocrx_word' id='word_1_226' title='bbox 1381 2126 1539 2199; x_wconf 80' lang='lat' dir='ltr'><strong>spiritus,</strong></span> <span class='ocrx_word' id='word_1_227' title='bbox 1548 2125 1583 2186; x_wconf 85' lang='lat' dir='ltr'><strong>et</strong></span> <span class='ocrx_word' id='word_1_228' title='bbox 1595 2127 1756 2187; x_wconf 76' lang='lat' dir='ltr'><strong>uldiutlutl</strong></span> <span class='ocrx_word' id='word_1_229' title='bbox 1765 2137 1986 2198; x_wconf 63' lang='lat' dir='ltr'><strong>pwumncrc</strong></span> 
     </span>
     <span class='ocr_line' id='line_1_20' title="bbox 325 2220 1985 2304; baseline -0.002 -19"><span class='ocrx_word' id='word_1_230' title='bbox 325 2224 629 2302; x_wconf 88' lang='lat' dir='ltr'><strong>supercoelestibus</strong></span> <span class='ocrx_word' id='word_1_231' title='bbox 645 2227 879 2299; x_wconf 80' lang='lat' dir='ltr'><strong>sacramentis,</strong></span> <span class='ocrx_word' id='word_1_232' title='bbox 905 2226 938 2288; x_wconf 90' lang='lat' dir='ltr'><strong>et</strong></span> <span class='ocrx_word' id='word_1_233' title='bbox 956 2227 1123 2304; x_wconf 89' lang='lat' dir='ltr'><strong>mysteriis</strong></span> <span class='ocrx_word' id='word_1_234' title='bbox 1177 2225 1238 2284; x_wconf 84' lang='lat' dir='ltr'><strong>sud</strong></span> <span class='ocrx_word' id='word_1_235' title='bbox 1260 2227 1330 2285; x_wconf 86' lang='lat' dir='ltr'><strong>sole</strong></span> <span class='ocrx_word' id='word_1_236' title='bbox 1356 2220 1458 2300; x_wconf 83' lang='lat' dir='ltr'><strong>(Eccl.</strong></span> <span class='ocrx_word' id='word_1_237' title='bbox 1486 2223 1510 2294; x_wconf 90' lang='lat' dir='ltr'><strong>i,</strong></span> <span class='ocrx_word' id='word_1_238' title='bbox 1538 2223 1600 2298; x_wconf 80' lang='lat'><strong>143</strong></span> <span class='ocrx_word' id='word_1_239' title='bbox 1627 2225 1665 2294; x_wconf 89' lang='grc' dir='ltr'>)ι,</span> <span class='ocrx_word' id='word_1_240' title='bbox 1694 2220 1758 2300; x_wconf 82' lang='grc'>12).</span> <span class='ocrx_word' id='word_1_241' title='bbox 1788 2223 1858 2282; x_wconf 88' lang='lat' dir='ltr'><strong>Nos</strong></span> <span class='ocrx_word' id='word_1_242' title='bbox 1880 2221 1985 2282; x_wconf 88' lang='lat' dir='ltr'><strong>etiam</strong></span> 
     </span>
     <span class='ocr_line' id='line_1_21' title="bbox 322 2318 1953 2402; baseline -0.004 -18"><span class='ocrx_word' id='word_1_243' title='bbox 322 2322 517 2400; x_wconf 86' lang='lat' dir='ltr'><strong>allegorice,</strong></span> <span class='ocrx_word' id='word_1_244' title='bbox 542 2323 578 2385; x_wconf 89' lang='lat' dir='ltr'><strong>ut</strong></span> <span class='ocrx_word' id='word_1_245' title='bbox 599 2338 674 2384; x_wconf 93' lang='lat' dir='ltr'><strong>cum</strong></span> <span class='ocrx_word' id='word_1_246' title='bbox 697 2324 772 2402; x_wconf 89' lang='lat' dir='ltr'><strong>quis</strong></span> <span class='ocrx_word' id='word_1_247' title='bbox 798 2323 919 2386; x_wconf 89' lang='lat' dir='ltr'><strong>viderit</strong></span> <span class='ocrx_word' id='word_1_248' title='bbox 939 2324 980 2384; x_wconf 93' lang='lat' dir='ltr'><strong>de</strong></span> <span class='ocrx_word' id='word_1_249' title='bbox 995 2324 1079 2386; x_wconf 86' lang='lat' dir='ltr'><strong>coelo</strong></span> <span class='ocrx_word' id='word_1_250' title='bbox 1092 2325 1124 2386; x_wconf 91' lang='lat' dir='ltr'><strong>et</strong></span> <span class='ocrx_word' id='word_1_251' title='bbox 1177 2319 1242 2398; x_wconf 89' lang='lat' dir='ltr'><strong>ipsi</strong></span> <span class='ocrx_word' id='word_1_252' title='bbox 1258 2318 1407 2380; x_wconf 89' lang='lat' dir='ltr'><strong>homines</strong></span> <span class='ocrx_word' id='word_1_253' title='bbox 1420 2319 1507 2381; x_wconf 85' lang='lat' dir='ltr'><strong>sicui</strong></span> <span class='ocrx_word' id='word_1_254' title='bbox 1519 2320 1698 2392; x_wconf 85' lang='lat' dir='ltr'><strong>nascimur,</strong></span> <span class='ocrx_word' id='word_1_255' title='bbox 1713 2319 1760 2382; x_wconf 92' lang='lat' dir='ltr'><strong>ita</strong></span> <span class='ocrx_word' id='word_1_256' title='bbox 1773 2319 1953 2381; x_wconf 88' lang='lat' dir='ltr'><strong>morimur.</strong></span> 
     </span>
    </p>

    <p class='ocr_par' dir='ltr' id='par_1_5' title="bbox 323 2415 1986 4452">
     <span class='ocr_line' id='line_1_22' title="bbox 325 2415 1986 2497; baseline -0.004 -13"><span class='ocrx_word' id='word_1_257' title='bbox 325 2421 415 2484; x_wconf 86' lang='lat' dir='ltr'><strong>terra</strong></span> <span class='ocrx_word' id='word_1_258' title='bbox 428 2421 461 2483; x_wconf 90' lang='lat' dir='ltr'><strong>et</strong></span> <span class='ocrx_word' id='word_1_259' title='bbox 475 2421 515 2482; x_wconf 90' lang='lat' dir='ltr'><strong>de</strong></span> <span class='ocrx_word' id='word_1_260' title='bbox 530 2436 642 2483; x_wconf 89' lang='lat' dir='ltr'><strong>rerum</strong></span> <span class='ocrx_word' id='word_1_261' title='bbox 652 2421 881 2494; x_wconf 85' lang='lat' dir='ltr'><strong>universitate,</strong></span> <span class='ocrx_word' id='word_1_262' title='bbox 895 2421 981 2483; x_wconf 89' lang='lat' dir='ltr'><strong>sicut</strong></span> <span class='ocrx_word' id='word_1_263' title='bbox 995 2420 1123 2497; x_wconf 83' lang='lat' dir='ltr'><strong>somnia</strong></span> <span class='ocrx_word' id='word_1_264' title='bbox 1219 2417 1500 2479; x_wconf 84' lang='lat' dir='ltr'><strong>Considerandum</strong></span> <span class='ocrx_word' id='word_1_265' title='bbox 1519 2418 1570 2479; x_wconf 89' lang='lat' dir='ltr'><strong>est</strong></span> <span class='ocrx_word' id='word_1_266' title='bbox 1583 2415 1623 2479; x_wconf 92' lang='lat' dir='ltr'><strong>de</strong></span> <span class='ocrx_word' id='word_1_267' title='bbox 1640 2432 1705 2495; x_wconf 84' lang='lat' dir='ltr'><strong>quo</strong></span> <span class='ocrx_word' id='word_1_268' title='bbox 1720 2416 1827 2478; x_wconf 78' lang='lat' dir='ltr'><strong>laeuis</strong></span> <span class='ocrx_word' id='word_1_269' title='bbox 1842 2417 1899 2479; x_wconf 90' lang='lat' dir='ltr'><strong>est</strong></span> <span class='ocrx_word' id='word_1_270' title='bbox 1923 2416 1986 2478; x_wconf 92' lang='lat' dir='ltr'><strong>ho-</strong></span> 
     </span>
     <span class='ocr_line' id='line_1_23' title="bbox 324 2512 1984 2594; baseline -0.004 -14"><span class='ocrx_word' id='word_1_271' title='bbox 324 2517 450 2594; x_wconf 86' lang='lat' dir='ltr'><strong>Joseph</strong></span> <span class='ocrx_word' id='word_1_272' title='bbox 474 2519 508 2581; x_wconf 91' lang='lat' dir='ltr'><strong>et</strong></span> <span class='ocrx_word' id='word_1_273' title='bbox 530 2519 727 2592; x_wconf 88' lang='lat' dir='ltr'><strong>Pharaonis,</strong></span> <span class='ocrx_word' id='word_1_274' title='bbox 754 2519 1063 2582; x_wconf 86' lang='lat' dir='ltr'><strong>Nabuchodonosor</strong></span> <span class='ocrx_word' id='word_1_275' title='bbox 1092 2520 1125 2582; x_wconf 89' lang='lat' dir='ltr'><strong>et</strong></span> <span class='ocrx_word' id='word_1_276' title='bbox 1178 2529 1242 2588; x_wconf 91' lang='lat' dir='ltr'><strong>mo,</strong></span> <span class='ocrx_word' id='word_1_277' title='bbox 1255 2515 1334 2592; x_wconf 92' lang='lat' dir='ltr'><strong>quid</strong></span> <span class='ocrx_word' id='word_1_278' title='bbox 1345 2515 1447 2577; x_wconf 85' lang='lat' dir='ltr'><strong>lactat</strong></span> <span class='ocrx_word' id='word_1_279' title='bbox 1457 2515 1567 2588; x_wconf 91' lang='lat' dir='ltr'><strong>homo,</strong></span> <span class='ocrx_word' id='word_1_280' title='bbox 1584 2513 1662 2592; x_wconf 92' lang='lat' dir='ltr'><strong>quid</strong></span> <span class='ocrx_word' id='word_1_281' title='bbox 1673 2514 1804 2577; x_wconf 84' lang='lat' dir='ltr'><strong>iuturus</strong></span> <span class='ocrx_word' id='word_1_282' title='bbox 1814 2512 1984 2576; x_wconf 84' lang='lat' dir='ltr'><strong>sithomo.</strong></span> 
     </span>
     <span class='ocr_line' id='line_1_24' title="bbox 323 2613 1983 2695; baseline -0.003 -18"><span class='ocrx_word' id='word_1_283' title='bbox 323 2616 484 2677; x_wconf 83' lang='lat' dir='ltr'><strong>Danielis.</strong></span> <span class='ocrx_word' id='word_1_284' title='bbox 497 2617 701 2678; x_wconf 86' lang='lat' dir='ltr'><strong>insomnium</strong></span> <span class='ocrx_word' id='word_1_285' title='bbox 712 2616 763 2678; x_wconf 84' lang='lat' dir='ltr'><strong>est</strong></span> <span class='ocrx_word' id='word_1_286' title='bbox 781 2616 1053 2694; x_wconf 89' lang='lat' dir='ltr'><strong>illusioquaedam</strong></span> <span class='ocrx_word' id='word_1_287' title='bbox 1064 2633 1125 2695; x_wconf 89' lang='lat' dir='ltr'><strong>per</strong></span> <span class='ocrx_word' id='word_1_288' title='bbox 1180 2615 1267 2675; x_wconf 84' lang='lat' dir='ltr'><strong>Sane</strong></span> <span class='ocrx_word' id='word_1_289' title='bbox 1290 2613 1450 2674; x_wconf 82' lang='lat' dir='ltr'><strong>formatus</strong></span> <span class='ocrx_word' id='word_1_290' title='bbox 1474 2613 1525 2675; x_wconf 90' lang='lat' dir='ltr'><strong>est</strong></span> <span class='ocrx_word' id='word_1_291' title='bbox 1546 2613 1588 2674; x_wconf 94' lang='lat' dir='ltr'><strong>de</strong></span> <span class='ocrx_word' id='word_1_292' title='bbox 1607 2613 1709 2686; x_wconf 89' lang='lat' dir='ltr'><strong>terra,</strong></span> <span class='ocrx_word' id='word_1_293' title='bbox 1738 2615 1925 2688; x_wconf 85' lang='lat' dir='ltr'><strong>conceptus</strong></span> <span class='ocrx_word' id='word_1_294' title='bbox 1949 2613 1983 2672; x_wconf 91' lang='lat' dir='ltr'><strong>in</strong></span> 
     </span>
     <span class='ocr_line' id='line_1_25' title="bbox 325 2709 1982 2791; baseline -0.002 -17"><span class='ocrx_word' id='word_1_295' title='bbox 325 2713 491 2775; x_wconf 91' lang='lat' dir='ltr'><strong>somnium</strong></span> <span class='ocrx_word' id='word_1_296' title='bbox 514 2713 600 2776; x_wconf 86' lang='lat' dir='ltr'><strong>lacta</strong></span> <span class='ocrx_word' id='word_1_297' title='bbox 621 2729 641 2775; x_wconf 90' lang='lat' dir='ltr'><strong>a</strong></span> <span class='ocrx_word' id='word_1_298' title='bbox 665 2714 762 2775; x_wconf 89' lang='lat' dir='ltr'><strong>malis</strong></span> <span class='ocrx_word' id='word_1_299' title='bbox 790 2713 973 2791; x_wconf 89' lang='lat' dir='ltr'><strong>spiritibus,</strong></span> <span class='ocrx_word' id='word_1_300' title='bbox 994 2715 1124 2776; x_wconf 89' lang='lat' dir='ltr'><strong>terrens</strong></span> <span class='ocrx_word' id='word_1_301' title='bbox 1179 2711 1287 2788; x_wconf 84' lang='lat' dir='ltr'><strong>culpa,</strong></span> <span class='ocrx_word' id='word_1_302' title='bbox 1311 2710 1409 2772; x_wconf 91' lang='lat' dir='ltr'><strong>natus</strong></span> <span class='ocrx_word' id='word_1_303' title='bbox 1422 2710 1464 2771; x_wconf 90' lang='lat' dir='ltr'><strong>ad</strong></span> <span class='ocrx_word' id='word_1_304' title='bbox 1486 2723 1627 2787; x_wconf 88' lang='lat' dir='ltr'><strong>poenam.</strong></span> <span class='ocrx_word' id='word_1_305' title='bbox 1642 2710 1749 2772; x_wconf 90' lang='lat' dir='ltr'><strong>Natus</strong></span> <span class='ocrx_word' id='word_1_306' title='bbox 1762 2709 1803 2770; x_wconf 89' lang='lat' dir='ltr'><strong>ad</strong></span> <span class='ocrx_word' id='word_1_307' title='bbox 1815 2709 1982 2778; x_wconf 91' lang='lat' dir='ltr'><strong>laborem,</strong></span> 
     </span>
     <span class='ocr_line' id='line_1_26' title="bbox 326 2807 1984 2888; baseline -0.003 -16"><span class='ocrx_word' id='word_1_308' title='bbox 326 2811 474 2872; x_wconf 90' lang='lat' dir='ltr'><strong>animum</strong></span> <span class='ocrx_word' id='word_1_309' title='bbox 493 2811 700 2884; x_wconf 85' lang='lat' dir='ltr'><strong>dormientis,</strong></span> <span class='ocrx_word' id='word_1_310' title='bbox 714 2811 750 2873; x_wconf 91' lang='lat' dir='ltr'><strong>ut</strong></span> <span class='ocrx_word' id='word_1_311' title='bbox 765 2827 839 2873; x_wconf 92' lang='lat' dir='ltr'><strong>cum</strong></span> <span class='ocrx_word' id='word_1_312' title='bbox 854 2813 929 2888; x_wconf 87' lang='lat' dir='ltr'><strong>quis</strong></span> <span class='ocrx_word' id='word_1_313' title='bbox 947 2813 1070 2875; x_wconf 89' lang='lat' dir='ltr'><strong>viderit</strong></span> <span class='ocrx_word' id='word_1_314' title='bbox 1089 2827 1124 2874; x_wconf 89' lang='lat' dir='ltr'><strong>se</strong></span> <span class='ocrx_word' id='word_1_315' title='bbox 1178 2808 1342 2880; x_wconf 90' lang='lat' dir='ltr'><strong>timorem,</strong></span> <span class='ocrx_word' id='word_1_316' title='bbox 1359 2807 1518 2880; x_wconf 87' lang='lat' dir='ltr'><strong>dolorem,</strong></span> <span class='ocrx_word' id='word_1_317' title='bbox 1541 2807 1673 2886; x_wconf 85' lang='lat' dir='ltr'><strong>siquod</strong></span> <span class='ocrx_word' id='word_1_318' title='bbox 1688 2807 1834 2870; x_wconf 84' lang='lat' dir='ltr'><strong>deterius</strong></span> <span class='ocrx_word' id='word_1_319' title='bbox 1852 2810 1921 2879; x_wconf 90' lang='lat' dir='ltr'><strong>est,</strong></span> <span class='ocrx_word' id='word_1_320' title='bbox 1943 2807 1984 2868; x_wconf 89' lang='lat' dir='ltr'><strong>ad</strong></span> 
     </span>
     <span class='ocr_line' id='line_1_27' title="bbox 327 2905 1985 2986; baseline -0.002 -16"><span class='ocrx_word' id='word_1_321' title='bbox 327 2909 470 2986; x_wconf 86' lang='lat' dir='ltr'><strong>opprimi</strong></span> <span class='ocrx_word' id='word_1_322' title='bbox 485 2923 505 2970; x_wconf 91' lang='lat' dir='ltr'><strong>a</strong></span> <span class='ocrx_word' id='word_1_323' title='bbox 520 2909 632 2986; x_wconf 88' lang='lat' dir='ltr'><strong>parvis</strong></span> <span class='ocrx_word' id='word_1_324' title='bbox 653 2909 706 2970; x_wconf 91' lang='lat' dir='ltr'><strong>vel</strong></span> <span class='ocrx_word' id='word_1_325' title='bbox 722 2909 827 2984; x_wconf 88' lang='lat' dir='ltr'><strong>nigris</strong></span> <span class='ocrx_word' id='word_1_326' title='bbox 842 2909 1044 2982; x_wconf 89' lang='lat' dir='ltr'><strong>hominihus,</strong></span> <span class='ocrx_word' id='word_1_327' title='bbox 1071 2910 1124 2970; x_wconf 90' lang='lat' dir='ltr'><strong>vel</strong></span> <span class='ocrx_word' id='word_1_328' title='bbox 1180 2907 1328 2968; x_wconf 89' lang='lat' dir='ltr'><strong>mortem.</strong></span> <span class='ocrx_word' id='word_1_329' title='bbox 1351 2906 1429 2982; x_wconf 81' lang='lat' dir='ltr'><strong>Agit</strong></span> <span class='ocrx_word' id='word_1_330' title='bbox 1449 2921 1552 2983; x_wconf 89' lang='lat' dir='ltr'><strong>prava</strong></span> <span class='ocrx_word' id='word_1_331' title='bbox 1568 2921 1641 2983; x_wconf 91' lang='lat' dir='ltr'><strong>quae</strong></span> <span class='ocrx_word' id='word_1_332' title='bbox 1656 2921 1722 2966; x_wconf 91' lang='lat' dir='ltr'><strong>non</strong></span> <span class='ocrx_word' id='word_1_333' title='bbox 1739 2905 1850 2978; x_wconf 86' lang='lat' dir='ltr'><strong>licent,</strong></span> <span class='ocrx_word' id='word_1_334' title='bbox 1866 2905 1985 2982; x_wconf 87' lang='lat' dir='ltr'><strong>turpia</strong></span> 
     </span>
     <span class='ocr_line' id='line_1_28' title="bbox 325 3003 1982 3084; baseline -0.001 -18"><span class='ocrx_word' id='word_1_335' title='bbox 325 3005 589 3083; x_wconf 90' lang='lat' dir='ltr'><strong>persecutionem</strong></span> <span class='ocrx_word' id='word_1_336' title='bbox 614 3022 650 3068; x_wconf 89' lang='lat' dir='ltr'><strong>se</strong></span> <span class='ocrx_word' id='word_1_337' title='bbox 670 3007 738 3084; x_wconf 89' lang='lat' dir='ltr'><strong>pati</strong></span> <span class='ocrx_word' id='word_1_338' title='bbox 761 3007 803 3068; x_wconf 93' lang='lat' dir='ltr'><strong>ah</strong></span> <span class='ocrx_word' id='word_1_339' title='bbox 829 3006 986 3068; x_wconf 89' lang='lat' dir='ltr'><strong>inimicis.</strong></span> <span class='ocrx_word' id='word_1_340' title='bbox 1008 3005 1126 3069; x_wconf 87' lang='lat' dir='ltr'><strong>Phan-</strong></span> <span class='ocrx_word' id='word_1_341' title='bbox 1180 3019 1254 3082; x_wconf 82' lang='lat' dir='ltr'><strong>quae</strong></span> <span class='ocrx_word' id='word_1_342' title='bbox 1269 3003 1477 3077; x_wconf 86' lang='lat' dir='ltr'><strong>nondeoeni,</strong></span> <span class='ocrx_word' id='word_1_343' title='bbox 1499 3019 1587 3064; x_wconf 89' lang='lat' dir='ltr'><strong>vena</strong></span> <span class='ocrx_word' id='word_1_344' title='bbox 1608 3019 1682 3080; x_wconf 82' lang='lat' dir='ltr'><strong>quae</strong></span> <span class='ocrx_word' id='word_1_345' title='bbox 1696 3017 1764 3064; x_wconf 86' lang='lat' dir='ltr'><strong>nou</strong></span> <span class='ocrx_word' id='word_1_346' title='bbox 1785 3003 1982 3079; x_wconf 85' lang='lat' dir='ltr'><strong>expediunt.</strong></span> 
     </span>
     <span class='ocr_line' id='line_1_29' title="bbox 325 3097 1986 3182; baseline -0.002 -17"><span class='ocrx_word' id='word_1_347' title='bbox 325 3105 432 3165; x_wconf 86' lang='lat' dir='ltr'><strong>tasma</strong></span> <span class='ocrx_word' id='word_1_348' title='bbox 452 3103 503 3166; x_wconf 91' lang='lat' dir='ltr'><strong>est</strong></span> <span class='ocrx_word' id='word_1_349' title='bbox 527 3104 722 3182; x_wconf 88' lang='lat' dir='ltr'><strong>imaginatio</strong></span> <span class='ocrx_word' id='word_1_350' title='bbox 745 3103 896 3182; x_wconf 85' lang='lat' dir='ltr'><strong>quaedam</strong></span> <span class='ocrx_word' id='word_1_351' title='bbox 920 3104 1004 3164; x_wconf 92' lang='lat' dir='ltr'><strong>nihil</strong></span> <span class='ocrx_word' id='word_1_352' title='bbox 1028 3105 1063 3166; x_wconf 90' lang='lat' dir='ltr'><strong>iu</strong></span> <span class='ocrx_word' id='word_1_353' title='bbox 1089 3121 1125 3167; x_wconf 85' lang='lat' dir='ltr'><strong>se</strong></span> <span class='ocrx_word' id='word_1_354' title='bbox 1180 3097 1256 3177; x_wconf 83' lang='lat' dir='ltr'><strong>Agit</strong></span> <span class='ocrx_word' id='word_1_355' title='bbox 1277 3117 1379 3178; x_wconf 88' lang='lat' dir='ltr'><strong>prava</strong></span> <span class='ocrx_word' id='word_1_356' title='bbox 1404 3100 1523 3179; x_wconf 88' lang='lat' dir='ltr'><strong>quihus</strong></span> <span class='ocrx_word' id='word_1_357' title='bbox 1545 3101 1684 3164; x_wconf 88' lang='lat' dir='ltr'><strong>offendit</strong></span> <span class='ocrx_word' id='word_1_358' title='bbox 1702 3103 1816 3172; x_wconf 84' lang='lat' dir='ltr'><strong>Deum,</strong></span> <span class='ocrx_word' id='word_1_359' title='bbox 1841 3100 1986 3162; x_wconf 84' lang='lat' dir='ltr'><strong>offendit</strong></span> 
     </span>
     <span class='ocr_line' id='line_1_30' title="bbox 325 3197 1983 3279; baseline -0.002 -18"><span class='ocrx_word' id='word_1_360' title='bbox 325 3200 481 3263; x_wconf 83' lang='lat' dir='ltr'><strong>utilitatis</strong></span> <span class='ocrx_word' id='word_1_361' title='bbox 502 3199 641 3273; x_wconf 89' lang='lat' dir='ltr'><strong>hahens,</strong></span> <span class='ocrx_word' id='word_1_362' title='bbox 669 3203 705 3263; x_wconf 90' lang='lat' dir='ltr'><strong>ut</strong></span> <span class='ocrx_word' id='word_1_363' title='bbox 726 3217 801 3263; x_wconf 90' lang='lat' dir='ltr'><strong>cum</strong></span> <span class='ocrx_word' id='word_1_364' title='bbox 821 3201 895 3279; x_wconf 89' lang='lat' dir='ltr'><strong>quis</strong></span> <span class='ocrx_word' id='word_1_365' title='bbox 909 3199 1031 3263; x_wconf 86' lang='lat' dir='ltr'><strong>viderit</strong></span> <span class='ocrx_word' id='word_1_366' title='bbox 1042 3201 1125 3263; x_wconf 91' lang='lat' dir='ltr'><strong>dor-</strong></span> <span class='ocrx_word' id='word_1_367' title='bbox 1180 3199 1381 3276; x_wconf 82' lang='lat' dir='ltr'><strong>proximum,</strong></span> <span class='ocrx_word' id='word_1_368' title='bbox 1405 3198 1544 3260; x_wconf 85' lang='lat' dir='ltr'><strong>offendit</strong></span> <span class='ocrx_word' id='word_1_369' title='bbox 1567 3213 1603 3260; x_wconf 90' lang='lat' dir='ltr'><strong>se</strong></span> <span class='ocrx_word' id='word_1_370' title='bbox 1622 3199 1741 3276; x_wconf 87' lang='lat' dir='ltr'><strong>ipsum.</strong></span> <span class='ocrx_word' id='word_1_371' title='bbox 1770 3198 1848 3274; x_wconf 75' lang='lat' dir='ltr'><strong>Agit</strong></span> <span class='ocrx_word' id='word_1_372' title='bbox 1866 3197 1983 3275; x_wconf 89' lang='lat' dir='ltr'><strong>turpia</strong></span> 
     </span>
     <span class='ocr_line' id='line_1_31' title="bbox 325 3293 1982 3377; baseline -0.004 -18"><span class='ocrx_word' id='word_1_373' title='bbox 325 3298 458 3360; x_wconf 90' lang='lat' dir='ltr'><strong>miendo</strong></span> <span class='ocrx_word' id='word_1_374' title='bbox 471 3314 544 3377; x_wconf 80' lang='lat' dir='ltr'><strong>quae</strong></span> <span class='ocrx_word' id='word_1_375' title='bbox 560 3299 764 3376; x_wconf 86' lang='lat' dir='ltr'><strong>cogitaverat</strong></span> <span class='ocrx_word' id='word_1_376' title='bbox 777 3299 957 3374; x_wconf 87' lang='lat' dir='ltr'><strong>vigilando.</strong></span> <span class='ocrx_word' id='word_1_377' title='bbox 970 3300 1127 3374; x_wconf 84' lang='lat' dir='ltr'><strong>Quaeduo</strong></span> <span class='ocrx_word' id='word_1_378' title='bbox 1180 3294 1299 3372; x_wconf 88' lang='lat' dir='ltr'><strong>quihus</strong></span> <span class='ocrx_word' id='word_1_379' title='bbox 1329 3294 1449 3372; x_wconf 86' lang='lat' dir='ltr'><strong>polluit</strong></span> <span class='ocrx_word' id='word_1_380' title='bbox 1475 3293 1609 3367; x_wconf 82' lang='lat' dir='ltr'><strong>lamam,</strong></span> <span class='ocrx_word' id='word_1_381' title='bbox 1645 3293 1763 3372; x_wconf 87' lang='lat' dir='ltr'><strong>polluit</strong></span> <span class='ocrx_word' id='word_1_382' title='bbox 1788 3304 1982 3371; x_wconf 88' lang='lat' dir='ltr'><strong>personam,</strong></span> 
     </span>
     <span class='ocr_line' id='line_1_32' title="bbox 327 3390 1983 3474; baseline -0.002 -17"><span class='ocrx_word' id='word_1_383' title='bbox 327 3396 411 3458; x_wconf 87' lang='lat' dir='ltr'><strong>liunt</strong></span> <span class='ocrx_word' id='word_1_384' title='bbox 426 3397 611 3459; x_wconf 86' lang='lat' dir='ltr'><strong>daemonum</strong></span> <span class='ocrx_word' id='word_1_385' title='bbox 625 3397 794 3459; x_wconf 89' lang='lat' dir='ltr'><strong>illusione.</strong></span> <span class='ocrx_word' id='word_1_386' title='bbox 808 3397 902 3460; x_wconf 77' lang='lat' dir='ltr'><strong>visio</strong></span> <span class='ocrx_word' id='word_1_387' title='bbox 915 3397 965 3459; x_wconf 90' lang='lat' dir='ltr'><strong>est</strong></span> <span class='ocrx_word' id='word_1_388' title='bbox 975 3396 1125 3474; x_wconf 89' lang='lat' dir='ltr'><strong>quaedam</strong></span> <span class='ocrx_word' id='word_1_389' title='bbox 1149 3441 1150 3446; x_wconf 41' lang='lat'><strong>.</strong></span> <span class='ocrx_word' id='word_1_390' title='bbox 1181 3392 1299 3469; x_wconf 89' lang='lat' dir='ltr'><strong>polluit</strong></span> <span class='ocrx_word' id='word_1_391' title='bbox 1308 3392 1558 3454; x_wconf 88' lang='lat' dir='ltr'><strong>conscientiam.</strong></span> <span class='ocrx_word' id='word_1_392' title='bbox 1574 3392 1653 3468; x_wconf 86' lang='lat' dir='ltr'><strong>Agit</strong></span> <span class='ocrx_word' id='word_1_393' title='bbox 1670 3407 1757 3454; x_wconf 88' lang='lat' dir='ltr'><strong>vana</strong></span> <span class='ocrx_word' id='word_1_394' title='bbox 1779 3390 1902 3470; x_wconf 86' lang='lat' dir='ltr'><strong>quihus</strong></span> <span class='ocrx_word' id='word_1_395' title='bbox 1919 3407 1983 3453; x_wconf 88' lang='lat' dir='ltr'><strong>ne-</strong></span> 
     </span>
     <span class='ocr_line' id='line_1_33' title="bbox 325 3487 1982 3568; baseline -0.002 -12"><span class='ocrx_word' id='word_1_396' title='bbox 325 3509 438 3556; x_wconf 90' lang='lat' dir='ltr'><strong>rerum</strong></span> <span class='ocrx_word' id='word_1_397' title='bbox 471 3495 697 3558; x_wconf 81' lang='lat' dir='ltr'><strong>manifestatio</strong></span> <span class='ocrx_word' id='word_1_398' title='bbox 734 3494 936 3568; x_wconf 81' lang='lat' dir='ltr'><strong>suturarum,</strong></span> <span class='ocrx_word' id='word_1_399' title='bbox 971 3495 1125 3558; x_wconf 89' lang='lat' dir='ltr'><strong>eventum</strong></span> <span class='ocrx_word' id='word_1_400' title='bbox 1180 3487 1277 3566; x_wconf 85' lang='lat' dir='ltr'><strong>gligit</strong></span> <span class='ocrx_word' id='word_1_401' title='bbox 1294 3490 1469 3568; x_wconf 88' lang='lat' dir='ltr'><strong>justitiam,</strong></span> <span class='ocrx_word' id='word_1_402' title='bbox 1485 3491 1625 3568; x_wconf 87' lang='lat' dir='ltr'><strong>negligit</strong></span> <span class='ocrx_word' id='word_1_403' title='bbox 1639 3491 1746 3563; x_wconf 81' lang='lat' dir='ltr'><strong>utilia,</strong></span> <span class='ocrx_word' id='word_1_404' title='bbox 1763 3489 1907 3567; x_wconf 89' lang='lat' dir='ltr'><strong>negligit</strong></span> <span class='ocrx_word' id='word_1_405' title='bbox 1921 3505 1982 3552; x_wconf 90' lang='lat' dir='ltr'><strong>ne-</strong></span> 
     </span>
     <span class='ocr_line' id='line_1_34' title="bbox 324 3585 1980 3671; baseline -0.004 -17"><span class='ocrx_word' id='word_1_406' title='bbox 324 3608 440 3654; x_wconf 88' lang='lat' dir='ltr'><strong>earum</strong></span> <span class='ocrx_word' id='word_1_407' title='bbox 468 3593 534 3656; x_wconf 87' lang='lat' dir='ltr'><strong>cito</strong></span> <span class='ocrx_word' id='word_1_408' title='bbox 556 3594 744 3666; x_wconf 82' lang='lat' dir='ltr'><strong>enuntiare,</strong></span> <span class='ocrx_word' id='word_1_409' title='bbox 768 3595 805 3655; x_wconf 92' lang='lat' dir='ltr'><strong>ut</strong></span> <span class='ocrx_word' id='word_1_410' title='bbox 822 3609 897 3654; x_wconf 87' lang='lat' dir='ltr'><strong>eum</strong></span> <span class='ocrx_word' id='word_1_411' title='bbox 916 3592 991 3671; x_wconf 88' lang='lat' dir='ltr'><strong>quis</strong></span> <span class='ocrx_word' id='word_1_412' title='bbox 1005 3591 1127 3655; x_wconf 89' lang='lat' dir='ltr'><strong>viderit</strong></span> <span class='ocrx_word' id='word_1_413' title='bbox 1149 3649 1150 3652; x_wconf 74' lang='grc'>,</span> <span class='ocrx_word' id='word_1_414' title='bbox 1181 3588 1339 3650; x_wconf 84' lang='lat' dir='ltr'><strong>cessaria.</strong></span> <span class='ocrx_word' id='word_1_415' title='bbox 1356 3589 1462 3650; x_wconf 88' lang='lat' dir='ltr'><strong>Homo</strong></span> <span class='ocrx_word' id='word_1_416' title='bbox 1482 3589 1517 3649; x_wconf 93' lang='lat' dir='ltr'><strong>in</strong></span> <span class='ocrx_word' id='word_1_417' title='bbox 1536 3585 1647 3651; x_wconf 82' lang='lat' dir='ltr'><strong>tuturo</strong></span> <span class='ocrx_word' id='word_1_418' title='bbox 1675 3587 1733 3650; x_wconf 85' lang='lat' dir='ltr'><strong>fiet</strong></span> <span class='ocrx_word' id='word_1_419' title='bbox 1755 3588 1848 3650; x_wconf 85' lang='lat' dir='ltr'><strong>cibus</strong></span> <span class='ocrx_word' id='word_1_420' title='bbox 1877 3587 1980 3664; x_wconf 85' lang='lat' dir='ltr'><strong>ignis,</strong></span> 
     </span>
     <span class='ocr_line' id='line_1_35' title="bbox 325 3685 1981 3770; baseline -0.002 -20"><span class='ocrx_word' id='word_1_421' title='bbox 325 3690 450 3768; x_wconf 88' lang='lat' dir='ltr'><strong>aliquid</strong></span> <span class='ocrx_word' id='word_1_422' title='bbox 464 3707 523 3768; x_wconf 91' lang='lat' dir='ltr'><strong>per</strong></span> <span class='ocrx_word' id='word_1_423' title='bbox 533 3693 697 3753; x_wconf 91' lang='lat' dir='ltr'><strong>somnium</strong></span> <span class='ocrx_word' id='word_1_424' title='bbox 713 3692 847 3754; x_wconf 89' lang='lat' dir='ltr'><strong>evenire</strong></span> <span class='ocrx_word' id='word_1_425' title='bbox 861 3691 937 3765; x_wconf 89' lang='lat' dir='ltr'><strong>sihi,</strong></span> <span class='ocrx_word' id='word_1_426' title='bbox 954 3691 1041 3770; x_wconf 88' lang='lat' dir='ltr'><strong>quod</strong></span> <span class='ocrx_word' id='word_1_427' title='bbox 1056 3707 1130 3768; x_wconf 84' lang='lat' dir='ltr'><strong>pos·</strong></span> <span class='ocrx_word' id='word_1_428' title='bbox 1181 3701 1258 3748; x_wconf 86' lang='lat' dir='ltr'><strong>esca</strong></span> <span class='ocrx_word' id='word_1_429' title='bbox 1283 3687 1418 3760; x_wconf 91' lang='lat' dir='ltr'><strong>vermis,</strong></span> <span class='ocrx_word' id='word_1_430' title='bbox 1439 3701 1550 3748; x_wconf 87' lang='lat' dir='ltr'><strong>massa</strong></span> <span class='ocrx_word' id='word_1_431' title='bbox 1565 3687 1763 3766; x_wconf 87' lang='lat' dir='ltr'><strong>putredinis.</strong></span> <span class='ocrx_word' id='word_1_432' title='bbox 1790 3685 1863 3748; x_wconf 84' lang='lat' dir='ltr'><strong>Fiet</strong></span> <span class='ocrx_word' id='word_1_433' title='bbox 1884 3686 1981 3747; x_wconf 88' lang='lat' dir='ltr'><strong>cibus</strong></span> 
     </span>
     <span class='ocr_line' id='line_1_36' title="bbox 325 3783 1984 3866; baseline -0.004 -16"><span class='ocrx_word' id='word_1_434' title='bbox 325 3789 379 3850; x_wconf 87' lang='lat' dir='ltr'><strong>tea</strong></span> <span class='ocrx_word' id='word_1_435' title='bbox 392 3788 427 3848; x_wconf 90' lang='lat' dir='ltr'><strong>in</strong></span> <span class='ocrx_word' id='word_1_436' title='bbox 442 3787 495 3849; x_wconf 94' lang='lat' dir='ltr'><strong>die</strong></span> <span class='ocrx_word' id='word_1_437' title='bbox 509 3788 623 3849; x_wconf 89' lang='lat' dir='ltr'><strong>taliter</strong></span> <span class='ocrx_word' id='word_1_438' title='bbox 632 3790 754 3851; x_wconf 88' lang='lat' dir='ltr'><strong>evenit.</strong></span> <span class='ocrx_word' id='word_1_439' title='bbox 771 3790 948 3851; x_wconf 84' lang='lat' dir='ltr'><strong>oraculum</strong></span> <span class='ocrx_word' id='word_1_440' title='bbox 965 3791 1014 3852; x_wconf 87' lang='lat' dir='ltr'><strong>est</strong></span> <span class='ocrx_word' id='word_1_441' title='bbox 1030 3805 1124 3866; x_wconf 89' lang='lat' dir='ltr'><strong>quae·</strong></span> <span class='ocrx_word' id='word_1_442' title='bbox 1149 3861 1150 3866; x_wconf 5' lang='grc' dir='ltr'>ἵ</span> <span class='ocrx_word' id='word_1_443' title='bbox 1181 3785 1269 3862; x_wconf 88' lang='lat' dir='ltr'><strong>ignis</strong></span> <span class='ocrx_word' id='word_1_444' title='bbox 1283 3785 1340 3863; x_wconf 91' lang='lat' dir='ltr'><strong>qui</strong></span> <span class='ocrx_word' id='word_1_445' title='bbox 1362 3801 1492 3862; x_wconf 89' lang='lat' dir='ltr'><strong>semper</strong></span> <span class='ocrx_word' id='word_1_446' title='bbox 1512 3785 1607 3847; x_wconf 89' lang='lat' dir='ltr'><strong>ardet</strong></span> <span class='ocrx_word' id='word_1_447' title='bbox 1628 3786 1661 3847; x_wconf 90' lang='lat' dir='ltr'><strong>et</strong></span> <span class='ocrx_word' id='word_1_448' title='bbox 1684 3786 1752 3847; x_wconf 86' lang='lat' dir='ltr'><strong>urit</strong></span> <span class='ocrx_word' id='word_1_449' title='bbox 1772 3783 1984 3861; x_wconf 83' lang='lat' dir='ltr'><strong>inextingui-</strong></span> 
     </span>
     <span class='ocr_line' id='line_1_37' title="bbox 326 3881 1983 3964; baseline -0.002 -19"><span class='ocrx_word' id='word_1_450' title='bbox 326 3885 403 3945; x_wconf 91' lang='lat' dir='ltr'><strong>dam</strong></span> <span class='ocrx_word' id='word_1_451' title='bbox 412 3885 499 3946; x_wconf 90' lang='lat' dir='ltr'><strong>visio</strong></span> <span class='ocrx_word' id='word_1_452' title='bbox 509 3900 570 3962; x_wconf 90' lang='lat' dir='ltr'><strong>per</strong></span> <span class='ocrx_word' id='word_1_453' title='bbox 579 3885 716 3961; x_wconf 88' lang='lat' dir='ltr'><strong>angelos</strong></span> <span class='ocrx_word' id='word_1_454' title='bbox 726 3885 824 3959; x_wconf 86' lang='lat' dir='ltr'><strong>iacta,</strong></span> <span class='ocrx_word' id='word_1_455' title='bbox 835 3901 906 3947; x_wconf 90' lang='lat' dir='ltr'><strong>rem</strong></span> <span class='ocrx_word' id='word_1_456' title='bbox 920 3887 1126 3951; x_wconf 75' lang='lat' dir='ltr'><strong>salutiferam</strong></span> <span class='ocrx_word' id='word_1_457' title='bbox 1181 3881 1270 3954; x_wconf 88' lang='lat' dir='ltr'><strong>hilis,</strong></span> <span class='ocrx_word' id='word_1_458' title='bbox 1287 3897 1364 3944; x_wconf 85' lang='lat' dir='ltr'><strong>esca</strong></span> <span class='ocrx_word' id='word_1_459' title='bbox 1373 3882 1497 3944; x_wconf 88' lang='lat' dir='ltr'><strong>vermis</strong></span> <span class='ocrx_word' id='word_1_460' title='bbox 1509 3883 1565 3964; x_wconf 89' lang='lat' dir='ltr'><strong>qui</strong></span> <span class='ocrx_word' id='word_1_461' title='bbox 1581 3898 1711 3960; x_wconf 89' lang='lat' dir='ltr'><strong>semper</strong></span> <span class='ocrx_word' id='word_1_462' title='bbox 1725 3882 1812 3944; x_wconf 88' lang='lat' dir='ltr'><strong>rodit</strong></span> <span class='ocrx_word' id='word_1_463' title='bbox 1821 3882 1855 3944; x_wconf 88' lang='lat' dir='ltr'><strong>et</strong></span> <span class='ocrx_word' id='word_1_464' title='bbox 1868 3897 1983 3944; x_wconf 87' lang='lat' dir='ltr'><strong>come-</strong></span> 
     </span>
     <span class='ocr_line' id='line_1_38' title="bbox 327 3977 1980 4060; baseline -0.003 -17"><span class='ocrx_word' id='word_1_465' title='bbox 327 3981 470 4060; x_wconf 85' lang='lat' dir='ltr'><strong>prodens</strong></span> <span class='ocrx_word' id='word_1_466' title='bbox 486 3981 610 4044; x_wconf 86' lang='lat' dir='ltr'><strong>indicio</strong></span> <span class='ocrx_word' id='word_1_467' title='bbox 634 3981 821 4054; x_wconf 78' lang='lat' dir='ltr'><strong>manifesto,</strong></span> <span class='ocrx_word' id='word_1_468' title='bbox 837 3983 873 4044; x_wconf 92' lang='lat' dir='ltr'><strong>ut</strong></span> <span class='ocrx_word' id='word_1_469' title='bbox 887 3999 961 4046; x_wconf 91' lang='lat' dir='ltr'><strong>cum</strong></span> <span class='ocrx_word' id='word_1_470' title='bbox 976 3983 1051 4060; x_wconf 90' lang='lat' dir='ltr'><strong>quis</strong></span> <span class='ocrx_word' id='word_1_471' title='bbox 1072 3985 1126 4044; x_wconf 89' lang='lat' dir='ltr'><strong>vi·</strong></span> <span class='ocrx_word' id='word_1_472' title='bbox 1181 3977 1230 4042; x_wconf 88' lang='lat' dir='ltr'><strong>dit</strong></span> <span class='ocrx_word' id='word_1_473' title='bbox 1246 3978 1453 4052; x_wconf 84' lang='lat' dir='ltr'><strong>immortalis,</strong></span> <span class='ocrx_word' id='word_1_474' title='bbox 1467 3993 1577 4040; x_wconf 88' lang='lat' dir='ltr'><strong>massa</strong></span> <span class='ocrx_word' id='word_1_475' title='bbox 1592 3978 1777 4056; x_wconf 86' lang='lat' dir='ltr'><strong>putredinis</strong></span> <span class='ocrx_word' id='word_1_476' title='bbox 1792 3993 1866 4055; x_wconf 84' lang='lat' dir='ltr'><strong>quaa</strong></span> <span class='ocrx_word' id='word_1_477' title='bbox 1886 3993 1980 4038; x_wconf 89' lang='lat' dir='ltr'><strong>sem-</strong></span> 
     </span>
     <span class='ocr_line' id='line_1_39' title="bbox 327 4073 1982 4156; baseline 0.003 -15"><span class='ocrx_word' id='word_1_478' title='bbox 327 4080 415 4143; x_wconf 89' lang='lat' dir='ltr'><strong>derit</strong></span> <span class='ocrx_word' id='word_1_479' title='bbox 429 4078 574 4156; x_wconf 85' lang='lat' dir='ltr'><strong>aliquem</strong></span> <span class='ocrx_word' id='word_1_480' title='bbox 585 4081 776 4142; x_wconf 91' lang='lat' dir='ltr'><strong>sanctorum</strong></span> <span class='ocrx_word' id='word_1_481' title='bbox 790 4079 853 4140; x_wconf 88' lang='lat' dir='ltr'><strong>sihi</strong></span> <span class='ocrx_word' id='word_1_482' title='bbox 867 4079 987 4141; x_wconf 88' lang='lat' dir='ltr'><strong>salutis</strong></span> <span class='ocrx_word' id='word_1_483' title='bbox 1002 4081 1126 4143; x_wconf 89' lang='lat' dir='ltr'><strong>monita</strong></span> <span class='ocrx_word' id='word_1_484' title='bbox 1181 4089 1242 4152; x_wconf 90' lang='lat' dir='ltr'><strong>per</strong></span> <span class='ocrx_word' id='word_1_485' title='bbox 1256 4074 1388 4137; x_wconf 85' lang='lat' dir='ltr'><strong>ioetetet</strong></span> <span class='ocrx_word' id='word_1_486' title='bbox 1398 4075 1510 4140; x_wconf 87' lang='lat' dir='ltr'><strong>sordet</strong></span> <span class='ocrx_word' id='word_1_487' title='bbox 1524 4075 1705 4137; x_wconf 87' lang='lat' dir='ltr'><strong>horribilis.</strong></span> <span class='ocrx_word' id='word_1_488' title='bbox 1721 4073 1805 4147; x_wconf 86' lang='lat' dir='ltr'><strong>Quid</strong></span> <span class='ocrx_word' id='word_1_489' title='bbox 1818 4076 1869 4136; x_wconf 69' lang='lat' dir='ltr'><strong>est</strong></span> <span class='ocrx_word' id='word_1_490' title='bbox 1878 4073 1982 4150; x_wconf 66' lang='lat' dir='ltr'><strong>igilur</strong></span> 
     </span>
     <span class='ocr_line' id='line_1_40' title="bbox 327 4169 1980 4256; baseline -0.005 -18"><span class='ocrx_word' id='word_1_491' title='bbox 327 4177 560 4256; x_wconf 84' lang='lat' dir='ltr'><strong>proferentem.</strong></span> <span class='ocrx_word' id='word_1_492' title='bbox 576 4175 738 4251; x_wconf 89' lang='lat' dir='ltr'><strong>Quoniam</strong></span> <span class='ocrx_word' id='word_1_493' title='bbox 749 4177 852 4254; x_wconf 89' lang='lat' dir='ltr'><strong>igitur</strong></span> <span class='ocrx_word' id='word_1_494' title='bbox 864 4176 967 4240; x_wconf 83' lang='lat' dir='ltr'><strong>Jacob</strong></span> <span class='ocrx_word' id='word_1_495' title='bbox 978 4177 1126 4239; x_wconf 85' lang='lat' dir='ltr'><strong>eoelostia</strong></span> <span class='ocrx_word' id='word_1_496' title='bbox 1182 4171 1280 4236; x_wconf 88' lang='lat' dir='ltr'><strong>homo</strong></span> <span class='ocrx_word' id='word_1_497' title='bbox 1299 4173 1366 4236; x_wconf 90' lang='lat' dir='ltr'><strong>nisi</strong></span> <span class='ocrx_word' id='word_1_498' title='bbox 1385 4173 1491 4236; x_wconf 89' lang='lat' dir='ltr'><strong>lutum</strong></span> <span class='ocrx_word' id='word_1_499' title='bbox 1513 4173 1547 4234; x_wconf 88' lang='lat' dir='ltr'><strong>et</strong></span> <span class='ocrx_word' id='word_1_500' title='bbox 1567 4173 1675 4234; x_wconf 86' lang='lat' dir='ltr'><strong>cinisl</strong></span> <span class='ocrx_word' id='word_1_501' title='bbox 1698 4172 1880 4234; x_wconf 89' lang='lat' dir='ltr'><strong>secundum</strong></span> <span class='ocrx_word' id='word_1_502' title='bbox 1896 4169 1980 4232; x_wconf 91' lang='lat' dir='ltr'><strong>illud</strong></span> 
     </span>
     <span class='ocr_line' id='line_1_41' title="bbox 326 4269 1981 4354; baseline -0.004 -16"><span class='ocrx_word' id='word_1_503' title='bbox 326 4276 486 4354; x_wconf 87' lang='lat' dir='ltr'><strong>mysteria</strong></span> <span class='ocrx_word' id='word_1_504' title='bbox 505 4275 600 4348; x_wconf 88' lang='lat' dir='ltr'><strong>vidit,</strong></span> <span class='ocrx_word' id='word_1_505' title='bbox 623 4275 659 4338; x_wconf 91' lang='lat' dir='ltr'><strong>in</strong></span> <span class='ocrx_word' id='word_1_506' title='bbox 682 4275 822 4339; x_wconf 87' lang='lat' dir='ltr'><strong>somniis</strong></span> <span class='ocrx_word' id='word_1_507' title='bbox 842 4275 1022 4338; x_wconf 81' lang='lat' dir='ltr'><strong>sevidisse</strong></span> <span class='ocrx_word' id='word_1_508' title='bbox 1043 4291 1128 4337; x_wconf 73' lang='lat' dir='ltr'><strong>nar·</strong></span> <span class='ocrx_word' id='word_1_509' title='bbox 1181 4269 1242 4332; x_wconf 89' lang='lat' dir='ltr'><strong>Joh</strong></span> <span class='ocrx_word' id='word_1_510' title='bbox 1259 4291 1267 4331; x_wconf 73' lang='grc' dir='ltr'><strong>ε</strong></span> <span class='ocrx_word' id='word_1_511' title='bbox 1284 4271 1513 4348; x_wconf 72' lang='lat' dir='ltr'><strong>comparatus</strong></span> <span class='ocrx_word' id='word_1_512' title='bbox 1531 4285 1610 4332; x_wconf 81' lang='lat' dir='ltr'><strong>sum</strong></span> <span class='ocrx_word' id='word_1_513' title='bbox 1626 4271 1696 4332; x_wconf 86' lang='lat' dir='ltr'><strong>luto</strong></span> <span class='ocrx_word' id='word_1_514' title='bbox 1715 4269 1750 4332; x_wconf 84' lang='lat' dir='ltr'><strong>et</strong></span> <span class='ocrx_word' id='word_1_515' title='bbox 1769 4271 1981 4332; x_wconf 67' lang='lat' dir='ltr'><strong>assimilatus</strong></span> 
     </span>
     <span class='ocr_line' id='line_1_42' title="bbox 325 4365 1979 4452; baseline -0.001 -16"><span class='ocrx_word' id='word_1_516' title='bbox 325 4376 430 4436; x_wconf 82' lang='lat' dir='ltr'><strong>ratur.</strong></span> <span class='ocrx_word' id='word_1_517' title='bbox 455 4374 547 4436; x_wconf 82' lang='lat' dir='ltr'><strong>vidit</strong></span> <span class='ocrx_word' id='word_1_518' title='bbox 572 4374 683 4452; x_wconf 88' lang='lat' dir='ltr'><strong>itaque</strong></span> <span class='ocrx_word' id='word_1_519' title='bbox 709 4374 834 4436; x_wconf 85' lang='lat' dir='ltr'><strong>scalam</strong></span> <span class='ocrx_word' id='word_1_520' title='bbox 859 4371 1001 4436; x_wconf 90' lang='lat' dir='ltr'><strong>stantem</strong></span> <span class='ocrx_word' id='word_1_521' title='bbox 1028 4389 1128 4451; x_wconf 88' lang='lat' dir='ltr'><strong>super</strong></span> <span class='ocrx_word' id='word_1_522' title='bbox 1180 4383 1259 4430; x_wconf 80' lang='lat' dir='ltr'><strong>curn</strong></span> <span class='ocrx_word' id='word_1_523' title='bbox 1283 4370 1410 4442; x_wconf 79' lang='lat' dir='ltr'><strong>suediae</strong></span> <span class='ocrx_word' id='word_1_524' title='bbox 1435 4369 1470 4430; x_wconf 75' lang='lat' dir='ltr'><strong>el</strong></span> <span class='ocrx_word' id='word_1_525' title='bbox 1497 4371 1608 4430; x_wconf 73' lang='lat' dir='ltr'><strong>elueri</strong></span> <span class='ocrx_word' id='word_1_526' title='bbox 1633 4367 1721 4448; x_wconf 73' lang='lat' dir='ltr'><strong>(ioh.</strong></span> <span class='ocrx_word' id='word_1_527' title='bbox 1747 4382 1831 4436; x_wconf 70' lang='lat' dir='ltr'><strong>xxx,</strong></span> <span class='ocrx_word' id='word_1_528' title='bbox 1862 4365 1927 4445; x_wconf 85' lang='lat'>19)·</span> <span class='ocrx_word' id='word_1_529' title='bbox 1956 4367 1979 4426; x_wconf 92' lang='lat'>0</span> 
     </span>
    </p>
   </div>
   <div class='ocr_carea' id='block_1_5' title="bbox 324 4463 2089 4547">
    <p class='ocr_par' dir='ltr' id='par_1_6' title="bbox 324 4463 2089 4547">
     <span class='ocr_line' id='line_1_43' title="bbox 324 4463 2089 4547; baseline -0.006 -12"><span class='ocrx_word' id='word_1_530' title='bbox 324 4475 460 4535; x_wconf 88' lang='lat' dir='ltr'><strong>terram.</strong></span> <span class='ocrx_word' id='word_1_531' title='bbox 478 4471 576 4533; x_wconf 87' lang='lat' dir='ltr'><strong>Scala</strong></span> <span class='ocrx_word' id='word_1_532' title='bbox 589 4487 632 4533; x_wconf 84' lang='lat' dir='ltr'><strong>ex</strong></span> <span class='ocrx_word' id='word_1_533' title='bbox 646 4472 774 4534; x_wconf 89' lang='lat' dir='ltr'><strong>duobus</strong></span> <span class='ocrx_word' id='word_1_534' title='bbox 789 4472 891 4547; x_wconf 91' lang='lat' dir='ltr'><strong>lignis</strong></span> <span class='ocrx_word' id='word_1_535' title='bbox 901 4473 935 4534; x_wconf 91' lang='lat' dir='ltr'><strong>in</strong></span> <span class='ocrx_word' id='word_1_536' title='bbox 947 4473 1051 4534; x_wconf 87' lang='lat' dir='ltr'><strong>altum</strong></span> <span class='ocrx_word' id='word_1_537' title='bbox 1064 4472 1128 4534; x_wconf 84' lang='lat' dir='ltr'><strong>eri-</strong></span> <span class='ocrx_word' id='word_1_538' title='bbox 1182 4466 1278 4545; x_wconf 90' lang='lat' dir='ltr'><strong>pellis</strong></span> <span class='ocrx_word' id='word_1_539' title='bbox 1291 4467 1441 4528; x_wconf 85' lang='lat' dir='ltr'><strong>mortuui</strong></span> <span class='ocrx_word' id='word_1_540' title='bbox 1465 4482 1485 4527; x_wconf 93' lang='lat' dir='ltr'><strong>o</strong></span> <span class='ocrx_word' id='word_1_541' title='bbox 1508 4465 1613 4527; x_wconf 89' lang='lat' dir='ltr'><strong>lutum</strong></span> <span class='ocrx_word' id='word_1_542' title='bbox 1626 4464 1737 4542; x_wconf 85' lang='lat' dir='ltr'><strong>ligulil</strong></span> <span class='ocrx_word' id='word_1_543' title='bbox 1754 4463 1849 4526; x_wconf 89' lang='lat' dir='ltr'><strong>Unde</strong></span> <span class='ocrx_word' id='word_1_544' title='bbox 1863 4479 1982 4540; x_wconf 85' lang='lat' dir='ltr'><strong>super·</strong></span> <span class='ocrx_word' id='word_1_545' title='bbox 2088 4467 2089 4470; x_wconf 76' lang='grc'>’</span> 
     </span>
    </p>
   </div>
   <div class='ocr_carea' id='block_1_6' title="bbox 327 4561 1981 4646">
    <p class='ocr_par' dir='ltr' id='par_1_7' title="bbox 327 4561 1981 4646">
     <span class='ocr_line' id='line_1_44' title="bbox 327 4561 1981 4646; baseline -0.005 -16"><span class='ocrx_word' id='word_1_546' title='bbox 327 4568 418 4644; x_wconf 89' lang='lat' dir='ltr'><strong>gitur</strong></span> <span class='ocrx_word' id='word_1_547' title='bbox 443 4569 663 4630; x_wconf 87' lang='lat' dir='ltr'><strong>materialiter</strong></span> <span class='ocrx_word' id='word_1_548' title='bbox 683 4568 841 4646; x_wconf 88' lang='lat' dir='ltr'><strong>gradihus</strong></span> <span class='ocrx_word' id='word_1_549' title='bbox 865 4570 1069 4646; x_wconf 86' lang='lat' dir='ltr'><strong>interpositis</strong></span> <span class='ocrx_word' id='word_1_550' title='bbox 1092 4571 1126 4630; x_wconf 93' lang='lat' dir='ltr'><strong>in</strong></span> <span class='ocrx_word' id='word_1_551' title='bbox 1181 4561 1234 4623; x_wconf 91' lang='lat' dir='ltr'><strong>his</strong></span> <span class='ocrx_word' id='word_1_552' title='bbox 1251 4563 1341 4625; x_wconf 87' lang='lat' dir='ltr'><strong>terra</strong></span> <span class='ocrx_word' id='word_1_553' title='bbox 1356 4563 1389 4624; x_wconf 91' lang='lat' dir='ltr'><strong>et</strong></span> <span class='ocrx_word' id='word_1_554' title='bbox 1410 4563 1520 4624; x_wconf 83' lang='lat' dir='ltr'><strong>einisl</strong></span> <span class='ocrx_word' id='word_1_555' title='bbox 1544 4565 1629 4625; x_wconf 73' lang='lat' dir='ltr'><strong>moe</strong></span> <span class='ocrx_word' id='word_1_556' title='bbox 1646 4563 1720 4640; x_wconf 90' lang='lat' dir='ltr'><strong>ipss</strong></span> <span class='ocrx_word' id='word_1_557' title='bbox 1741 4564 1828 4624; x_wconf 84' lang='lat' dir='ltr'><strong>Deus</strong></span> <span class='ocrx_word' id='word_1_558' title='bbox 1852 4561 1932 4623; x_wconf 88' lang='lat' dir='ltr'><strong>tuus</strong></span> <span class='ocrx_word' id='word_1_559' title='bbox 1950 4561 1981 4622; x_wconf 89' lang='lat' dir='ltr'><strong>et</strong></span> 
     </span>
    </p>
   </div>
   <div class='ocr_carea' id='block_1_7' title="bbox 327 4653 2089 5128">
    <p class='ocr_par' dir='ltr' id='par_1_8' title="bbox 327 4653 1981 4933">
     <span class='ocr_line' id='line_1_45' title="bbox 327 4653 1981 4744; baseline -0.004 -18"><span class='ocrx_word' id='word_1_560' title='bbox 327 4653 532 4738; x_wconf 87' lang='lat' dir='ltr'><strong>transverso,</strong></span> <span class='ocrx_word' id='word_1_561' title='bbox 548 4667 585 4726; x_wconf 89' lang='lat' dir='ltr'><strong>ut</strong></span> <span class='ocrx_word' id='word_1_562' title='bbox 599 4665 697 4727; x_wconf 86' lang='lat' dir='ltr'><strong>lacile</strong></span> <span class='ocrx_word' id='word_1_563' title='bbox 717 4666 791 4744; x_wconf 89' lang='lat' dir='ltr'><strong>quis</strong></span> <span class='ocrx_word' id='word_1_564' title='bbox 813 4682 873 4743; x_wconf 85' lang='lat' dir='ltr'><strong>per</strong></span> <span class='ocrx_word' id='word_1_565' title='bbox 886 4681 943 4728; x_wconf 88' lang='lat' dir='ltr'><strong>eos</strong></span> <span class='ocrx_word' id='word_1_566' title='bbox 962 4666 1067 4744; x_wconf 87' lang='lat' dir='ltr'><strong>possit</strong></span> <span class='ocrx_word' id='word_1_567' title='bbox 1085 4668 1126 4731; x_wconf 91' lang='lat' dir='ltr'><strong>ad</strong></span> <span class='ocrx_word' id='word_1_568' title='bbox 1183 4660 1336 4722; x_wconf 84' lang='lat' dir='ltr'><strong>Salvator</strong></span> <span class='ocrx_word' id='word_1_569' title='bbox 1349 4660 1455 4722; x_wconf 89' lang='lat' dir='ltr'><strong>voluit</strong></span> <span class='ocrx_word' id='word_1_570' title='bbox 1468 4661 1510 4722; x_wconf 90' lang='lat' dir='ltr'><strong>de</strong></span> <span class='ocrx_word' id='word_1_571' title='bbox 1530 4661 1604 4722; x_wconf 90' lang='lat' dir='ltr'><strong>rota</strong></span> <span class='ocrx_word' id='word_1_572' title='bbox 1628 4660 1709 4722; x_wconf 87' lang='lat' dir='ltr'><strong>solis</strong></span> <span class='ocrx_word' id='word_1_573' title='bbox 1728 4658 1933 4721; x_wconf 89' lang='lat' dir='ltr'><strong>descendere</strong></span> <span class='ocrx_word' id='word_1_574' title='bbox 1947 4660 1981 4720; x_wconf 91' lang='lat' dir='ltr'><strong>in</strong></span> 
     </span>
     <span class='ocr_line' id='line_1_46' title="bbox 328 4757 1977 4834; baseline -0.005 -8"><span class='ocrx_word' id='word_1_575' title='bbox 328 4763 397 4826; x_wconf 89' lang='lat' dir='ltr'><strong>alta</strong></span> <span class='ocrx_word' id='word_1_576' title='bbox 412 4762 646 4824; x_wconf 85' lang='lat' dir='ltr'><strong>conscendere.</strong></span> <span class='ocrx_word' id='word_1_577' title='bbox 901 4775 907 4782; x_wconf 92' lang='lat'>·</span> <span class='ocrx_word' id='word_1_578' title='bbox 1182 4759 1293 4820; x_wconf 90' lang='lat' dir='ltr'><strong>aulam</strong></span> <span class='ocrx_word' id='word_1_579' title='bbox 1312 4757 1473 4834; x_wconf 81' lang='lat' dir='ltr'><strong>Virginis.</strong></span> <span class='ocrx_word' id='word_1_580' title='bbox 1501 4761 1581 4820; x_wconf 87' lang='lat' dir='ltr'><strong>Gom</strong></span> <span class='ocrx_word' id='word_1_581' title='bbox 1605 4759 1695 4820; x_wconf 92' lang='lat' dir='ltr'><strong>enim</strong></span> <span class='ocrx_word' id='word_1_582' title='bbox 1709 4758 1831 4821; x_wconf 89' lang='lat' dir='ltr'><strong>missus</strong></span> <span class='ocrx_word' id='word_1_583' title='bbox 1845 4759 1898 4818; x_wconf 88' lang='lat' dir='ltr'><strong>est</strong></span> <span class='ocrx_word' id='word_1_584' title='bbox 1911 4771 1977 4818; x_wconf 90' lang='lat' dir='ltr'><strong>an-</strong></span> 
     </span>
     <span class='ocr_line' id='line_1_47' title="bbox 1181 4855 1978 4933; baseline -0.005 -15"><span class='ocrx_word' id='word_1_585' title='bbox 1181 4855 1277 4933; x_wconf 88' lang='lat' dir='ltr'><strong>gelus</strong></span> <span class='ocrx_word' id='word_1_586' title='bbox 1291 4855 1424 4918; x_wconf 79' lang='lat' dir='ltr'><strong>dahriel</strong></span> <span class='ocrx_word' id='word_1_587' title='bbox 1438 4856 1551 4918; x_wconf 84' lang='lat' dir='ltr'><strong>terens</strong></span> <span class='ocrx_word' id='word_1_588' title='bbox 1573 4857 1723 4918; x_wconf 89' lang='lat' dir='ltr'><strong>chartam</strong></span> <span class='ocrx_word' id='word_1_589' title='bbox 1745 4855 1932 4918; x_wconf 83' lang='lat' dir='ltr'><strong>salvatoris</strong></span> <span class='ocrx_word' id='word_1_590' title='bbox 1944 4856 1978 4916; x_wconf 91' lang='lat' dir='ltr'><strong>in</strong></span> 
     </span>
    </p>

    <p class='ocr_par' dir='ltr' id='par_1_9' title="bbox 664 4953 1975 5046">
     <span class='ocr_line' id='line_1_48' title="bbox 664 4953 1975 5046; baseline -0.003 -30"><span class='ocrx_word' id='word_1_591' title='bbox 664 4957 794 5046; x_wconf 76' lang='lat' dir='ltr'>XXIV</span> <span class='ocrx_word' id='word_1_592' title='bbox 1182 4969 1293 5028; x_wconf 87' lang='lat' dir='ltr'><strong>manu,</strong></span> <span class='ocrx_word' id='word_1_593' title='bbox 1314 4955 1348 5016; x_wconf 87' lang='lat' dir='ltr'><strong>et</strong></span> <span class='ocrx_word' id='word_1_594' title='bbox 1372 4955 1543 5031; x_wconf 85' lang='lat' dir='ltr'><strong>Virginem</strong></span> <span class='ocrx_word' id='word_1_595' title='bbox 1568 4953 1724 5016; x_wconf 89' lang='lat' dir='ltr'><strong>salutavit</strong></span> <span class='ocrx_word' id='word_1_596' title='bbox 1743 4953 1776 5017; x_wconf 88' lang='lat' dir='ltr'><strong>in</strong></span> <span class='ocrx_word' id='word_1_597' title='bbox 1797 4953 1975 5024; x_wconf 87' lang='lat' dir='ltr'><strong>Nazareth,</strong></span> 
     </span>
    </p>

    <p class='ocr_par' dir='ltr' id='par_1_10' title="bbox 1150 5041 2089 5128">
     <span class='ocr_line' id='line_1_49' title="bbox 1150 5041 2089 5128; baseline -0.005 -14"><span class='ocrx_word' id='word_1_598' title='bbox 1150 5057 1151 5060; x_wconf 76' lang='grc'>’</span> <span class='ocrx_word' id='word_1_599' title='bbox 1182 5055 1269 5114; x_wconf 85' lang='lat' dir='ltr'><strong>Deus</strong></span> <span class='ocrx_word' id='word_1_600' title='bbox 1284 5052 1441 5125; x_wconf 84' lang='lat' dir='ltr'><strong>cinerem,</strong></span> <span class='ocrx_word' id='word_1_601' title='bbox 1458 5052 1602 5114; x_wconf 88' lang='lat' dir='ltr'><strong>Verbum</strong></span> <span class='ocrx_word' id='word_1_602' title='bbox 1617 5065 1763 5124; x_wconf 87' lang='lat' dir='ltr'><strong>earnem,</strong></span> <span class='ocrx_word' id='word_1_603' title='bbox 1780 5049 1908 5128; x_wconf 47' lang='lat' dir='ltr'><strong>,figulus</strong></span> <span class='ocrx_word' id='word_1_604' title='bbox 1928 5051 1980 5110; x_wconf 92' lang='lat' dir='ltr'><strong>lu·</strong></span> <span class='ocrx_word' id='word_1_605' title='bbox 2088 5041 2089 5092; x_wconf 75' lang='lat' dir='ltr'><strong>l</strong></span> 
     </span>
    </p>
   </div>
   <div class='ocr_carea' id='block_1_8' title="bbox 367 5149 2089 5324">
    <p class='ocr_par' dir='ltr' id='par_1_11' title="bbox 367 5149 2089 5324">
     <span class='ocr_line' id='line_1_50' title="bbox 367 5149 2089 5236; baseline -0.002 -25"><span class='ocrx_word' id='word_1_606' title='bbox 367 5171 1085 5235; x_wconf 42' lang='lat' dir='ltr'>11.-1NDED10AT10NEEGGL531AE,</span> <span class='ocrx_word' id='word_1_607' title='bbox 1182 5151 1263 5224; x_wconf 90' lang='lat' dir='ltr'><strong>tum,</strong></span> <span class='ocrx_word' id='word_1_608' title='bbox 1286 5149 1410 5212; x_wconf 82' lang='lat' dir='ltr'><strong>artilex</strong></span> <span class='ocrx_word' id='word_1_609' title='bbox 1426 5165 1509 5228; x_wconf 93' lang='lat' dir='ltr'><strong>opus</strong></span> <span class='ocrx_word' id='word_1_610' title='bbox 1530 5166 1638 5223; x_wconf 88' lang='lat' dir='ltr'><strong>suum,</strong></span> <span class='ocrx_word' id='word_1_611' title='bbox 1660 5149 1819 5213; x_wconf 85' lang='lat' dir='ltr'><strong>Dominus</strong></span> <span class='ocrx_word' id='word_1_612' title='bbox 1835 5163 1979 5218; x_wconf 84' lang='lat' dir='ltr'><strong>servum,</strong></span> <span class='ocrx_word' id='word_1_613' title='bbox 2088 5165 2089 5236; x_wconf 52' lang='lat'>;</span> 
     </span>
     <span class='ocr_line' id='line_1_51' title="bbox 1182 5243 2089 5324; baseline -0.004 -15"><span class='ocrx_word' id='word_1_614' title='bbox 1182 5249 1251 5310; x_wconf 88' lang='lat' dir='ltr'><strong>vita</strong></span> <span class='ocrx_word' id='word_1_615' title='bbox 1273 5248 1484 5310; x_wconf 88' lang='lat' dir='ltr'><strong>morticinum</strong></span> <span class='ocrx_word' id='word_1_616' title='bbox 1508 5248 1629 5310; x_wconf 83' lang='lat' dir='ltr'><strong>induit</strong></span> <span class='ocrx_word' id='word_1_617' title='bbox 1656 5248 1692 5308; x_wconf 85' lang='lat' dir='ltr'><strong>Si</strong></span> <span class='ocrx_word' id='word_1_618' title='bbox 1718 5261 1798 5323; x_wconf 88' lang='lat' dir='ltr'><strong>ergo</strong></span> <span class='ocrx_word' id='word_1_619' title='bbox 1822 5247 1980 5324; x_wconf 88' lang='lat' dir='ltr'><strong>seipsum</strong></span> <span class='ocrx_word' id='word_1_620' title='bbox 2088 5243 2089 5272; x_wconf 68' lang='lat'><em>³</em></span> 
     </span>
    </p>
   </div>
   <div class='ocr_carea' id='block_1_9' title="bbox 327 5343 1982 5722">
    <p class='ocr_par' dir='ltr' id='par_1_12' title="bbox 327 5343 1982 5623">
     <span class='ocr_line' id='line_1_52' title="bbox 373 5343 1979 5425; baseline -0.006 -13"><span class='ocrx_word' id='word_1_621' title='bbox 373 5354 436 5412; x_wconf 84' lang='lat' dir='ltr'><strong>Vos</strong></span> <span class='ocrx_word' id='word_1_622' title='bbox 450 5354 509 5425; x_wconf 81' lang='lat' dir='ltr'><strong>qut</strong></span> <span class='ocrx_word' id='word_1_623' title='bbox 522 5351 710 5412; x_wconf 74' lang='lat' dir='ltr'><strong>transituri</strong></span> <span class='ocrx_word' id='word_1_624' title='bbox 733 5351 817 5412; x_wconf 79' lang='lat' dir='ltr'><strong>estis</strong></span> <span class='ocrx_word' id='word_1_625' title='bbox 837 5353 1027 5413; x_wconf 61' lang='lat' dir='ltr'><strong>iudanam</strong></span> <span class='ocrx_word' id='word_1_626' title='bbox 1045 5351 1129 5410; x_wconf 83' lang='lat' dir='ltr'><strong>oedt-</strong></span> <span class='ocrx_word' id='word_1_627' title='bbox 1183 5345 1370 5408; x_wconf 84' lang='lat' dir='ltr'><strong>exinanivit</strong></span> <span class='ocrx_word' id='word_1_628' title='bbox 1404 5347 1543 5408; x_wconf 82' lang='lat' dir='ltr'><strong>sormam</strong></span> <span class='ocrx_word' id='word_1_629' title='bbox 1576 5346 1666 5408; x_wconf 88' lang='lat' dir='ltr'><strong>servi</strong></span> <span class='ocrx_word' id='word_1_630' title='bbox 1700 5345 1881 5423; x_wconf 88' lang='lat' dir='ltr'><strong>accipiens,</strong></span> <span class='ocrx_word' id='word_1_631' title='bbox 1904 5343 1979 5421; x_wconf 91' lang='lat' dir='ltr'><strong>quid</strong></span> 
     </span>
     <span class='ocr_line' id='line_1_53' title="bbox 327 5440 1982 5522; baseline -0.005 -15"><span class='ocrx_word' id='word_1_632' title='bbox 327 5447 548 5520; x_wconf 74' lang='lat' dir='ltr'><strong>ucutcatture</strong></span> <span class='ocrx_word' id='word_1_633' title='bbox 558 5449 715 5521; x_wconf 76' lang='lat' dir='ltr'><strong>Dmnlno,</strong></span> <span class='ocrx_word' id='word_1_634' title='bbox 732 5450 950 5522; x_wconf 81' lang='lat' dir='ltr'><strong>delapidihus</strong></span> <span class='ocrx_word' id='word_1_635' title='bbox 962 5448 1130 5521; x_wconf 74' lang='lat' dir='ltr'><strong>quassar-</strong></span> <span class='ocrx_word' id='word_1_636' title='bbox 1183 5444 1270 5506; x_wconf 91' lang='lat' dir='ltr'><strong>inter</strong></span> <span class='ocrx_word' id='word_1_637' title='bbox 1282 5444 1456 5506; x_wconf 89' lang='lat' dir='ltr'><strong>mortalem</strong></span> <span class='ocrx_word' id='word_1_638' title='bbox 1479 5445 1597 5521; x_wconf 90' lang='lat' dir='ltr'><strong>pellem</strong></span> <span class='ocrx_word' id='word_1_639' title='bbox 1613 5444 1728 5505; x_wconf 82' lang='lat' dir='ltr'><strong>fremis</strong></span> <span class='ocrx_word' id='word_1_640' title='bbox 1743 5441 1900 5505; x_wconf 89' lang='lat' dir='ltr'><strong>conclusa</strong></span> <span class='ocrx_word' id='word_1_641' title='bbox 1915 5440 1982 5502; x_wconf 89' lang='lat' dir='ltr'><strong>sal-</strong></span> 
     </span>
     <span class='ocr_line' id='line_1_54' title="bbox 328 5538 1978 5623; baseline -0.004 -17"><span class='ocrx_word' id='word_1_642' title='bbox 328 5559 410 5606; x_wconf 76' lang='lat' dir='ltr'><strong>rum</strong></span> <span class='ocrx_word' id='word_1_643' title='bbox 421 5559 492 5607; x_wconf 81' lang='lat' dir='ltr'><strong>nou</strong></span> <span class='ocrx_word' id='word_1_644' title='bbox 506 5545 619 5622; x_wconf 79' lang='lat' dir='ltr'><strong>tetigit</strong></span> <span class='ocrx_word' id='word_1_645' title='bbox 633 5543 742 5623; x_wconf 72' lang='lat' dir='ltr'><strong>(Desit.</strong></span> <span class='ocrx_word' id='word_1_646' title='bbox 758 5548 866 5615; x_wconf 81' lang='lat' dir='ltr'><strong>xxvii,</strong></span> <span class='ocrx_word' id='word_1_647' title='bbox 882 5548 912 5617; x_wconf 84' lang='grc'><strong>4,</strong></span> <span class='ocrx_word' id='word_1_648' title='bbox 924 5541 969 5623; x_wconf 86' lang='grc'>5).</span> <span class='ocrx_word' id='word_1_649' title='bbox 1182 5557 1264 5619; x_wconf 89' lang='lat' dir='ltr'><strong>sugo</strong></span> <span class='ocrx_word' id='word_1_650' title='bbox 1280 5545 1286 5602; x_wconf 85' lang='lat' dir='ltr'><strong>i</strong></span> <span class='ocrx_word' id='word_1_651' title='bbox 1317 5542 1484 5620; x_wconf 88' lang='lat' dir='ltr'><strong>Numquid</strong></span> <span class='ocrx_word' id='word_1_652' title='bbox 1506 5542 1609 5616; x_wconf 91' lang='lat' dir='ltr'><strong>dices,</strong></span> <span class='ocrx_word' id='word_1_653' title='bbox 1633 5541 1837 5620; x_wconf 83' lang='lat' dir='ltr'><strong>figmentum,</strong></span> <span class='ocrx_word' id='word_1_654' title='bbox 1854 5538 1978 5618; x_wconf 87' lang='lat' dir='ltr'><strong>ligulo:</strong></span> 
     </span>
    </p>

    <p class='ocr_par' dir='ltr' id='par_1_13' title="bbox 369 5639 1537 5722">
     <span class='ocr_line' id='line_1_55' title="bbox 369 5639 1537 5722; baseline -0.001 -18"><span class='ocrx_word' id='word_1_655' title='bbox 369 5641 501 5704; x_wconf 87' lang='lat' dir='ltr'><strong>Primus</strong></span> <span class='ocrx_word' id='word_1_656' title='bbox 515 5642 548 5705; x_wconf 91' lang='lat' dir='ltr'><strong>et</strong></span> <span class='ocrx_word' id='word_1_657' title='bbox 562 5643 727 5706; x_wconf 82' lang='lat' dir='ltr'><strong>maximus</strong></span> <span class='ocrx_word' id='word_1_658' title='bbox 744 5641 980 5722; x_wconf 86' lang='lat' dir='ltr'><strong>prophetarum</strong></span> <span class='ocrx_word' id='word_1_659' title='bbox 993 5643 1128 5722; x_wconf 79' lang='lat' dir='ltr'><strong>Moyses</strong></span> <span class='ocrx_word' id='word_1_660' title='bbox 1184 5640 1262 5719; x_wconf 86' lang='lat' dir='ltr'><strong>quid</strong></span> <span class='ocrx_word' id='word_1_661' title='bbox 1276 5657 1328 5704; x_wconf 90' lang='lat' dir='ltr'><strong>me</strong></span> <span class='ocrx_word' id='word_1_662' title='bbox 1343 5639 1452 5705; x_wconf 86' lang='lat' dir='ltr'><strong>iecisti</strong></span> <span class='ocrx_word' id='word_1_663' title='bbox 1467 5639 1537 5703; x_wconf 79' lang='lat' dir='ltr'><strong>sici</strong></span> 
     </span>
    </p>
   </div>
   <div class='ocr_carea' id='block_1_10' title="bbox 0 0 2105 6404">
    <p class='ocr_par' dir='ltr' id='par_1_14' title="bbox 0 0 2105 6404">
     <span class='ocr_line' id='line_1_56' title="bbox 0 0 2105 6404; baseline 0 0"><span class='ocrx_word' id='word_1_664' title='bbox 0 0 2105 6404; x_wconf 95' lang='lat' dir='ltr'><strong> </strong></span> 
     </span>
    </p>
   </div>
  </div>
 </body>
</html>
