4214 6400
339 271 380 330 23
469 219 473 224 ⁴
958 260 1135 322 nonanti
1156 259 1201 319 111
1223 260 1372 322 ornan.
1627 275 1633 288 ·
1689 234 1693 243 '
1943 271 1976 331 24

340 427 436 492 vobis
457 424 612 488 duximus
640 422 889 500 indulgendum,
918 422 955 482 ut
984 419 1137 498 quotiens

342 539 402 603 pro
418 523 611 600 corporibus
633 523 838 582 mortuorum
865 519 899 580 in
923 517 1137 596 processione

342 637 401 684 vos
419 621 512 683 exire
532 619 718 695 contigerit,
733 633 875 690 crucem,
896 615 1079 686 incensum,
1105 612 1138 675 et

343 735 466 797 aquarn
488 717 695 779 benedictam
719 715 883 792 portandi,
893 715 989 792 juxta
1012 726 1137 772 morem

342 819 452 889 terrae,
475 817 625 887 liberam,
653 813 778 876 nullius
804 810 1064 875 contradictione
1084 808 1137 871 'vel

342 914 566 992 appellatione
594 913 756 984 obstante,
783 909 934 972 habeatis
960 909 1001 968 de
1024 907 1138 969 nostra

344 1012 481 1074 licentia
506 1010 709 1074 facultatem.
737 1009 785 1072 Ad
812 1008 983 1085 exemplar
1008 1020 1138 1083 quoque

344 1109 505 1171 dictorum
531 1110 813 1186 praedecessorum
848 1106 1037 1167 nostrorum
1064 1104 1140 1164 Gle-

344 1207 463 1268 mentis
485 1208 518 1268 et
530 1205 726 1278 Innocentii,
743 1205 912 1267 licentiam
928 1201 1137 1264 concedimus

343 1304 415 1375 tibi,
439 1320 478 1365 ac
499 1304 656 1380 legitimis
680 1302 929 1365 successoribus
952 1300 1030 1372 tuis,
1056 1299 1092 1359 ut
1109 1298 1138 1358 si

343 1401 417 1479 quis
433 1402 581 1478 ejusdem
593 1401 788 1462 monasterii
800 1399 914 1471 vestri,
932 1399 965 1460 et
979 1397 1137 1459 cellarum

343 1500 415 1576 ejus
430 1499 671 1576 possessionen,
693 1499 826 1560 autres
849 1494 1141 1559 violenterabstu-

342 1594 430 1669 lerit,
454 1596 628 1674 postquam
655 1595 801 1673 ipsorum
825 1593 972 1671 episcopi
999 1608 1019 1652 a
1044 1590 1138 1652 vobis

342 1693 441 1754 tertio
454 1693 585 1755 invitati
593 1694 758 1772 justitiam
769 1693 866 1754 deeis
879 1691 988 1753 iacere
1003 1688 1138 1751 omnino

345 1790 525 1863 noluerint,
545 1807 605 1854 vos
626 1808 727 1869 super
750 1789 882 1852 eosdem
908 1789 1058 1866 raptores
1080 1801 1138 1846 se-

348 1886 456 1949 cundo
488 1888 628 1950 tertiove
667 1888 900 1960 commonitos,
944 1884 1139 1947 canonicam

346 1985 700 2046 excommunicationis
724 1985 923 2046 sententiam
948 1981 1136 2060 proferatis.

347 2081 394 2141 Ea
408 2096 499 2154 vem,
515 2097 589 2158 quae
604 2083 842 2145 monasterium
856 2083 1003 2144 vestrum
1023 2095 1141 2157 aqua-

345 2176 499 2253 draginta
511 2179 600 2241 retro
616 2181 713 2240 annis
727 2180 814 2241 bona
829 2179 894 2240 lide
917 2177 1066 2239 noscitur
1079 2191 1142 2253 pa-

345 2274 439 2336 cilice
452 2277 648 2351 possedisse,
665 2277 758 2338 vobis
771 2279 804 2338 et
816 2276 922 2338 eidem
938 2272 1139 2336 monasterio

345 2372 541 2434 auctoritate
582 2374 771 2451 Apostolica
807 2373 1051 2435 confirmamus.
1090 2369 1138 2431 lta

344 2467 477 2544 quidem
492 2471 576 2546 quod
601 2487 702 2548 super
721 2470 774 2532 his
797 2471 889 2532 nullo
903 2469 1140 2547 unquamtem·

344 2580 425 2642 pore
450 2567 606 2644 impediri
631 2568 790 2642 debeatis,
819 2568 872 2630 vel
896 2566 1139 2645 quomodolibet

344 2664 529 2725 molestari.

384 2762 599 2822 Decernimus
614 2779 705 2838 ergo,
722 2763 759 2826 ut
772 2763 856 2825 nulli
870 2763 1006 2826 omnino
1029 2761 1139 2825 homi-

344 2873 424 2917 num
443 2857 542 2921 lioeat
564 2859 739 2936 praefatum
760 2861 999 2923 monasterium
1014 2860 1138 2922 temere

343 2955 549 3030 perturbare,
575 2958 632 3018 aut
655 2959 728 3035 ejus
746 2957 973 3034 possessiones
993 2956 1136 3030 auterre,

266 3083 268 3088 .
344 3051 397 3112 vel
414 3051 542 3114 ablatas
560 3054 717 3127 retinere,
737 3055 896 3126 minuere,
920 3071 979 3116 seu
1001 3053 1140 3131 quibus-

344 3147 425 3211 libet
436 3151 669 3218 vexationibus
686 3150 837 3228 fatigare,
855 3152 912 3213 sed
928 3150 1055 3213 illibata
1067 3167 1140 3214 om-

344 3245 400 3306 nia
427 3247 460 3309 et
486 3247 617 3323 integra
650 3249 904 3321 conserventur,
938 3263 1053 3310 eorum
1078 3263 1138 3326 pro

344 3357 484 3419 quorum
497 3344 736 3420 gubernatione
750 3362 788 3407 ac
803 3346 1044 3408 sustentatione
1058 3361 1140 3408 con-

344 3455 438 3501 cessa
465 3443 543 3504 sunt
577 3443 691 3504 usibus
727 3443 925 3504 omnimodis
953 3443 1136 3520 protutura,

344 3537 438 3599 salva
459 3540 553 3601 Sedis
569 3541 767 3618 Apostolicae
787 3541 994 3603 auctoritate.
1017 3542 1052 3602 Si
1073 3557 1138 3619 qua

343 3635 447 3711 igitur
461 3635 497 3696 in
511 3635 658 3699 futurum
670 3639 908 3712 ecclesiastica,
923 3638 1138 3701 saecularisve

343 3747 497 3808 persona,
520 3733 607 3794 hanc
628 3736 750 3798 nostrae
770 3735 1015 3798 constitutionis
1043 3735 1140 3813 pagi-

344 3843 421 3888 nam
435 3830 554 3902 sciens,
572 3832 686 3892 contra
701 3848 774 3893 eam
787 3834 914 3894 temere
932 3834 1048 3894 venire
1059 3834 1137 3894 ten-

343 3925 475 3998 taverit,
502 3927 645 3988 secundo
669 3929 808 3990 tertiove
841 3931 1051 4001 commonita,
1072 3929 1138 3990 nisi

344 4023 636 4099 praesumptionem
666 4040 761 4085 suam
793 4026 957 4101 condigna
986 4025 1140 4088 satisfac-

344 4118 434 4180 tione
453 4121 646 4193 correxerit,
673 4121 844 4199 potestatis
868 4123 1071 4201 honorisque
1085 4124 1138 4185 sui

344 4215 503 4291 dignitate
519 4219 642 4287 careat,
659 4235 817 4298 reamque
838 4236 874 4282 se
889 4221 1001 4282 divirm
1010 4220 1138 4299 judicio

343 4314 488 4376 existere
503 4315 544 4377 de
559 4318 746 4394 perpetrata
758 4317 933 4396 iniquitate
948 4320 1135 4395 cognoscat,

343 4411 377 4473 et
397 4428 417 4472 a
437 4415 662 4477 sacratissimo
680 4432 817 4493 corpore
842 4433 882 4479 ac
901 4418 1063 4493 sanguine
1078 4417 1137 4479 Dei

343 4509 377 4569 et
390 4510 521 4570 Domini
536 4513 642 4574 nostri
661 4513 889 4591 Redemptoris
914 4517 993 4577 Jesu
1014 4514 1137 4577 Christi

343 4604 537 4679 alienafiat,
555 4609 652 4686 atque
673 4610 708 4669 in
724 4610 872 4672 extremo
895 4613 1049 4673 examine
1064 4612 1137 4673 dis-

343 4701 449 4763 trIctae
489 4703 609 4766 ultioni
644 4704 824 4784 subjaceat.
859 4709 992 4769 Cunctis
1027 4711 1137 4771 autem

343 4797 451 4859 eidem
479 4801 552 4862 loco
581 4819 641 4864 sua
662 4806 740 4880 jura
765 4805 974 4866 servantibus
1002 4806 1044 4868 sit
1072 4824 1138 4884 pax

342 4897 475 4958 Domini
491 4901 597 4962 nostri
610 4902 628 4962 J
631 4917 690 4962 esu
704 4901 837 4974 Christi,
855 4905 1017 4979 quatenus
1037 4905 1137 4966 ethic

342 4993 486 5057 fructum
500 4996 596 5059 bonae
615 4999 756 5060 actionis
778 5001 973 5078 percipiant,
994 5002 1027 5064 et
1050 5003 1136 5080 apud

341 5091 528 5156 districtum
552 5095 699 5173 yudicem
721 5099 858 5173 praemia
884 5099 1017 5162 aeternae
1046 5101 1137 5178 pacis

341 5189 524 5255 inveniant.
541 5198 657 5256 Amen.
671 5199 786 5256 Amen.

381 5292 449 5366 Ego
471 5293 650 5364 Honorius,
673 5293 845 5356 catholicae
869 5296 1026 5359 Ecclesiae
1048 5298 1138 5375 epis-

342 5401 453 5462 copus.

382 5489 450 5562 Ego
485 5486 661 5562 Nicotaus,
701 5495 910 5557 Tusculanus
945 5496 1135 5574 episcopus,

291 5635 292 5638 ,
342 5583 535 5662 subscripsi.

1231 421 1299 495 Ego
1314 421 1420 498 lingo,
1437 419 1598 482 Ostiensis
1613 421 1647 484 et
1660 421 1834 485 Velitrem.
1858 425 1977 500 episco-

1191 531 1264 592 pus,
1281 516 1472 593 subscripsi.

1231 615 1298 688 Ego
1338 615 1525 690 Pelagicus,
1563 615 1763 678 albanensis
1802 619 1977 698 episcopus,

1192 710 1385 788 subscripsi.

1231 811 1300 885 Ego
1336 809 1497 882 Ginthius,
1531 811 1564 872 S.
1597 813 1771 875 Laurentii
1797 811 1834 874 in
1867 815 1980 878 Lucina

1192 905 1364 983 presbyter
1375 907 1567 982 cardinalis
1582 908 1778 986 subscripsi.

1232 1006 1300 1079 Ego
1313 1006 1391 1077 Lea,
1407 1006 1496 1067 tituli
1522 1009 1652 1069 Sancte
1667 1008 1785 1069 Crucis
1805 1007 1842 1068 in
1864 1009 1979 1070 Hieru-

1193 1102 1295 1162 salem
1308 1101 1490 1180 presbyter,
1505 1104 1686 1166 cardinalis
1701 1105 1899 1182 subscripsi.

1232 1201 1300 1275 Ego
1315 1198 1489 1274 RobertuS,
1510 1201 1600 1263 tituli
1629 1203 1742 1264 Sancti
1771 1202 1930 1279 Stephani
1952 1205 1980 1266 in

1193 1297 1303 1358 monte
1338 1297 1440 1360 Coelio
1474 1298 1647 1377 presbyter
1678 1299 1877 1374 cardinalis,
1912 1302 1982 1362 sub-

1193 1394 1323 1471 scripsi.

1232 1494 1300 1567 Ego
1317 1493 1514 1570 Stephanus,
1527 1495 1675 1557 basilicae
1686 1495 1871 1557 Duodecim
1883 1499 1980 1572 Apos-

1192 1589 1335 1651 tolorum
1351 1591 1523 1670 presbyter
1538 1593 1730 1666 cardinalis,
1747 1593 1939 1669 subscripsi.

1233 1686 1302 1760 Ego
1325 1686 1455 1758 Petrus,
1483 1687 1573 1749 tituli
1608 1689 1721 1750 Sancti
1757 1688 1928 1749 Laurentii
1950 1689 1979 1747 in

1193 1783 1334 1844 Damaso
1347 1783 1519 1861 presbyter
1533 1785 1724 1858 cardinalis,
1743 1784 1935 1862 subscripsi.

1233 1881 1301 1956 Ego
1316 1881 1433 1953 Guido,
1447 1883 1558 1944 Sancti
1571 1883 1703 1944 Nicolai
1714 1883 1752 1944 in
1768 1899 1904 1945 carcere
1916 1881 1981 1942 Tul·

1193 1975 1283 2038 liano
1296 1976 1456 2039 diaconus
1470 1979 1661 2054 cardinalis,
1679 1979 1877 2057 subscripsi.

1233 2077 1300 2150 Ego
1338 2075 1549 2150 Octavianus,
1584 2079 1784 2140 Sanctorum
1826 2076 1930 2152 Sergii
1951 2078 1979 2137 et

1193 2171 1315 2233 Bacchi
1331 2172 1491 2234 diaconus
1505 2174 1695 2247 cardinalis,
1713 2173 1908 2250 subscripsi.

1233 2269 1301 2344 Ego
1328 2271 1527 2348 Raynerius,
1555 2272 1684 2334 Sanctae
1710 2273 1831 2333 Mariae
1854 2272 1887 2331 in
1908 2271 1977 2330 Cos-

1194 2366 1304 2426 medin
1319 2367 1477 2429 diaconus
1493 2368 1683 2442 cardinalis,
1699 2367 1895 2445 subscripsi.

1233 2465 1301 2538 Ego
1328 2466 1508 2538 Romanus,
1540 2465 1652 2528 Sancti
1674 2465 1797 2542 angeli
1828 2464 1976 2524 diaconus
2061 2453 2062 2512 ἒ

1193 2561 1384 2634 cardinalis,
1400 2561 1592 2640 subscripsi.

1232 2661 1300 2735 Ego
1321 2659 1518 2737 Stephanus,
1543 2661 1656 2722 Sancti
1672 2659 1814 2722 Adriani
1829 2659 1975 2719 diaconus

1193 2756 1384 2830 cardinalis,
1401 2757 1593 2835 subscripsi.
1679 2803 1681 2806 -

1232 2853 1350 2914 Datum
1385 2856 1518 2916 Perusii
1544 2871 1603 2932 per
1627 2871 1747 2916 manus
1766 2853 1867 2925 Vulli,
1883 2865 1974 2911 sacra

1193 2954 1351 3013 Romanae
1384 2953 1542 3014 Ecclesiae
1573 2953 1706 3026 notarii,
1738 2951 1882 3014 secundo
1910 2947 1973 3008 idus
2061 2971 2062 2978 .

1193 3049 1341 3125 augusti,
1368 3049 1550 3111 indictione
1584 3050 1718 3127 quarta,
1746 3043 1978 3110 incarnationis
2061 3083 2062 3134 l

1193 3145 1373 3208 Dominicae
1389 3163 1477 3208 anno
1493 3147 1669 3209 millesimo
1688 3145 1914 3209 ducentesimo
1925 3141 1976 3201 de-

1193 3243 1280 3305 cimo
1304 3244 1410 3316 sexto,
1433 3245 1644 3322 pontificatus
1665 3260 1744 3306 vero
1778 3241 1898 3306 domini
1917 3240 1977 3299 llo-
2061 3289 2062 3300 .

1193 3339 1281 3401 narii
1293 3343 1392 3418 Papae
1404 3341 1496 3404 tertii
1508 3357 1596 3402 anno
1608 3341 1728 3418 primo.
2061 3339 2062 3342 ’

1555 3537 1626 3622 XV

1312 3751 1365 3809 Ad
1377 3763 1495 3825 rcpem
1513 3751 1855 3812 Thessalonicensem.

1496 3871 1529 3928 tl
1542 3884 1609 3943 aug.
1627 3871 1705 3929 1216.

1233 4019 1345 4084 [liegest.
1356 4021 1403 4070 iol.
1418 4019 1443 4077 l,
1455 4019 1530 4086 epist.
1544 4021 1583 4071 m.
1594 4021 1650 4071 tiss.
1663 4021 1701 4072 La
1714 4021 1794 4071 l‘orte
1804 4020 1838 4068 du
1851 4013 1937 4078 thail]

1193 4172 1302 4244 Recipit
1316 4171 1370 4230 sub
1382 4172 1557 4246 protectione
1572 4173 1603 4228 D.
1618 4173 1703 4239 Petri,
1719 4170 1800 4228 salvo
1813 4169 1874 4243 J'ure
1890 4165 1968 4234 impa-

1227 4259 1338 4332 ratonsl
1356 4260 1670 4333 Constantinopolitani,
1688 4273 1790 4334 regem
1814 4252 1966 4318 thessalon.

1227 4353 1346 4425 ejusque
1360 4365 1491 4423 regnum.

1231 4494 1410 4568 Honorius,
1422 4495 1681 4565 etc.,carissimo
1691 4495 1726 4556 in
1737 4493 1866 4556 Christo
1877 4487 1967 4549 tilio...

1192 4594 1264 4670 regi
1277 4592 1546 4655 Thessalonicen.
1559 4591 1680 4654 illustri
1693 4593 1844 4663 salutem,
1860 4589 1918 4648 etc.
2061 4593 2062 4600 ’

1231 4692 1302 4753 Etsi
1317 4691 1458 4767 singulis
1472 4693 1646 4752 teneamur
1653 4690 1755 4768 justis
1770 4680 1967 4767 petitionibus

1192 4789 1339 4852 savorem
1362 4790 1579 4867 apostolicum
1598 4788 1773 4865 impertiri,
1796 4778 1968 4848 etmaxime

1192 4889 1226 4948 in
1240 4887 1336 4951 aetate
1346 4888 1461 4949 tenera
1476 4887 1674 4958 constitutis,
1690 4885 1805 4947 saltem
1816 4875 1967 4960 principes

1192 5002 1252 5065 per
1265 5001 1347 5064 quos
1369 4985 1595 5072 temporaliter
1612 4983 1765 5044 machina
1785 4976 1895 5042 mundi
1918 4985 1966 5032 re-

1192 5086 1290 5163 gitur,
1302 5099 1340 5146 eo
1363 5083 1519 5145 debemus
1534 5082 1676 5143 materni
1696 5081 1791 5142 lactis
1810 5069 1966 5139 dulcedine
2061 5071 2062 5074 ’

1192 5182 1377 5253 contovere,
1393 5197 1457 5256 quo
1471 5180 1577 5255 magis
1590 5179 1626 5242 in
1635 5179 1717 5256 ipsis
1732 5192 1806 5239 cum
1821 5173 1860 5236 ad
1874 5175 1966 5271 annos
2061 5259 2062 5266 ἵ

1192 5279 1401 5342 discretionis
1417 5277 1639 5355 pervenerint,
1656 5266 1965 5338 consuevititcclesn
2061 5267 2062 5356 J

1193 5379 1306 5441 utilius
1320 5376 1498 5455 provideri.
1514 5375 1593 5436 Tuis
1608 5375 1720 5452 igitur,
1737 5375 1783 5434 nli
1803 5372 1838 5433 in
1852 5359 1965 5428 Christo
2061 5371 2062 5402 ὲ

1193 5477 1375 5549 carissime,
1401 5476 1502 5554 justis
1530 5473 1685 5550 precibus
1712 5465 1870 5535 inclinati,
1899 5453 1965 5520 licet
2024 5461 2025 5464 ’
2061 5549 2062 5562 ¹

1192 5577 1295 5637 donec
1309 5575 1350 5636 ad
1364 5588 1469 5636 annos
1480 5569 1692 5634 discretionis
1702 5561 1898 5646 perveneris,
1914 5549 1964 5614 sub
