4200 6394
306 260 346 321 15
772 254 949 318 HONORII
970 254 1016 315 111
1038 253 1186 316 oraha.
1205 283 1243 298 -
1260 255 1495 320 SERMONES.
1917 265 1960 326 16

302 415 385 493 'quia
401 413 457 477 ubl
473 415 506 478 ta
518 415 693 488 inuenero,
712 413 759 476 ibi
778 415 812 478 te
822 413 990 494 judicabo.
1011 414 1104 477 Unde
1160 413 1272 494 (Prov.
1289 431 1312 489 1,
1333 414 1379 496 5).
1395 415 1520 478 Fidelis
1534 415 1623 478 enim
1639 401 1751 480 anima
1766 434 1841 482 cnm
1859 433 1960 482 rece-

307 513 388 575 dicit
414 513 450 575 in
476 513 623 576 Levitico
645 533 653 573 ε
682 515 761 576 Non
781 528 889 585 seres,
920 513 1015 584 idest,
1037 527 1103 574 non
1159 513 1244 589 perii
1258 512 1526 589 praedicationem
1542 514 1634 575 verbi
1650 515 1722 588 Dei,
1742 515 1770 578 si
1786 516 1828 576 ad
1850 519 1957 578 Deum

307 610 499 684 seminabis,
526 625 667 689 aarum·
686 611 783 672 tuum
808 614 946 672 diverso
973 613 1104 671 sanine
1159 611 1363 672 convertitur
1373 611 1521 673 carnalia
1535 613 1653 674 cuncta
1666 614 1865 690 despiciens,
1880 632 1958 692 quae

308 707 428 788 (Lavit.
444 725 517 780 xix,
536 708 599 789 19).
616 710 706 784 Ager
720 708 770 768 ast
784 723 876 768 mens
892 706 1036 769 hominis
1051 707 1103 769 vel
1160 724 1290 769 sursum
1313 710 1389 770 sunt
1410 709 1545 784 quaerit,
1574 725 1640 770 non
1664 727 1736 786 quae
1762 728 1865 788 super
1884 713 1959 772 ter-

308 805 523 878 conscientia,
542 806 628 884 quod
649 805 734 866 sicut
757 821 838 881 agor
858 805 977 882 recipit
991 820 1103 866 semen
1158 821 1246 881 ram;
1268 805 1337 869 odit
1355 806 1510 880 delicias3
1527 806 1616 868 amat
1631 809 1867 870 continentiam
1878 826 1887 881 ;
1902 811 1959 870 ta-

308 906 345 966 ut
368 905 468 968 iaciat
490 904 613 966 bonnm
632 893 788 976 fructum,
811 903 859 964 ita
880 920 974 964 mens
990 903 1104 965 nostra
1158 903 1200 964 lis
1215 903 1328 964 anima
1342 904 1430 980 parit
1444 904 1638 976 masculum,
1657 903 1753 978 idest,
1769 906 1960 967 rationabi-

309 1002 405 1066 debet
421 1003 572 1079 recipere
589 1017 713 1074 semen,
731 999 819 1062 idest
830 1000 967 1067 verbum
984 1001 1056 1073 Dei,
1071 1001 1105 1061 et
1158 1001 1223 1061 lem
1239 1016 1373 1062 sensnm
1385 1001 1438 1062 vel
1451 1016 1533 1078 opus
1548 1001 1747 1077 perlectum,
1769 1003 1855 1078 quod
1870 1002 1958 1064 bene

309 1099 552 1162 lacerebonum
564 1099 718 1161 fructum.
1158 1098 1374 1174 intelligendo
1400 1097 1506 1161 nutrit
1534 1098 1618 1159 illud
1644 1100 1724 1161 Deo.
1759 1099 1843 1172 Quia
1870 1101 1960 1162 sicut

350 1197 443 1259 Unde
455 1198 490 1258 in
502 1197 702 1274 Evangelio:
720 1198 838 1259 Omnis
847 1199 952 1258 arbor
966 1197 1024 1270 naci
1036 1209 1105 1257 non
1158 1197 1260 1258 Beata
1275 1195 1377 1271 Virgo
1394 1197 1546 1274 concepit
1560 1196 1727 1258 Christum
1744 1212 1805 1274 per
1821 1213 1958 1259 samem

307 1295 553 1370 facttsraactum
568 1293 1105 1369 nonum,eaeaaeturetaarpaem
1160 1293 1195 1354 iu
1214 1293 1321 1366 utero,
1342 1291 1389 1354 ita
1409 1292 1517 1354 tidelis
1536 1293 1647 1355 anima
1667 1292 1764 1354 debet
1780 1295 1959 1371 concipere

307 1393 468 1456 mittetur
480 1390 612 1472 (Matth.
626 1407 685 1463 un,
704 1389 769 1470 19).
785 1390 815 1451 N
818 1405 861 1452 on
876 1389 976 1452 dicit:
991 1390 1104 1452 Omnis
1160 1390 1337 1464 Christum,
1359 1390 1454 1463 idest,
1471 1405 1555 1467 opus
1576 1389 1758 1467 perlectum
1775 1406 1834 1469 per
1857 1391 1958 1454 iidem

307 1489 408 1552 arbor
424 1505 499 1566 quae
523 1503 590 1550 non
604 1487 685 1551 facit
698 1487 843 1550 fructum
864 1487 921 1548 sed
943 1503 1016 1564 quae
1037 1502 1104 1548 non
1159 1489 1196 1549 in
1226 1488 1338 1549 animo
1364 1509 1372 1549 ι
1397 1487 1430 1550 et
1456 1487 1542 1549 sicut
1569 1488 1671 1548 Beata
1697 1489 1798 1564 Virgo
1827 1490 1959 1566 peperit

306 1585 389 1648 iacit
402 1586 546 1648 fructum
564 1585 698 1658 bonum,
716 1585 832 1648 volens
851 1585 994 1661 intelligi
1018 1583 1104 1661 quod
1160 1585 1326 1648 Christum
1341 1586 1376 1647 in
1392 1585 1524 1656 saeculo,
1541 1585 1589 1646 ita
1608 1583 1716 1645 tidelis
1731 1585 1844 1646 anima
1859 1585 1959 1649 debet

308 1683 437 1748 iaciunt
462 1683 594 1761 quidem
623 1682 767 1745 iunctum
793 1682 941 1744 sednon
968 1681 1102 1743 bonum.
1160 1699 1279 1760 parere
1303 1683 1481 1755 Christum,
1498 1682 1594 1754 idest,
1612 1697 1695 1758 opus
1717 1681 1897 1759 perlectum
1920 1683 1957 1744 in

307 1779 409 1843 Verbi
437 1780 545 1858 gratia
567 1801 574 1841 a
605 1781 822 1858 Eleemosyna
847 1779 953 1842 bonus
978 1779 1104 1846 fructus
1160 1797 1270 1858 opere.
1288 1779 1460 1851 Debemus,
1475 1779 1606 1851 fratrea,
1624 1780 1818 1856 nosmetipsi
1832 1781 1958 1842 matres

308 1881 360 1943 est
378 1882 411 1942 et
433 1879 556 1941 bonum
576 1896 657 1957 opus
671 1879 757 1957 quod
772 1879 931 1941 Dominus
955 1879 1106 1956 praecipit
1161 1893 1234 1941 esse
1251 1878 1386 1946 Christi,
1402 1877 1432 1938 si
1445 1878 1599 1938 volumus
1612 1893 1686 1938 esse
1698 1876 1798 1950 beati,
1816 1877 1844 1938 si
1857 1878 1959 1939 uoln-

308 1979 345 2040 in
368 1977 549 2054 Evangelio
568 1997 576 2037 ε
598 1979 686 2040 Data
707 1983 961 2052 eleemosynam
979 1977 1013 2038 et
1032 1991 1107 2038 oot-
1160 1993 1233 2038 mus
1248 1992 1321 2037 esse
1332 1974 1539 2052 justi;·beati
1553 1990 1613 2052 per
1632 1974 1784 2050 gloriam,
1796 1975 1880 2053 justi
1896 1991 1958 2052 per

308 2079 369 2138 nic
378 2079 508 2137 munda
521 2075 602 2138 sunt
612 2076 705 2137 aohts
714 2073 806 2153 (Luc.
823 2077 850 2147 l,
861 2073 926 2153 42).
942 2076 981 2136 ut
994 2075 1029 2134 in
1043 2077 1106 2134 Ec-
1160 2075 1313 2150 gratiam.

309 2173 497 2236 clesiastico
510 2194 518 2234 ε
533 2173 914 2249 Sicutoouaeoetiaguit
927 2173 1106 2249 incompta
1200 2171 1363 2234 Debemus
1385 2172 1553 2234 Christum
1576 2171 1762 2249 concipere,
1789 2170 1956 2232 Christum

308 2278 523 2346 eleemosyna
542 2272 715 2347 extinguit
730 2270 911 2346 peccatam
924 2267 1039 2348 (Eccli.
1053 2285 1103 2342 nr,
1160 2271 1339 2347 parturire,
1362 2270 1531 2332 Christum
1551 2285 1680 2348 parere,
1707 2269 1873 2330 Christum
1895 2285 1959 2329 na-

310 2368 376 2449 33).
400 2369 462 2430 Sed
481 2369 602 2446 siquis
622 2368 717 2431 daret
732 2368 976 2445 eleemosynam
991 2366 1031 2427 de
1049 2383 1107 2428 ra·
1160 2369 1228 2430 tum
1253 2367 1442 2444 possideres
1457 2368 1668 2445 Concipimns
1688 2383 1768 2442 ergo
1789 2366 1957 2428 Christum

309 2467 398 2546 pinis
429 2483 488 2528 seu
518 2466 559 2527 de
588 2465 684 2528 furtis
709 2466 742 2528 et
762 2465 905 2537 caeteris,
931 2481 997 2526 non
1019 2465 1106 2528 esset
1160 2465 1342 2543 perfidem,
1361 2465 1565 2544 parturimus
1585 2481 1645 2542 per
1661 2463 1956 2525 bonamvolunta·

306 2563 433 2626 iructus
461 2563 568 2624 bonus
593 2563 651 2624 sed
677 2563 796 2624 malus.
823 2563 881 2624 Est
906 2578 1019 2624 semen
1040 2562 1104 2624 bo·
1160 2565 1243 2636 tem,
1265 2563 1413 2640 parimus
1432 2579 1491 2641 per
1517 2563 1640 2624 bonam
1665 2561 1847 2634 actionem,
1867 2577 1956 2637 gau-

306 2677 386 2722 num
408 2661 441 2724 et
463 2677 576 2723 semen
596 2661 730 2722 malum.
757 2663 876 2723 Samen
900 2659 1023 2722 bonnm
1056 2660 1107 2722 est
1161 2660 1310 2722 alchimus
1327 2659 1368 2722 de
1386 2662 1465 2722 nato
1480 2660 1549 2721 illio
1564 2675 1623 2737 per
1638 2660 1796 2721 aetornam
1812 2658 1959 2720 retribu-

306 2758 445 2820 uerbum
473 2760 552 2831 Dei,
589 2759 622 2820 et
656 2758 848 2836 praedicatio
879 2758 1103 2836 praelatorum.
1160 2759 1295 2820 tionem.
1324 2757 1417 2819 Unde
1439 2757 1529 2819 canit
1551 2755 1721 2818 Ecclesia:
1744 2755 1875 2832 «Virgo
1896 2756 1958 2816 Dei

310 2858 429 2916 Samen
451 2855 574 2916 malum
594 2855 645 2916 est
662 2855 843 2932 peccatum.
875 2855 971 2916 llnda
989 2855 1106 2917 Eccle-
1160 2856 1356 2928 «debitrix,
1379 2871 1477 2933 quom
1497 2854 1585 2917 totus
1603 2868 1669 2915 non
1692 2853 1781 2930 capit
1802 2853 1901 2923 orbis,
1919 2852 1957 2913 in

308 2952 484 3014 siasticus:
500 2955 579 3014 Nora
593 2956 742 3014 semines
753 2957 855 3025 molo,
873 2952 984 3014 elnon
998 2953 1107 3013 metes
1161 2953 1251 3014 «tua
1271 2969 1307 3014 se
1328 2952 1449 3016 clausit
1467 2952 1599 3016 viscera
1622 2951 1728 3014 lactus
1752 2949 1892 3011 homo.»
1913 2950 1956 3009 Et

309 3065 352 3113 ca
371 3051 565 3124 septuplum
590 3047 705 3127 (Ecoli.
726 3065 784 3121 vn,
806 3047 851 3129 3).
868 3049 1008 3110 Peccata
1030 3049 1107 3111 suut
1161 3049 1196 3112 ln
1217 3050 1375 3113 Psalmo:
1402 3051 1536 3112 Veritas
1557 3053 1599 3111 de
1621 3049 1720 3111 terro
1733 3049 1811 3110 orta
1831 3045 1893 3118 cst,
1920 3047 1956 3108 et

309 3147 405 3226 qnasi
420 3147 559 3208 semina.
577 3147 802 3208 seminatores
817 3146 895 3208 sunt
909 3147 965 3223 qui
980 3145 1108 3208 iaciunt
1162 3150 1261 3211 terra
1271 3149 1494 3210 nostradedit
1504 3147 1772 3222 slawtumsuaam
1783 3142 1887 3224 (Psal.
1903 3145 1956 3213 84,

207 3262 212 3271 ·
308 3245 492 3325 peccatum.
503 3248 606 3306 Terra
618 3244 674 3305 nbi
687 3243 1104 3316 seminaturostiniernns,
1162 3244 1289 3326 12-13).
1308 3248 1388 3307 Haec
1407 3247 1458 3306 est
1476 3245 1536 3307 illa
1551 3246 1644 3307 terra
1658 3244 1698 3305 de
1713 3259 1777 3321 qua
1792 3241 1958 3304 secundus

309 3343 380 3405 sive
399 3358 492 3404 mens
516 3342 672 3404 bom-inis.
695 3345 821 3404 Messes
843 3343 922 3404 sunt
942 3342 1107 3404 tormenta
1161 3342 1266 3405 Adam
1280 3343 1441 3406 formatus
1456 3345 1507 3404 est
1520 3341 1652 3420 quaudo
1667 3340 1842 3403 inclinavit
1856 3340 1961 3401 coelos

309 3439 571 3503 innumerabilia
604 3440 637 3502 et
669 3440 812 3512 infinita,
844 3439 930 3517 quod
956 3441 1106 3518 quamvis
1162 3442 1195 3504 et
1204 3440 1384 3504 descendit.
1397 3443 1476 3502 llaec
1486 3441 1636 3503 estterra
1647 3439 1688 3500 de
1698 3455 1762 3517 qna
1773 3438 1820 3499 ait
1831 3439 1960 3499 isaias:

308 3541 443 3617 peccata
476 3539 543 3600 sint
567 3538 765 3616 temporalia
794 3537 968 3610 tormenta,
995 3538 1106 3600 tamen
1161 3541 1290 3601 Parate
1308 3542 1384 3601 ooelt
1403 3539 1605 3613 essuperet
1623 3536 1963 3612 aubesplucatjus-

308 3639 385 3699 sunt
398 3638 609 3714 sempiterna,
627 3638 660 3699 et
675 3637 751 3698 ideo
768 3636 853 3699 bene
868 3636 1010 3699 dicitur:
1031 3639 1107 3699 Non
1163 3638 1246 3708 tum,
1263 3637 1446 3710 aperiatur
1456 3637 1554 3697 terra
1569 3637 1604 3696 et
1616 3634 1789 3710 perdiscet
1802 3633 1964 3695 Salomo-

308 3733 453 3794 semines
474 3734 573 3804 mala,
596 3733 692 3800 idest,
713 3750 755 3793 ne
774 3733 877 3795 lacios
896 3734 1048 3811 peccata,
1075 3734 1109 3797 et
1161 3751 1238 3798 rem
1260 3731 1317 3813 (le.
1333 3749 1410 3806 xor,
1432 3731 1479 3812 8).
1500 3735 1539 3794 Et
1557 3732 1593 3794 in
1607 3730 1739 3793 Psalmo
1761 3753 1768 3791 :
1788 3733 1960 3794 Fluminis

309 3846 375 3892 non
390 3832 546 3892 metesea
559 3830 595 3890 in
607 3829 804 3907 septuplum,
822 3830 917 3902 idest,
930 3848 997 3892 non
1012 3831 1105 3893 aflli-
1161 3834 1311 3908 impetus
1331 3832 1482 3904 laetificat
1499 3831 1676 3893 civitatem
1698 3831 1776 3902 Dei,
1801 3829 1962 3900 sanctiat-

310 3926 400 4003 geris
416 3926 644 4003 multipliciter
662 3925 695 3987 et
709 3926 913 3986 aeternaliter
933 3926 969 3986 in
981 3926 1104 3988 futuro.
1161 3933 1253 3992 canit
1267 3931 1637 3992 tabernaculumsuum
1646 3929 1855 4000 altissimus,
1866 3932 1961 3989 Deus

352 4023 567 4106 septenarius
580 4037 736 4083 numerus
747 4022 882 4099 ponitur
892 4022 947 4085 hic
959 4037 1019 4099 pro
1030 4024 1108 4083 uni·
1162 4031 1199 4088 ira
1210 4031 1322 4088 medio
1338 4030 1413 4100 ejas
1425 4042 1494 4089 oon
1508 4027 1776 4089 commonebitur
1789 4023 1893 4103 (Psal.
1907 4024 1958 4096 45,

309 4121 469 4184 versitate
495 4120 528 4182 et
549 4119 730 4194 intinitaie3
753 4135 794 4180 eo
818 4119 904 4196 qnod
929 4119 1001 4180 dies
1028 4123 1107 4181 anni
1162 4123 1250 4203 5-6).
1274 4127 1353 4186 Ηοοο
1377 4124 1495 4185 civitas
1515 4124 1567 4185 est
1584 4123 1687 4200 Virgo
1709 4122 1816 4184 Maria
1836 4122 1876 4183 da
1894 4138 1962 4198 qua

310 4222 387 4283 sunt
406 4222 542 4298 septem.
565 4219 604 4280 ut
626 4216 712 4279 sicut
731 4215 801 4277 dies
820 4217 877 4278 isti
897 4233 1027 4294 semper
1047 4233 1107 4278 re·-
1162 4222 1284 4284 dicitur
1300 4244 1307 4282 :
1325 4225 1480 4284 Glorioso
1499 4223 1589 4283 dicta
1607 4222 1689 4300 suni
1710 4224 1751 4282 de
1771 4221 1815 4294 te,
1835 4221 1962 4282 clauos

307 4319 492 4382 volvuntur
510 4317 543 4380 et
562 4321 751 4388 recurrunt,
775 4315 822 4376 ita
846 4315 1011 4377 tormenta
1030 4331 1109 4392 por·
1162 4322 1226 4380 Dei
1249 4317 1352 4397 (Psal.
1377 4320 1428 4386 86,
1451 4316 1496 4396 3).
1515 4321 1608 4379 Hanc
1626 4317 1792 4378 civitatem
1814 4315 1964 4378 laetificat

308 4417 408 4494 petua
429 4429 560 4491 semper
573 4414 792 4475 revolvuntur
806 4413 842 4473 in
856 4412 1026 4490 reprobos.
1049 4413 1107 4475 lllo
1162 4415 1309 4477 fluminis
1331 4415 1483 4494 impetus,
1512 4415 1650 4486 scilicet,
1678 4415 1786 4491 gratia
1817 4414 1963 4490 Spiritus

310 4513 392 4574 serit
409 4527 526 4588 agrum
540 4529 635 4572 snum
653 4511 785 4573 diverso
801 4511 927 4572 semine
945 4510 1001 4588 qui
1021 4526 1109 4588 prae-
1163 4514 1287 4576 Sancti.
1305 4516 1352 4574 Do
1370 4513 1433 4575 boc
1453 4513 1590 4574 flumine
1611 4512 1691 4574 dicit
1704 4515 1874 4574 loannes:
1896 4514 1963 4578 Qui

309 4609 398 4672 dicat
416 4611 469 4670 vel
486 4608 606 4686 recipit
626 4609 662 4669 in
682 4609 793 4668 mente
812 4623 873 4668 sua
892 4608 1107 4685 praedicatio·
1162 4613 1271 4672 credit
1286 4614 1323 4672 tra
1335 4626 1402 4682 mc,
1418 4611 1615 4683 flatrnincde
1628 4610 1749 4670 aeratae
1762 4611 1838 4681 ejus
1851 4609 1964 4681 fluerat

309 4725 385 4770 nem
413 4706 579 4779 ecclesiae,
609 4707 642 4768 et
669 4705 939 4784 praedicationem
968 4704 1107 4768 haereti·
1162 4723 1261 4782 aouoe
1271 4712 1361 4770 cicae
1375 4707 1484 4786 (ioan.
1498 4723 1556 4779 vu,
1569 4704 1635 4785 38).
1648 4706 1687 4766 ut
1699 4707 1814 4782 postea
1825 4705 1965 4782 subJun-

309 4821 434 4868 corum.
1162 4806 1658 4883 gitEvangelistazHocnutcm
1668 4804 1760 4864 discit
1772 4803 1960 4878 desparata

349 4907 430 4967 Item
449 4901 593 4964 :mulier
612 4917 686 4981 qnae
707 4901 862 4978 suscepto
877 4901 1003 4963 semine
1021 4902 1109 4979 parit
1161 4905 1401 4978 sanctonicam
1417 4903 1593 4978 accepturi
1608 4901 1710 4962 arant
1728 4901 1907 4964 medentes
1923 4903 1964 4962 tra

308 5002 504 5064 masculum.
518 5003 583 5062 Per
596 4999 781 5061 masculum
794 4998 1011 5076 intelligimus
1024 5015 1107 5077 opus
1162 5018 1241 5065 eum
1255 5001 1362 5082 (ibid.
1378 5000 1443 5080 39).

308 5100 503 5180 perfectum,
528 5097 598 5160 sive
619 5096 827 5174 spiritualem
846 5112 991 5158 sensum.
1015 5099 1107 5158 Tunc
1203 5100 1294 5171 Quod
1330 5098 1415 5160 dixit
1449 5100 1643 5172 civitatem,
1676 5101 1792 5176 postea
1828 5097 1965 5159 vocavit
2081 5077 2082 5086 ἵ

308 5214 388 5275 ergo
403 5197 524 5259 mulier
543 5196 698 5272 suscepto
714 5195 840 5256 semine
862 5194 951 5272 parit
969 5211 1106 5257 mascu-
1163 5199 1432 5269 tabernaculum,
1460 5197 1599 5269 scilicet,
1624 5199 1760 5258 Beatam
1787 5195 1963 5271 Virginem

306 5295 387 5364 lum,
411 5295 543 5373 qnando
568 5293 675 5354 tidelis
697 5293 808 5354 anima
831 5293 964 5370 recepta
984 5293 1108 5369 praedi-
1162 5312 1260 5373 quam
1283 5295 1514 5368 sanctificavit,
1533 5295 1619 5356 idest
1636 5295 1677 5356 ab
1697 5293 1855 5370 originali
1876 5308 1962 5369 pec-

308 5394 438 5457 catione
461 5392 553 5453 verbi
578 5391 639 5453 Dei
658 5393 796 5467 generat
819 5407 901 5468 opus
925 5389 1107 5468 perlectum
1162 5395 1235 5455 cato
1250 5393 1422 5456 mundavit
1443 5394 1476 5453 in
1500 5395 1610 5466 utero,
1632 5394 1736 5455 multo
1760 5391 1866 5467 magis
1894 5407 1963 5451 re«

306 5493 358 5554 uel
375 5489 574 5553 rationalem
588 5505 733 5550 sensnm.
751 5490 836 5550 Nam
850 5489 942 5564 iuxta
956 5490 1108 5551 Salomo—
1162 5508 1234 5552 rum
1264 5490 1314 5552 est
1338 5491 1379 5553 de
1402 5491 1550 5568 Virgine.
1583 5494 1677 5553 Hanc
1706 5491 1816 5552 autem
1843 5487 1964 5550 habuit

308 5607 383 5655 nem
414 5611 422 5649 ι
452 5591 604 5650 Acadieus
640 5591 780 5662 sapiatis
813 5589 1006 5662 sapientior
1038 5575 1107 5649 erit
1162 5589 1417 5668 praerogativam
1433 5589 1534 5653 Beata
1552 5589 1665 5665 Virgo,
1684 5589 1768 5667 qirild
1785 5587 1962 5664 postquam
