4234 6408
320 248 379 308 195

318 409 479 480 tinentas,
506 405 613 469 eidem
647 405 735 484 plebi
768 405 945 481 subtraxit,
973 407 1111 471 eamden

289 551 291 558 ,
318 504 537 566 nihilominus
550 503 763 581 proventibus
775 504 1113 583 quibusdamposses·

319 603 479 674 sionibus,
496 601 657 662 fructibus
691 603 882 664 earumdem
911 603 943 665 et
975 604 1111 664 decimis

318 699 509 776 spoliando,
541 713 640 776 super
668 699 787 777 quibus
815 701 968 762 omnibus
997 701 1113 778 petunt

318 795 381 857 sibi
392 796 556 872 justitiam
571 795 733 870 exbiberi,
755 798 788 859 et
801 797 946 875 priorem
964 798 1112 860 detenta

317 893 503 956 temeritate
522 895 644 971 puniri.
668 894 718 956 Ad
747 895 819 956 baec
843 893 906 958 tuit
926 911 970 958 ex
990 896 1111 973 prioris

316 993 411 1068 parte
433 1007 644 1069 responsum,
670 991 755 1070 quod
784 993 951 1070 prioratus
981 992 1111 1072 ipsein

929 249 1106 312 HONORII
1127 251 1173 312 111
1194 252 1342 314 OPERA.

1508 447 1625 534 CLIX

1166 673 1218 731 Act
1227 674 1385 743 patorem
1399 672 1432 732 ct
1446 671 1577 745 procrea
1591 673 1767 746 hospitatis
1781 675 1964 750 Jcroaotg-

1206 769 1331 828 tattoni
1356 782 1423 841 per
1449 783 1599 844 regnum
1626 772 1759 845 Anatim
1791 772 1967 834 constitu-

1207 864 1260 928 tos
1275 862 1336 944 (1).

1456 1003 1489 1061 re
1506 1003 1566 1077 jan.
1589 1003 1667 1063 salv.

317 1089 409 1150 nullo
431 1088 519 1165 plebi
535 1088 704 1166 subjaceat
722 1090 909 1164 antedictae,
935 1107 997 1152 nec
1020 1091 1112 1169 prior

316 1185 448 1247 tenetur
461 1185 601 1262 plebano
616 1186 652 1247 in
667 1185 779 1265 aliquo
798 1188 1011 1266 respondere,
1033 1187 1110 1266 quia

317 1295 391 1342 cum
406 1297 466 1358 per
483 1283 543 1344 Dei
564 1284 705 1360 gratiam
720 1285 899 1361 plurimum
923 1284 1112 1348 exercuerit
1166 1295 1254 1354 Priori
1271 1301 1300 1353 et
1322 1294 1454 1352 iratribus
1475 1294 1623 1368 hospitalis
1649 1297 1879 1370 ierosolymitani
1908 1313 1962 1371 per

315 1378 457 1456 populus
491 1382 660 1456 parocbiae
690 1382 869 1458 prioratus,
899 1382 1108 1444 dioecesanus
1200 1399 1322 1457 regnum
1331 1383 1443 1456 angliae
1452 1385 1611 1442 constitutis
1620 1383 1758 1458 indulget,
1770 1392 1801 1443 ut
1810 1386 1834 1442 si
1845 1385 1962 1458 quando

316 1476 492 1553 episcopus
514 1478 675 1550 locorum,
688 1479 855 1542 distantiis
879 1481 912 1542 et
936 1479 1112 1541 difficulta.
1200 1471 1558 1542 inecclesiisvucantibus,
1572 1472 1716 1544 inquibus
1732 1487 1788 1530 non
1804 1473 1961 1547 ambigitur

315 1572 402 1634 tibus
424 1589 467 1636 ex
490 1573 609 1652 quibus
633 1591 870 1654 nonnunquam
896 1575 1112 1655 proveniebat
1200 1560 1279 1634 ll⁸⁰⁸
1290 1560 1336 1632 1¹1⁸
1348 1567 1514 1662 patronatus
1530 1559 1646 1660 babere,
1663 1569 1849 1634 lifflsessilws
1862 1562 1898 1619 lb
1912 1564 1957 1634 ip-

314 1671 499 1748 periculum
513 1672 698 1733 animarum
718 1675 857 1750 provida
872 1673 1110 1736 deliberatione
1200 1650 1240 1706 ⁸5⁸
1252 1648 1370 1748 &⁰2⁰⁸
1384 1649 1492 1750 ΡΓωῙΡῐΙ
1503 1647 1775 1749 θάΜῑῑθΨῑθωθΓθ
1788 1651 1958 1750 Ρῗωῑθηῃξῑ·

313 1769 471 1845 pensatis,
489 1769 671 1846 prioratum
697 1771 806 1848 ipsum
831 1787 851 1832 a
876 1771 1109 1849 jurisdictione
1199 1742 1272 1881 ἴω
1289 1743 1520 1880 Ψδωυθῑοξηθῑῗ
1537 1737 1700 1838 A⁹9⁵⁸⁰¹¹9⁰
1720 1738 1957 1840 ⁹⁰⁰¹e⁸¹⁸fflm.¹¹'

314 1865 419 1942 plebis
434 1867 558 1928 exemit
571 1868 756 1929 concedens
771 1869 834 1929 sibi
850 1885 970 1930 nomen
993 1867 1026 1930 et
1039 1867 1111 1945 pri·
1211 1839 1291 1882 amm
1307 1839 1436 1970 tpmge?
1450 1839 1495 1970 “st
1513 1832 1627 1882 meum
1664 1840 1694 1883 ¹¹¹
1726 1841 1797 1885 '¹⁸⁰⁸
1826 1841 1957 1901 pwp'm

313 1963 472 2038 vilegium
496 1963 710 2041 plebanatus,
737 1981 835 2042 quam
860 1965 1109 2027 concessionem
1200 1927 1366 1970 mmm
1400 1927 1504 1970 aean'

313 2073 393 2136 pars
416 2061 538 2136 prioris
562 2060 693 2137 petebat
717 2062 890 2126 humiliter
917 2063 1109 2124 confirmari
1205 2057 1293 2118 lnior
1308 2057 1477 2118 molestias
1497 2055 1530 2118 et
1552 2071 1726 2134 pressuras
1746 2073 1828 2135 quas
1843 2059 1959 2120 contra

315 2156 348 2218 et
369 2172 469 2233 super
492 2157 651 2234 petitione
669 2158 829 2235 praedicta
853 2159 980 2236 imponi
1006 2159 1110 2220 silen-
1163 2167 1222 2215 vos
1231 2154 1407 2215 instruitur
1419 2154 1556 2227 invidia,
1572 2171 1610 2216 ac
1625 2170 1739 2216 eorum
1754 2155 1810 2233 qui
1822 2172 1881 2216 sua
1890 2171 1957 2217 non

312 2253 396 2314 tium
425 2254 577 2316 iconomo
605 2259 798 2318 memorato.
826 2257 903 2319 Fuit
930 2257 1041 2318 autem
1066 2271 1109 2317 ex
1164 2265 1229 2327 qua
1248 2248 1345 2330 lquae]
1363 2251 1589 2314 ,vesu-cirristi
1612 2252 1689 2314 sunt
1707 2252 1870 2328 qilaefflssb
1890 2251 1963 2314 sola

313 2351 454 2413 adverso
478 2368 672 2429 responsum
701 2353 786 2430 quod
811 2353 935 2416 iactum
961 2353 1108 2430 episcopi
1163 2347 1247 2408 solet
1261 2347 1425 2424 cupiditas
1440 2349 1597 2421 excitare,
1607 2349 1693 2410 oculi
1707 2351 1811 2411 vestri
1824 2351 1897 2426 post
1909 2349 1958 2411 il-

1197 1143 1270 1210 [dod.
1282 1142 1355 1196 latin.
1367 1143 1438 1208 8931,
1449 1144 1520 1210 pbd.
1530 1144 1770 1212 bissssibliotbtqua
1780 1145 1932 1212 nationssaJ.

313 2448 546 2525 praeJudiciare
587 2449 675 2526 plebi
703 2466 770 2511 non
811 2451 950 2527 poterat,
973 2453 1109 2528 propter
1163 2445 1232 2506 lum
1247 2445 1303 2522 qui
1317 2445 1438 2508 liberat
1456 2462 1671 2523 pauperema
1692 2447 1837 2522 potente,
1856 2447 1961 2508 erecti

311 2544 487 2622 privilegia
498 2547 693 2612 Pontificum
707 2549 929 2609 Romanorum
943 2546 1107 2625 inquibus
1164 2542 1330 2604 adsedem
1341 2543 1563 2620 apostolicam
1574 2545 1673 2605 etiam
1685 2541 1782 2624 [esse]
1795 2543 1915 2606 debent
1924 2545 1963 2606 ut

312 2643 499 2704 continetur
520 2659 688 2720 expresse,
709 2645 746 2706 ut
763 2645 876 2706 nullus
895 2645 968 2706 sine
989 2645 1107 2707 dioece·
1162 2641 1282 2717 eripiat
1291 2640 1331 2701 de
1345 2641 1465 2716 laqueo
1478 2641 1594 2718 pedam
1606 2642 1876 2718 vestrum,pulsis
1890 2657 1961 2703 mo-

312 2740 386 2802 sani
398 2740 544 2816 episcopi
559 2742 592 2801 et
608 2741 740 2818 plebani
762 2758 901 2804 assensu
920 2742 1008 2804 inira
1023 2743 1107 2804 fines
1162 2739 1277 2810 lastiis,
1287 2737 1430 2814 quietem
1446 2737 1571 2800 tribuat
1578 2739 1611 2801 et
1619 2739 1770 2800 salntem.
1781 2741 1867 2801 Sane
1877 2755 1965 2816 per-

311 2837 460 2914 eJ‘usdem
471 2836 576 2913 plebis
588 2839 771 2899 oratorium
783 2839 890 2900 denuo
902 2838 1104 2911 construere,
1160 2835 1300 2897 venitad
1309 2835 1513 2897 audientiam
1521 2837 1680 2910 nostram,
1696 2837 1782 2914 quod
1795 2837 1967 2914 siquando

310 2933 365 2996 vel
379 2933 604 2995 constructum
619 2935 716 2996 aliter
729 2935 965 3008 transmutare,
976 2937 1034 2997 aut
1048 2936 1106 2996 alii
1162 2932 1320 2994 ecclesias
1344 2932 1513 3009 inquibus
1531 2935 1588 3010 jus
1607 2935 1801 3010 patronatus
1825 2933 1958 2996 habetis

312 3031 462 3092 ecclesiae
483 3045 669 3107 supponere
682 3033 860 3094 temerario
876 3048 961 3093 ausu
974 3047 1106 3110 praesu·
1160 3044 1281 3091 vacare
1308 3029 1479 3106 contingit,
1494 3030 1736 3108 archiepiscopi
1757 3033 1789 3092 et
1807 3033 1957 3110 episcopi

312 3131 392 3200 mat,
418 3127 505 3188 unde
527 3144 601 3190 cum
624 3127 784 3205 plebanus
809 3145 874 3190 non
901 3129 1108 3192 consenserit
1162 3127 1196 3186 in
1210 3141 1349 3204 quorum
1361 3127 1596 3203 jurisdictione
1609 3129 1685 3190 sunt
1699 3129 1848 3190 ecclesias
1864 3145 1960 3191 cons·

312 3225 369 3287 sed
394 3225 584 3302 opposuerit
607 3225 734 3287 obicem
759 3226 1029 3289 contradictionis
1048 3242 1108 3303 per
1162 3224 1279 3295 titutae,
1291 3224 1509 3300 praesentatos
1524 3241 1543 3285 a
1556 3224 1651 3286 vobis
1666 3224 1806 3287 clericos
1821 3225 1961 3288 idoneos

313 3321 545 3400 appellationis
560 3321 735 3398 objectum,
749 3324 834 3400 quod
848 3323 971 3386 sactum
986 3324 1036 3385 est
1048 3338 1108 3400 per
1162 3320 1255 3381 nulla
1268 3335 1369 3381 causa
1387 3320 1611 3382 irrationabili
1632 3323 1812 3399 proposita,
1828 3324 1882 3385 vel
1897 3339 1958 3387 os-

312 3419 503 3497 opiscopum
518 3419 558 3481 de
570 3420 720 3497 prioratu
735 3419 892 3498 praedicto
912 3420 1008 3483 debet
1021 3420 1106 3481 irri-

311 3515 380 3578 tum
391 3517 548 3593 jndicari.

351 3616 431 3674 Cum
443 3615 547 3690 igitur
560 3613 632 3676 baec
651 3616 684 3677 et
698 3614 767 3676 alia
790 3615 967 3692 diligenter
981 3614 1013 3677 et
1027 3630 1109 3691 pru-

312 3710 428 3774 denter
455 3711 596 3774 iuissent
625 3713 794 3789 proposita
827 3729 939 3774 coram
967 3712 1107 3773 subdia-

313 3825 396 3870 cono
424 3807 601 3880 antedicto,
631 3809 718 3870 idem
743 3809 856 3871 habito
884 3809 1107 3872 demandato

313 3905 427 3965 nostro
450 3903 653 3964 venerabilis
672 3903 789 3964 fratris
816 3905 921 3966 nostri
947 3909 984 3966 Ρ.
1006 3905 1110 3967 Alba-

313 4001 427 4062 nensis
442 3999 599 4078 episcopi,
614 4000 646 4062 et
663 4000 856 4061 dilectorum
873 4001 1017 4062 illiorum
1036 4017 1109 4062 nos-

313 4098 441 4160 trorum
454 4099 490 4158 Ρ.
506 4097 595 4158 tituli
610 4097 716 4158 sancti
727 4097 899 4158 Laurentii
911 4098 944 4157 in
952 4099 1106 4171 Damaso,

313 4195 346 4256 et
364 4197 393 4258 J.
409 4195 498 4256 tituli
523 4193 646 4256 sanctae
672 4193 804 4256 Sabinae
828 4193 1106 4272 presbyterorum,

314 4295 347 4355 et
368 4295 407 4355 a.
437 4292 543 4354 sancti
571 4291 690 4368 Angeli
714 4292 847 4353 diaconi
874 4292 1106 4366 cardinalium,

313 4390 1108 4468 necnonetaliorumprudeutumconsilio,partis

313 4487 462 4559 alterius,
482 4487 538 4563 qui
572 4502 607 4546 se
637 4487 878 4549 contumaciter
906 4487 1106 4561 absentavit,

313 4583 520 4650 contumacia
536 4597 602 4643 non
622 4581 782 4656 obstante,
810 4583 896 4661 quod
920 4579 1110 4647 factumest

313 4681 355 4741 ab
387 4679 543 4755 episcopo
579 4693 678 4756 super
706 4681 916 4756 exemptione
943 4683 1109 4758 prioratus

313 4777 420 4854 ipsius
444 4777 477 4837 et
496 4775 536 4836 de
560 4774 696 4851 capellis
718 4775 782 4836 sibi
806 4775 962 4854 subjectis
982 4779 1016 4839 et
1033 4779 1109 4840 aliis

313 4872 451 4951 capellis
466 4871 554 4950 plebi
573 4870 750 4934 subtractis
765 4869 1008 4936 sententialiter
1025 4875 1108 4936 irri-

311 4973 407 5044 tavit,
433 4987 531 5050 quam
560 4970 758 5033 sententiam
780 4987 841 5034 nos
867 4973 974 5034 ratam
988 4974 1020 5036 et
1047 4974 1109 5035 ilr-

312 5087 401 5132 mam
420 5067 591 5140 babentes,
609 5083 681 5130 eam
704 5069 901 5132 auctoritate
919 5071 1109 5148 apostolica

313 5169 537 5232 confirmanus
557 5166 590 5228 et
608 5165 765 5243 praesenti
784 5167 905 5244 pagina
924 5171 1110 5230 communi-

313 5283 396 5326 mus.
417 5265 509 5327 Nulli
524 5279 614 5340 erge,
632 5264 707 5333 etc„
729 5265 851 5326 nostrae
878 5267 1107 5328 confirmatio-

313 5363 377 5433 nis,
390 5362 477 5424 etc...
500 5362 534 5422 Si
559 5361 633 5439 quis
654 5366 776 5434 autem,
794 5363 881 5423 etc...
905 5364 1023 5425 Datum
1037 5367 1107 5426 La-

311 5459 432 5530 terani,
461 5459 536 5519 idus
562 5459 728 5536 januarii,
758 5458 968 5537 pontificatus
1001 5463 1107 5525 nostri

312 5569 400 5618 anno
416 5556 532 5630 primo.

1161 3419 1267 3488 tensa,
1282 3417 1455 3479 instituere
1477 3415 1657 3499 [recusant]
1672 3435 1731 3496 pro
1752 3435 1820 3482 suae
1831 3422 1958 3482 volun-

1162 3514 1239 3575 tatis
1270 3512 1409 3594 arbitrio
1443 3515 1634 3578 contradico
1669 3513 1959 3598 [contradicentes]

1163 3611 1196 3670 et
1214 3609 1431 3672 ecclesiarum
1454 3610 1589 3672 illarum
1610 3615 1788 3689 proventus
1817 3614 1852 3674 in
1877 3630 1960 3675 usus

1163 3707 1315 3784 proprios
1346 3709 1577 3770 convertentes
1614 3710 1688 3787 post
1718 3709 1848 3788 lapsum
1875 3711 1963 3772 tem-

1163 3804 1253 3880 poris
1279 3803 1314 3864 iu
1345 3805 1563 3868 Lateranensi
1591 3807 1733 3869 ecclesia
1762 3808 1959 3884 praestituti,

1163 3901 1321 3962 ecclesias
1343 3901 1517 3964 conserunt
1538 3904 1657 3980 quibus
1677 3905 1804 3978 volunt,
1828 3905 1863 3966 in
1885 3923 1961 3969 ves-

1162 3998 1249 4058 trum
1278 4000 1310 4059 et
1328 4014 1510 4076 pauperum
1536 4001 1660 4063 Christi
1677 4017 1861 4077 gravamen
1890 4019 1958 4066 non

1163 4095 1327 4155 modicum
1361 4096 1394 4157 et
1427 4097 1619 4174 jacturam3
1651 4099 1739 4162 unda
1774 4115 1850 4162 cum
1886 4099 1958 4162 sitis

1163 4206 1357 4268 guerrarum
1377 4193 1564 4256 turbinibus
1590 4195 1705 4271 agitati
1729 4211 1788 4273 pro
1813 4212 1853 4258 eo
1873 4197 1965 4274 quod

1163 4291 1281 4350 ventus
1290 4288 1740 4366 validusveniensaregione
1750 4293 1871 4355 deserti
1881 4309 1958 4371 qua·

1163 4383 1446 4462 tuorangulorum
1456 4387 1584 4463 Angliae
1594 4389 1665 4466 jam
1681 4390 1860 4463 concussit,
1870 4391 1903 4452 et
1917 4391 1960 4452 ci-

1162 4482 1224 4543 bus
1234 4497 1428 4561 pauperum,
1445 4486 1478 4545 et
1492 4501 1532 4545 ea
1545 4501 1617 4562 quae
1628 4484 1786 4548 deberent
1797 4487 1958 4564 prolicere

1164 4580 1337 4641 succursui
1349 4583 1459 4641 Terrae
1480 4583 1607 4643 Sanctae
1621 4581 1696 4644 data
1710 4583 1777 4646 sint
1793 4585 1828 4645 in
1848 4585 1960 4662 direp-

1164 4677 1288 4739 tionem
1307 4677 1452 4739 hostium
1469 4680 1502 4741 et
1516 4679 1551 4740 in
1564 4679 1722 4756 praedam,
1737 4680 1833 4742 nobis
1848 4682 1960 4742 bumi-

1164 4775 1241 4836 liter
1275 4775 1506 4851 supplicastis,
1528 4777 1565 4838 ut
1584 4793 1684 4855 super
1706 4778 1760 4840 his
1784 4778 1960 4856 providere

1163 4869 1257 4932 vobis
1268 4869 1528 4934 misericorditer
1539 4873 1763 4949 dignaremur.
1778 4875 1847 4936 Nos
1859 4875 1962 4951 igitur

1164 4967 1370 5031 attendentes
1383 4969 1460 5046 quia
1468 4985 1527 5030 vos
1540 4971 1573 5032 et
1584 4970 1643 5032 alii
1653 4970 1773 5033 iratres
1785 4970 1959 5048 hospitalis

1162 5065 1443 5142 ierosolymitani,
1469 5066 1597 5129 mdlum
1619 5067 1748 5130 babetis
1758 5069 1881 5146 praeter
1893 5071 1960 5132 Ro-

1199 5211 1241 5286 (li
1260 5213 1350 5274 Valde
1372 5214 1541 5274 blendsoum
1564 5221 1608 5273 est
1629 5215 1852 5290 blanuscriptum
1875 5215 1960 5290 bajus

1163 5284 1311 5358 Epistola,
1332 5287 1369 5342 ita
1392 5293 1423 5343 ut
1442 5285 1518 5343 baud
1541 5286 1745 5368 lacilesensus
1765 5286 1957 5414 apprehendi·

1162 5364 1217 5414 tur.
1239 5355 1308 5413 ldeo
1327 5357 1400 5412 inter
1420 5358 1520 5414 uncias
1541 5356 1702 5416 addidimus
1722 5373 1792 5430 qaus
1812 5373 1858 5414 om
1881 5371 1959 5414 acces

1162 5441 1252 5500 quaa
1266 5425 1356 5483 scriba
1369 5427 1414 5484 vel
1427 5429 1623 5498 pretermissa
1636 5428 1681 5485 vel
1710 5433 1850 5486 truncato
1860 5429 1956 5484 videa·

1161 5503 1220 5564 tar,
1239 5511 1272 5553 ac
1287 5497 1405 5569 proinde
1423 5499 1514 5571 primo
1529 5499 1633 5629 legitur
1648 5500 1834 5571 blanuscripti
1851 5505 1956 5567 taxus,

1162 5575 1190 5626 et
1204 5569 1278 5627 inter
1291 5565 1418 5642 uncias[
1481 5567 1501 5644 ·]
1519 5568 1555 5627 ad
1576 5569 1679 5628 itiones
1693 5576 1815 5630 nostras.
