4234 6442
328 317 387 377 431

329 472 585 538 Sublacensisln
597 483 656 532 sua
668 471 803 534 dioecesi
815 472 1127 549 constitutis3v0bis

329 572 470 633 tirmiter
483 569 708 632 asserentibus
723 586 780 632 eas
803 587 822 631 a
833 570 1052 648 jnridictione
1065 571 1126 632 Ti-

329 670 471 731 burtinae
488 667 576 728 sedis
591 683 665 729 esse
680 683 816 744 prorsus
836 668 1006 745 exemptas
1023 670 1126 729 :tan-

329 769 402 829 dem
431 765 557 826 saniori
585 765 677 826 ducti
704 766 857 837 consilio,
884 767 996 842 partes
1020 764 1127 826 felicis

329 863 572 926 recordationis
588 863 774 924 innocentii
790 879 882 940 papae
902 862 1129 940 praedecesso-

328 964 375 1024 ris
398 962 503 1023 nostri
524 977 560 1021 se
578 961 784 1038 beneplacito
804 961 1051 1032 commiserunt,
1071 961 1127 1037 qui

328 1076 385 1121 eas
401 1060 441 1120 ad
458 1059 665 1120 subnotatam
686 1059 956 1135 compositionem
973 1058 1125 1132 induxit3

330 1175 403 1236 quae
426 1159 538 1234 utique
560 1158 636 1219 talis
665 1159 738 1218 est:
761 1157 882 1218 Clerici
910 1157 1126 1218 ecclesiarum

329 1256 523 1318 monasterii
536 1255 758 1326 sublacensis,
772 1271 845 1332 quae
856 1255 977 1316 suntin
992 1253 1127 1316 dioecesi

328 1355 513 1426 Tiburtina,
534 1353 696 1432 recipient
711 1353 868 1424 chrisma,
892 1353 1001 1414 oleum
1025 1368 1126 1412 sanc-

327 1457 410 1524 ium,
424 1452 693 1514 consecrationes
708 1450 875 1522 altarium,
902 1449 1127 1512 dedicationes

328 1550 554 1620 basilicarum,
581 1549 614 1611 et
635 1549 861 1610 ordinationes
877 1563 991 1609 eorum
1012 1547 1068 1624 qui
1086 1546 1126 1608 ad

329 1663 443 1708 sacros
455 1647 589 1708 ordines
606 1646 728 1708 fuerint
741 1645 967 1722 promovendi,
985 1644 1026 1706 ab
1039 1645 1129 1722 epis·

330 1761 413 1823 copo
426 1744 614 1819 Tiburtin03
629 1745 658 1804 si
671 1742 802 1821 quidem
818 1743 1001 1804 catholicus
1015 1742 1126 1814 fuerit,

330 1843 363 1904 et
378 1859 416 1904 ea
433 1843 502 1904 illis
516 1843 631 1918 gratis,
649 1842 682 1903 et
702 1840 826 1918 absque
845 1841 913 1902 ulla
933 1837 1127 1902 difficultate

329 1941 473 2002 voluerit
498 1939 657 2000 exhibere
674 1960 681 1998 :
700 1939 848 2015 alioquin
876 1955 895 2000 a
921 1953 1128 2015 quocumque

330 2037 515 2098 malueritis
526 2037 690 2097 catholico
703 2037 875 2112 requirant
888 2037 1053 2112 episcopo,
1071 2035 1127 2111 qui

330 2137 444 2196 nostra
456 2134 558 2195 fretus
570 2134 776 2203 auctoritate,
783 2132 948 2211 postulata
957 2133 1126 2194 concedat.

332 2231 480 2308 Singulis
495 2232 592 2292 annis
605 2231 635 2292 ei
652 2244 711 2308 pro
726 2231 863 2292 decimis
881 2231 954 2292 octo
972 2230 1127 2292 frumenti

331 2331 473 2402 modios,
497 2331 529 2391 et
544 2332 686 2407 quatuor
707 2344 847 2391 annonae
862 2327 1072 2406 persolvent;
1095 2330 1129 2389 et

331 2426 438 2504 primo
458 2442 545 2487 anno
561 2442 629 2486 suae
645 2425 861 2502 promotionis
883 2424 1076 2501 praebebunt
1096 2425 1128 2485 ei

333 2524 465 2584 unicam
478 2524 744 2601 procurationem
755 2523 789 2583 in
806 2523 947 2598 singulis
964 2521 1126 2594 ecclesiis,

331 2638 405 2698 quac
429 2622 470 2682 ad
483 2621 576 2682 illam
598 2621 766 2682 sufficiant
787 2619 1019 2682 exhibendam.
1036 2619 1129 2681 Alio-

331 2720 411 2796 quin
425 2720 499 2780 duac
511 2719 565 2781 vel
581 2719 692 2796 plures
716 2719 962 2796 conjungantur
979 2717 1020 2778 ad
1035 2717 1128 2777 illam

330 2816 552 2893 praestandam
570 2818 626 2876 :et
651 2817 679 2875 si
707 2812 852 2875 noluerit
880 2829 994 2876 omnes
1022 2814 1129 2892 primo

330 2929 419 2974 anno
435 2913 594 2989 recipere,
618 2911 741 2988 poterit
758 2927 817 2972 aas
839 2926 899 2988 per
919 2912 1003 2972 alios
1022 2927 1128 2972 annos

331 3009 492 3080 dividere,
518 3007 693 3068 dummodo
720 3008 811 3067 nulla
840 3007 982 3068 ecclesia
1004 3007 1130 3070 tribuat

332 3105 399 3166 nisi
425 3121 536 3166 unam.
562 3105 678 3166 Causae
697 3121 776 3166 vero
806 3105 1068 3167 matrimoniales
1089 3105 1129 3166 de

332 3203 480 3282 ipsarum
498 3201 678 3278 parochiis,
700 3201 912 3280 perferuntur
935 3203 976 3264 ad
994 3203 1129 3280 episco-

332 3317 410 3378 pum
429 3299 648 3372 Tiburtinum,
663 3299 727 3360 nisi
747 3300 787 3360 ad
804 3303 988 3362 Romanum
1014 3301 1130 3362 Ponti·

332 3398 426 3459 ficem
442 3399 493 3460 vel
510 3401 582 3475 ejus
597 3398 772 3470 vicarium,
795 3397 896 3459 fuerit
914 3398 1127 3475 appellatum.

331 3494 366 3554 Si
389 3509 467 3555 vero
490 3494 668 3571 quidquam
696 3495 814 3557 horum
838 3494 945 3556 eidem
974 3495 1130 3574 episcopo

331 3591 432 3653 fuerit
454 3591 662 3669 denegatum,
680 3594 754 3669 post
779 3593 933 3668 primam,
955 3593 988 3654 et
1008 3609 1130 3654 secun-

331 3689 406 3750 dam
431 3691 608 3752 motionem
633 3690 706 3766 ipse
727 3691 873 3766 requiret
895 3689 1129 3752 Sublacensem

331 3786 494 3858 abbatem,
512 3781 646 3848 utillud
659 3786 722 3846 sibl
738 3787 839 3849 faciat
858 3787 1023 3850 exhiberi.
1038 3787 1130 3860 Quod

331 3884 361 3946 si
376 3900 442 3944 non
459 3882 574 3944 fecerit
587 3883 675 3944 infra
692 3883 881 3959 quindecim
896 3884 978 3956 dies,
995 3889 1131 3947 extunc

332 3981 456 4057 eosqui
471 3981 677 4055 negaverunt
689 3979 752 4040 sibi
766 3979 922 4052 debitum,
932 3982 1131 4058 compellere

332 4078 454 4158 poterit
475 4093 536 4156 per
559 4077 822 4140 ecclesiasticum
841 4078 1064 4142 interdictum.
1093 4082 1130 4141 In

332 4175 484 4238 omnibus
508 4177 618 4237 autem
644 4175 732 4249 aliis,
754 4176 904 4238 ecclesiae
927 4177 1129 4251 memoratae,

333 4291 408 4336 cum
432 4275 665 4353 parochianis,
693 4277 727 4336 et
754 4274 886 4336 clericis
912 4273 999 4347 suis,
1034 4276 1132 4337 erunt

333 4387 468 4450 prorsus
481 4372 643 4447 exemptae
659 4370 701 4432 ab
715 4371 805 4433 omni
816 4371 1046 4448 juridictione,
1062 4373 1130 4434 tam

237 4515 238 4518 ,
331 4469 492 4541 ecclesiae,
508 4484 606 4545 quam
617 4468 764 4544 episcopi
774 4467 951 4530 Tiburtini.
963 4471 1007 4530 ut
1020 4471 1130 4531 autem

332 4564 528 4642 praescripta
548 4563 742 4640 compositio
768 4565 960 4640 perpetuam
986 4564 1132 4627 obtineat

333 4662 532 4733 firmitatem,
545 4659 624 4722 dicti
638 4659 893 4736 praedecessoris
909 4663 1013 4724 nostri
1025 4663 1132 4724 vesti-

331 4760 396 4836 giis
408 4759 621 4827 inhaerentes,
638 4773 711 4819 eam
727 4759 924 4822 auctoritate
941 4760 1130 4837 Apostolica

331 4857 576 4927 confirmamus,
590 4858 623 4917 et
636 4855 809 4932 praesentis
820 4857 935 4933 scripti
946 4857 1130 4933 patrocinio

332 4954 584 5017 communimus.
608 4952 700 5016 Nulli
715 4968 794 5030 ergo
812 4954 946 5015 omnino
959 4954 1130 5016 hominum

331 5052 431 5115 liceat
446 5052 533 5114 hanc
547 5052 703 5129 paginam
723 5052 847 5113 nostrae
870 5051 1130 5114 confirmationis

331 5150 525 5227 infringere,
542 5151 594 5211 vel
609 5150 641 5210 ei
655 5165 740 5210 ausu
756 5151 935 5211 temerario
950 5149 1127 5212 contraire.

332 5251 368 5311 Si
382 5251 455 5327 quis
475 5250 586 5310 autem
602 5246 665 5309 hoe
689 5246 854 5308 attentare
869 5247 1127 5324 praesumpserit,

331 5347 594 5424 indignationem
605 5345 840 5420 omnipotentis
850 5345 909 5405 Dei
917 5345 1130 5406 etbeatorum

331 5445 421 5507 Petri
436 5445 469 5505 et
484 5442 580 5504 Pauli
606 5442 840 5519 Apostolorum
859 5445 932 5520 ejus
950 5457 985 5504 se
1001 5442 1130 5505 noverit

331 5543 554 5604 incursurum.
575 5541 694 5600 Datum
723 5538 895 5614 Anagniae,
919 5541 994 5600 XVI
1011 5537 1129 5601 kalen-

331 5637 390 5700 das
401 5636 491 5715 julii,
508 5637 719 5715 pontificatus
733 5636 838 5698 nostri
854 5651 944 5700 anno
967 5635 1085 5716 primo.

946 313 1122 374 HONORII
1144 315 1189 375 fll
1212 304 1360 376 orcha.

1506 507 1664 595 GCCXL

1182 662 1235 720 Ad
1249 661 1478 734 praepositum
1492 661 1526 721 et
1539 661 1727 734 capitellum
1740 661 1775 721 S.
1795 661 1994 722 hortationi

1500 761 1655 833 Burgen.

1480 878 1514 936 16
1526 877 1588 950 jun.
1606 879 1685 936 1117.

1229 991 1575 1056 [aegosthenenses.
1590 993 1941 1061 usnnaroasuurnenq

1182 1107 1298 1167 blandat
1323 1110 1365 1166 eis
1392 1115 1422 1165 ut
1445 1107 1629 1181 praebendam
1657 1110 1685 1166 in
1710 1111 1837 1182 ipsorum
1862 1113 1991 1170 ecelesia
2070 1181 2071 1198 ,

1217 1197 1292 1253 Petri
1314 1197 1439 1255 insulan.
1459 1198 1540 1254 electi
1561 1197 1639 1254 obitu
1661 1205 1823 1270 vacantem,
1844 1201 1993 1274 magistro
2070 1215 2071 1218 ’

1217 1284 1340 1343 iohanni
1355 1286 1478 1342 civitatis
1493 1286 1606 1343 Antinae
1621 1287 1751 1359 scriptori
1768 1289 1932 1362 assignent
2071 1284 2072 1288 ’

1221 1412 1387 1474 Honorius
1409 1413 1483 1485 etc.,
1505 1412 1635 1475 dilectis
1660 1415 1739 1475 filiis
1758 1417 1942 1494 praeposito
1957 1419 1994 1477 et
2072 1389 2073 1404 ¹

1182 1509 1325 1586 capitulo
1339 1511 1445 1572 sancti
1459 1511 1635 1573 Donatiani
1649 1513 1792 1588 Brugen.
2073 1496 2074 1516 ³

1223 1607 1259 1667 Si
1273 1623 1352 1684 erga
1366 1608 1441 1669 illos
1461 1625 1542 1686 quos
1557 1611 1694 1686 experta
1709 1609 1936 1684 familiaritas,
1955 1615 1990 1673 et
2074 1603 2075 1610 '

1182 1704 1358 1766 familiaris
1374 1706 1580 1782 experientia
1596 1705 1691 1768 nobis
1706 1707 1814 1769 reddit
1829 1713 1989 1786 acceptos
2075 1713 2076 1722 ’

1183 1817 1316 1864 manum
1327 1803 1536 1866 extendimus
1546 1803 1731 1877 liberalem,
1747 1821 1814 1866 non
1830 1807 1896 1868 tam
1911 1823 1990 1868 mu-

1183 1915 1245 1960 nus
1260 1900 1376 1975 gratiae
1387 1901 1549 1977 impertiri
1560 1917 1657 1978 quam
1669 1901 1831 1980 quoddam
1842 1905 1988 1982 justitiae
2077 1921 2078 1928 ¹

1182 1998 1327 2060 debitum
1343 2014 1402 2059 nos
1424 1998 1553 2059 solvere
1570 1999 1781 2073 arbitramur,
1799 2001 1930 2062 eumad
1952 2002 1988 2062 id
2078 2027 2079 2038 ¹

1183 2096 1286 2156 simus
1312 2096 1510 2158 naturaliter
1539 2096 1688 2172 obligati,
1719 2098 1775 2175 qui
1796 2098 1836 2159 ad
1852 2101 1988 2174 gratam
2079 2133 2080 2148 ,

1178 2193 1345 2270 Justitiam
1359 2195 1392 2254 et
1402 2194 1527 2272 justam
1541 2196 1684 2270 gratiam
1704 2212 1817 2257 sumus
1830 2196 1989 2258 omnibus
2080 2239 2081 2250 ,

1183 2288 1359 2351 debitores.
1390 2291 1475 2352 Hinc
1500 2294 1549 2352 est
1578 2291 1662 2369 quod
1688 2308 1747 2369 pro
1769 2293 1889 2354 dilecto
1915 2295 1989 2356 tilio
2081 2345 2082 2370 ,

1183 2388 1344 2464 magistro
1362 2388 1514 2451 Johanne
1527 2389 1671 2451 civitatis
1683 2391 1813 2452 Antinae
1827 2391 1988 2468 scriptori
2082 2452 2083 2471 ,

1183 2500 1222 2544 ac
1244 2483 1402 2546 familiari
1426 2486 1551 2559 nostro,
1567 2475 1811 2564 vos'rogandos
1825 2487 1988 2550 duximus

1183 2582 1215 2643 et
1229 2583 1419 2656 monendos
1443 2599 1503 2662 per
1525 2585 1715 2662 Apostolica
1738 2587 1860 2663 scripta
1888 2587 1988 2648 uirbis
2084 2665 2085 2672 ἵ

1184 2679 1323 2741 firmiter
1346 2681 1570 2758 praecipiendo
1593 2681 1798 2755 mandantes,
1820 2685 1988 2760 quatenus

1184 2777 1291 2852 ipsum
1308 2777 1348 2839 ob
1364 2779 1585 2840 reverentiam
1612 2778 1758 2842 divinam
1778 2781 1811 2842 et
1835 2782 1987 2842 nostram

1184 2875 1224 2935 ad
1239 2875 1448 2952 praebendam
1462 2893 1535 2954 quae
1548 2876 1611 2938 fuit
1623 2876 1701 2938 olim
1714 2879 1804 2940 Petri
1816 2894 1989 2940 concano-

1184 2973 1250 3036 nici
1266 2973 1368 3034 uestri
1385 2973 1530 3034 insulan.
1547 2975 1641 3036 electi
1655 2976 1824 3052 recipiatis
1838 2975 1874 3036 in
1885 2993 1988 3037 cano·

1185 3069 1295 3130 nicum
1310 3071 1386 3131 etin
1400 3070 1573 3133 fratrem...
1589 3073 1705 3134 nuntio
1716 3073 1864 3150 ejusdem
1875 3073 1988 3150 scrip-

1183 3167 1267 3230 toris
1293 3183 1366 3228 eam
1391 3168 1575 3232 liberaliter
1597 3171 1819 3246 assignantes.
1842 3171 1933 3244 Quod
1954 3175 1985 3234 si

1186 3263 1268 3330 forte
1283 3266 1460 3334 nonvacat
1479 3265 1519 3327 ad
1535 3283 1695 3344 praesens,
1711 3269 1852 3345 primam
1876 3285 1984 3332 vaca-

1184 3365 1294 3427 turam
1321 3363 1445 3426 nostrae
1468 3363 1639 3428 donationi
1657 3381 1878 3439 reservamus,
1901 3383 1985 3444 per-

1185 3475 1274 3522 sonae
1290 3459 1418 3522 idoneae
1440 3460 1685 3526 conferendam.
1702 3465 1925 3526 Decernentes
1941 3465 1987 3526 ir-

1185 3559 1285 3620 ritum
1300 3558 1333 3619 et
1351 3559 1452 3620 inane
1466 3560 1586 3637 siquid
1602 3560 1642 3621 de
1654 3561 1727 3638 ipsa
1749 3565 1869 3638 praeter
1883 3579 1985 3624 man-

1185 3655 1298 3718 datum
1315 3657 1465 3717 nostrum
1485 3656 1586 3720 fuerit
1603 3659 1811 3720 attentatum.
1825 3660 1983 3737 Alioquin

1185 3752 1319 3816 dilectis
1335 3753 1413 3814 filiis
1416 3797 1476 3816 .....
1492 3757 1612 3831 majori
1635 3757 1668 3818 et
1670 3799 1730 3819 .....
1751 3755 1792 3816 de
1811 3759 1985 3820 Ostrewan

1186 3850 1442 3925 archidiaconis,
1455 3855 1524 3914 et...
1536 3854 1665 3920 cantori
1677 3854 1866 3917 atrebaten.
1877 3859 1984 3920 nostri

1186 3946 1302 4008 damus
1324 3949 1444 4010 litteris
1473 3951 1508 4010 in
1535 3951 1711 4024 mandatis
1743 3955 1780 4014 ut
1800 3969 1859 4015 vos
1884 3954 1984 4016 adid

1186 4045 1366 4107 monitione
1390 4047 1562 4123 praemissa
1587 4063 1646 4126 per
1671 4065 1846 4111 censuram
1870 4052 1984 4113 eccle-

1186 4142 1355 4204 siasticam
1384 4144 1606 4221 appellatione
1625 4147 1751 4208 remota
1772 4149 1984 4225 compellant.

1187 4241 1305 4304 Datum
1317 4241 1478 4316 Anagniae
1491 4244 1565 4304 XVI
1581 4242 1744 4306 kalendas
1755 4244 1845 4322 julii.

1497 4429 1675 4521 cccxii

1205 4582 1256 4640 Ad
1270 4583 1466 4655 muranum
1486 4582 1520 4646 et
1538 4581 1727 4660 capitutum
1745 4587 1962 4660 Bojocenses.

1476 4703 1509 4764 17
1526 4701 1588 4774 jun.
1606 4704 1685 4762 1117.

1227 4817 1335 4880 [liegest.
1349 4815 1393 4870 lib.
1404 4815 1425 4878 1,
1442 4816 1517 4880 epist.
1530 4817 1586 4870 tat
1603 4818 1660 4868 uss,
1674 4818 1710 4868 La
1724 4818 1800 4870 Ponte
1811 4819 1846 4869 dn
1857 4820 1950 4884 insit]

1206 4931 1323 4989 Mandat
1336 4933 1379 4990 eis
1389 4939 1420 4990 ut
1431 4935 1465 4991 n.
1477 4933 1581 4994 clerico
1595 4934 1622 4992 S.
1632 4933 1769 5008 Stephani
1780 4936 1961 5009 praebendam

1263 5021 1291 5077 iu
1306 5021 1433 5094 ipsorum
1448 5021 1570 5080 ecclesia
1582 5031 1732 5118 vacantem
1748 5027 1907 5100 assignent.

1224 5149 1401 5221 Honorius,
1419 5151 1494 5222 etc,
1511 5149 1695 5212 venerabili
1712 5151 1809 5216 fratri
1828 5153 1983 5231 episcopo

1184 5245 1218 5308 et
1231 5245 1361 5307 dilectis
1372 5245 1451 5308 tiliis
1466 5247 1611 5324 capitulo
1626 5251 1781 5325 Bajocen.

1223 5343 1374 5406 Debitam
1388 5344 1490 5406 oflicii
1505 5346 1612 5408 nostri
1626 5348 1859 5424 prosequimur
1873 5348 1981 5410 actio-

1184 5456 1270 5512 nem,
1288 5442 1316 5502 si
1338 5442 1387 5503 eis
1406 5443 1441 5502 in
1457 5443 1694 5506 ecclesiasticis
1709 5443 1879 5506 beneflciis
1900 5461 1981 5523 pro-

1183 5537 1343 5611 videmus,
1359 5540 1416 5615 qui
1428 5542 1595 5616 pergrata
1607 5539 1765 5618 obsequia
1782 5557 1817 5602 se
1829 5545 1983 5620 acceptos

1184 5635 1261 5698 Sodi
1283 5637 1482 5714 Apostolicae
1509 5637 1697 5700 tribuerunt
1723 5637 1981 5720 (reddiderunt).
