4234 6442
146 271 205 328 butt

148 427 184 488 in
208 425 357 503 partibus
381 417 451 486 illis
475 417 620 486 officium
645 421 823 500 legationis
845 435 947 488 exer-

149 539 240 594 cens,
260 523 398 601 praefato
420 522 585 599 episcopo,
607 523 641 584 et
659 521 854 600 quibusdam
869 523 945 584 aliis

150 622 351 690 convocatis,
373 621 408 682 in
423 620 514 696 ipsos
529 621 653 681 Fauen.
673 620 706 681 et
720 637 834 682 eorum
850 635 944 682 com-

149 720 253 798 plices
267 733 328 796 pro
342 717 565 778 destructione
588 717 755 794 praedictas
771 721 948 779 113133331-

151 816 301 892 pronien.
318 813 481 887 ecclesiae,
498 813 852 876 excommunicationis
870 830 949 876 sen·
968 822 969 826 ’

149 897 286 975 tentiam
302 912 505 989 protulisset,
523 911 721 990 sepedictus
736 912 946 988 Albergsttus

150 1024 210 1086 per
231 1009 370 1069 nuncios
392 1024 469 1071 suos
489 1009 661 1070 mandavit
672 1009 738 1086 ipsi
757 1009 948 1090 episcopoa

150 1106 329 1182 praesentia
357 1105 437 1168 dicti
458 1105 561 1182 legati
582 1122 729 1178 reverse,
753 1106 947 1193 313113331-

151 1203 386 1265 municationis
410 1206 443 1265 et
462 1203 630 1266 interdicti
649 1204 843 1275 sententias,
867 1219 949 1282 3333

151 1300 186 1361 13
203 1299 321 1376 ipsum,
338 1300 538 1377 etjudicem,
563 1316 603 1362 ac
617 1301 779 1363 familiam
794 1317 900 1374 suain,
918 1302 950 1363 et

152 1397 319 1458 civitatem
340 1400 464 1459 Fanen.
481 1399 675 1476 protulerat,
697 1415 737 1461 ac
751 1399 852 1461 aliam
867 1415 951 1478 quo-

152 1509 215 1570 que
238 1494 339 1556 latam
358 1495 394 1555 in
418 1497 591 1557 mulierem
613 1496 790 1574 qnamdam
810 1511 870 1574 pro
897 1512 948 1569 ec,

153 1592 238 1668 quod
250 1592 426 1669 quamdam
441 1593 591 1654 ecclesias
606 1609 676 1654 suae
688 1593 822 1656 domum
835 1596 951 1656 contra

148 1689 314 1766 Justitiam
335 1689 460 1752 detinet
480 1691 653 1764 violenter,
675 1691 748 1754 sine
762 1691 951 1755 conditione

152 1785 299 1862 qualibet
326 1787 505 1860 relaxaret,
529 1805 591 1850 nec
609 1788 797 1866 impediret,
822 1788 953 1866 quomi-

154 1899 217 1944 nus
233 1883 338 1961 ipsius
354 1884 503 1946 ecclesiae
518 1884 669 1946 homiues
683 1887 872 1964 impositam
888 1885 952 1948 sibi

154 1980 326 2042 collectam
342 1981 563 2054 exsolverent,
577 1982 659 2044 etde
673 1983 804 2045 statutis
817 1983 952 2045 concilii

153 2079 221 2139 toto
236 2077 383 2154 ternpore
405 2079 456 2138 sui
477 2079 651 2154 regiminis
666 2081 869 2142 mentionem
886 2095 952 2142 non

155 2174 288 2246 faceret,
317 2175 370 2236 vel
395 2175 430 2236 in
459 2175 603 2253 aliquem
630 2179 703 2254 ejus
723 2177 953 2254 jurisdictioni

113 2328 116 2332 ,
157 2272 338 2348 subjectum
369 2274 722 2337 excommunicationis
753 2275 952 2336 sententiam

156 2369 393 2446 promulgaret.

198 2468 371 2544 Quumque
407 2466 494 2528 idem
525 2467 700 2544 episcopus
728 2468 845 2530 nolens
882 2471 954 2544 ejus

156 2564 293 2624 malitiae
321 2565 523 2636 consentire,
549 2563 685 2628 offerret
718 2565 837 2637 eidem,
868 2565 954 2644 quod

157 2677 257 2738 super
276 2660 329 2722 bis
356 2661 509 2722 omnibus
528 2661 564 2722 in
586 2662 716 2740 aliquos
734 2663 823 2725 viros
847 2662 956 2724 ecole-

157 2759 309 2820 siasticos
347 2760 637 2836 compromitteret,
663 2762 836 2822 eteorum
865 2759 957 2822 arbi-

156 2855 257 2918 trium
266 2856 338 2917 sine
353 2856 576 2933 refragatione
589 2856 736 2934 qualibet
749 2857 953 2929 observaret,

156 2953 478 3030 dictusAibergettus
492 2953 603 3016 verbis
612 2955 776 3031 justitiam
785 2954 837 3018 vel
851 2955 957 3032 aequi-

160 3053 258 3114 tatem
274 3051 468 3114 sonantibus
484 3050 643 3113 obturans
654 3067 754 3114 aures
766 3055 800 3114 et
809 3052 956 3113 animum

159 3165 261 3221 more,
285 3165 325 3211 ac
344 3149 385 3210 de
404 3149 541 3212 maloin
560 3152 655 3228 pejus
677 3149 873 3224 corruend0,
894 3149 956 3211 de-

160 3248 348 3309 monstrans
361 3263 397 3308 se
419 3263 519 3324 super
546 3248 707 3310 talentum
736 3248 861 3326 plumbi
883 3263 957 3309 curn

159 3345 335 3422 iniquitate
346 3344 473 3416 sedere,
483 3345 671 3408 sacristiam
683 3345 845 3407 Fanensis
856 3345 960 3408 eccle-

161 3442 232 3514 siae,
249 3441 284 3502 in
299 3442 470 3518 quaerant
483 3457 621 3517 corpora
640 3443 843 3509 sanctorum,
860 3441 960 3500 indu-

161 3541 284 3609 menta,
309 3537 399 3609 libri,
423 3540 455 3599 et
472 3539 594 3600 caetera
613 3537 840 3600 ecclesiastica
856 3553 959 3598 orna-

163 3636 290 3704 menta,
326 3651 401 3696 cum
426 3634 572 3712 capella,
603 3636 637 3696 et
662 3633 859 3711 quibusdam
883 3634 960 3695 aliis

163 3731 262 3794 rebus
282 3733 388 3810 ipsius
412 3732 570 3809 episcopi,
596 3748 636 3793 ac
664 3732 781 3794 Hostia
807 3729 854 3812 (1)
879 3730 958 3792 3111-

774 259 1001 326 EPISTOLAE.
1026 267 1104 326 LIB.
1129 267 1169 328 11.

1739 269 1799 330 510

1000 425 1137 502 majoris
1172 423 1329 488 Ecclesiae
1362 423 1568 488 vestimentis
1607 425 1640 486 et
1672 426 1797 496 calcea·

1001 523 1121 584 mentis
1141 521 1304 594 omnlino,
1322 523 1408 600 quod
1432 523 1533 584 etiam
1555 521 1666 584 dicere
1692 524 1798 600 pudor

1002 621 1062 688 est,
1080 620 1241 698 spoliatus
1258 642 1265 679 :
1282 619 1394 698 ibique
1408 636 1482 682 curn
1498 623 1623 696 septem
1638 621 1679 681 de
1691 620 1797 697 ipsius

1001 717 1067 779 loci
1086 717 1257 780 canonicis
1279 719 1443 778 eteorum
1467 716 1594 778 familia
1617 719 1800 793 permansit

1002 815 1108 876 tribus
1123 814 1240 888 diebus
1256 814 1288 876 et
1312 814 1464 876 noctibus
1490 815 1563 876 sine
1590 831 1685 890 pane,
1707 816 1796 888 vinc,

1002 928 1101 989 aqua,
1119 912 1151 973 et
1165 911 1316 974 omnibus
1331 912 1510 980 alimentis,
1525 912 1633 974 valvis
1649 913 1799 974 ecclesiae

1004 1010 1145 1072 conlisis
1161 1009 1264 1072 clavis
1279 1009 1397 1071 ferreis
1412 1009 1452 1070 de
1475 1010 1568 1080 foris,
1583 1026 1624 1071 ne
1638 1011 1721 1087 ipsis
1736 1027 1799 1087 pa·
1912 1001 1914 1006 ’

1003 1109 1089 1169 13131
1103 1123 1269 1183 egressus,
1284 1108 1317 1169 et
1327 1107 1516 1170 custodibus
1529 1107 1694 1184 deputatis
1709 1109 1800 1170 circa

1004 1205 1110 1281 ipsam
1127 1204 1303 1266 ecclesiam
1314 1220 1356 1265 ne
1370 1219 1431 1281 per
1442 1204 1604 1266 fenestras
1619 1205 1726 1282 panis,
1743 1206 1802 1270 aut

1004 1302 1152 1364 edulium
1183 1302 1274 1363 aliud
1299 1301 1489 1364 inferretur.
1519 1303 1689 1363 Postremo
1712 1303 1801 1364 idem

1005 1401 1180 1477 episcopus
1208 1399 1242 1460 in
1273 1398 1464 1476 hujusmodi
1499 1399 1616 1462 mortis
1646 1400 1800 1476 angustia

1005 1498 1144 1572 positus,
1160 1495 1248 1558 facta
1268 1495 1506 1572 protestatione
1528 1511 1640 1558 coram
1656 1496 1728 1573 ipso
1746 1495 1801 1558 ai-

1005 1589 1081 1666 tari,
1108 1595 1140 1656 et
1161 1593 1332 1655 canonicis
1358 1593 1544 1665 antedictis,
1572 1609 1615 1654 ne
1643 1593 1803 1672 praejudi·

1006 1692 1097 1754 caret
1111 1691 1263 1753 ecclesiae
1279 1691 1448 1768 quodiam
1467 1692 1559 1754 certo
1574 1692 1690 1752 mortis
1711 1691 1802 1754 metu

1006 1789 1116 1852 facere
1132 1788 1320 1865 cogebatur,
1336 1789 1514 1860 consensit,
1536 1789 1572 1850 ut
1593 1790 1731 1851 mortem
1748 1788 1801 1849 ef-

1007 1886 1145 1963 fugeret,
1160 1887 1240 1949 dicti
1257 1887 1439 1963 Albergetti
1454 1887 1667 1963 petitionibus
1683 1901 1803 1961 supra·
1835 1943 1837 1949 .

1007 1983 1116 2046 dictis.
1143 1984 1306 2046 Praefatus
1321 2000 1401 2046 vero
1422 1983 1552 2059 legatus
1575 2000 1650 2045 cum
1674 1983 1746 2044 baec
1761 1983 1803 2042 ad

1007 2097 1107 2164 aures
1123 2084 1195 2159 ejus
1217 2082 1371 2157 impietas
1387 2081 1603 2158 pervenisset,
1625 2080 1667 2140 ad
1692 2083 1801 2143 Seno-

1007 2179 1202 2255 galliensem
1220 2179 1388 2241 civitatem
1410 2177 1552 2240 festinus
1571 2178 1745 2250 accedens,
1768 2177 1804 2238 in

1008 2275 1118 2353 ipsum
1139 2277 1344 2353 potestatem.
1368 2276 1402 2338 et
1422 2277 1527 2338 toturn
1555 2275 1731 2340 consilium
1755 2274 1806 2336 ci·

1008 2374 1121 2436 vitatis
1136 2373 1298 2436 Fanensis
1313 2373 1507 2436 solemniter
1516 2373 1740 2450 promulgavit
1750 2387 1806 2432 ex·

1009 2468 1317 2530 communicationis
1329 2468 1538 2538 sententiam,
1547 2467 1640 2528 salva
1651 2482 1691 2527 ea
1706 2481 1805 2543 quam

1010 2581 1069 2642 pro
1097 2565 1185 2627 facto
1209 2564 1355 2642 praefatae
1387 2563 1734 2640 Forosemproniensis
1756 2577 1807 2624 eo-

1010 2662 1121 2723 clesiae
1134 2662 1257 2723 tulerat
1270 2661 1306 2722 in
1319 2661 1463 2722 eosdem.
1480 2659 1688 2734 Licetigitur
1709 2673 1806 2734 poena

1011 2760 1161 2820 severior
1183 2759 1285 2821 tantis
1310 2758 1487 2820 deberetur
1515 2754 1718 2828 excessibus,
1745 2770 1806 2816 nos

1011 2858 1122 2920 tamen
1135 2857 1260 2917 mitiori
1285 2857 1426 2927 utentes,
1452 2855 1492 2915 ad
1515 2869 1662 2931 praesens
1677 2852 1808 2930 prefati

1011 2954 1113 3030 legati
1128 2955 1328 3015 sententiam
1343 2951 1739 3029 auctoritatenpostonca
1752 2964 1810 3010 ro-

1012 3052 1179 3124 boramus,
1192 3054 1224 3113 et
1241 3051 1408 3113 ciiitatem
1424 3050 1616 3127 praedictam
1631 3047 1810 3111 districtis-

1013 3151 1096 3212 simo
1110 3149 1305 3227 subjicimus
1325 3148 1511 3210 interdicto.
1533 3147 1745 3224 AdJicientes,
1773 3145 1809 3206 ut

1013 3244 1171 3322 praefatus
1199 3243 1409 3318 Aibergettus
1450 3244 1483 3304 et
1516 3241 1693 3317 complices
1718 3241 1806 3316 ejus,

1014 3343 1113 3403 etiarn
1129 3341 1222 3403 finito
1244 3341 1297 3400 sui
1311 3339 1485 3415 regiminis
1504 3339 1664 3415 tempore,
1681 3337 1809 3398 nibilo—
1901 3395 1912 3410 ,

1014 3439 1125 3500 minus
1147 3439 1262 3500 eadem
1286 3437 1450 3499 sententia
1474 3437 1662 3506 teneantur,
1689 3449 1751 3494 nec
1768 3433 1810 3493 ab

1014 3553 1055 3596 ea
1069 3533 1198 3612 possint
1210 3534 1349 3606 absolvi,
1364 3533 1429 3594 nisi
1444 3532 1665 3612 personaliter
1677 3531 1812 3608 propter

1014 3631 1135 3692 bocad
1162 3631 1280 3692 sedem
1303 3630 1457 3693 venerint
1482 3630 1717 3706 apostolicam,
1743 3626 1811 3688 nisi

1015 3731 1129 3792 forsan
1150 3729 1186 3790 in
1207 3729 1324 3792 mortis
1343 3728 1485 3790 articulo
1509 3727 1697 3802 constituti;
1721 3742 1811 3788 uxo-

163 3846 261 3891 versa
284 3829 456 3891 canonicae
480 3829 653 3891 securibus
674 3829 785 3906 frangi
808 3829 897 3901 fecit,
921 3845 960 3890 ac
1015 3844 1087 3890 rem
1111 3842 1253 3905 quoque,
1279 3843 1318 3888 ac
1346 3825 1507 3888 familiam
1535 3829 1608 3903 ejus
1638 3823 1811 3888 sententiae

164 3943 218 3988 res
234 3927 355 3988 ibidem
373 3927 525 3987 inventas
541 3925 718 3998 conscribi,
736 3927 769 3988 et
782 3927 961 3988 canonicos
1016 3925 1211 4003 suincimus
1236 3925 1425 3997 interdicti,
1443 3924 1639 3987 auctoritate
1663 3937 1814 4002 praesen-

165 4023 205 4084 de
228 4023 303 4099 ipsa
331 4024 494 4084 canonica
523 4023 611 4100 ejici,
629 4023 808 4086 subtractis
836 4023 959 4086 eisdem
1015 4024 1099 4086 tium
1113 4023 1312 4095 inhibentes,
1326 4022 1520 4100 utquandiu
1540 4021 1811 4099 saepedictusAl·

166 4120 318 4182 omnibus
331 4120 510 4183 alimentis.
524 4121 650 4182 Deinde
659 4121 804 4183 ministri
813 4121 961 4200 ejusdem
1015 4122 1184 4199 bergettus
1204 4121 1239 4182 13
1267 4121 1380 4198 311333
1405 4120 1550 4192 31111313,
1581 4118 1728 4190 castello,
1752 4133 1813 4178 seu

166 4217 200 4276 in
213 4217 401 4294 episcopale
416 4216 575 4294 palatium
597 4217 774 4290 irruentes,
794 4218 828 4278 et
848 4233 962 4280 came-
1016 4220 1096 4280 villa
1107 4218 1328 4297 personaliter
1346 4217 1457 4286 fuerit,
1478 4217 1591 4276 nullus
1603 4215 1650 4276 ibi
1664 4215 1814 4274 divinum

164 4330 236 4375 ram
260 4314 365 4391 ipsius
388 4315 535 4392 episcopi
559 4314 750 4391 frangentes
777 4315 959 4386 securibus
1018 4317 1198 4394 praesumat
1212 4315 1356 4377 ofiicium
1383 4314 1564 4386 celebrare,
1586 4312 1662 4374 etsi
1683 4311 1757 4389 quis
1782 4311 1814 4372 ei

166 4411 302 4485 scrinia,
319 4412 353 4472 in
370 4411 489 4489 3311133
504 4412 681 4489 privilegia
696 4414 729 4475 et
743 4413 961 4475 instrumenta
1018 4415 1161 4492 alicujus
1186 4412 1399 4490 obligationis
1421 4411 1555 4473 vinculo
1572 4413 1623 4472 est
1635 4409 1814 4472 adstrictus

167 4511 378 4588 episcopatus
390 4511 499 4588 posita
516 4512 623 4583 erant,
640 4511 773 4590 penitus
789 4509 965 4586 confrege-
1019 4529 1087 4574 non
1111 4514 1266 4574 teneatur
1289 4511 1397 4572 eidem
1418 4510 1466 4572 sic
1484 4509 1587 4586 ligato
1604 4508 1815 4586 aliquatenus

168 4607 259 4679 runt,
281 4623 320 4668 ac
342 4607 542 4684 expulerunt
570 4608 780 4685 capellanum
802 4610 836 4670 et
849 4623 965 4670 omnes
1019 4610 1231 4688 respondere.
1247 4609 1295 4671 Ad
1309 4609 1381 4670 baec
1394 4608 1454 4668 sub
1476 4623 1575 4684 poena
1587 4604 1817 4670 excommuni-

169 4704 353 4765 servientes
367 4704 472 4780 ipsius
487 4705 687 4782 episcopide
699 4705 838 4784 palatio,
850 4705 964 4790 etsolo
1019 4707 1161 4770 cationis
1184 4707 1430 4770 districtissime
1453 4705 1654 4776 inhibemus,
1682 4718 1725 4763 ne
1749 4702 1816 4762 ali-

170 4800 256 4860 13131
272 4803 402 4862 Satanae
418 4802 579 4865 satellites
595 4806 799 4877 remanente,
824 4820 965 4884 quorum
1021 4820 1087 4883 qua
1100 4804 1230 4873 civitas,
1256 4802 1439 4874 castellum,
1458 4818 1518 4862 seu
1543 4801 1623 4862 villa
1654 4797 1818 4876 saepedic-

170 4912 255 4958 unus
281 4897 389 4958 adhuc
415 4898 632 4962 humanitatis
661 4901 788 4980 aliquid
818 4902 966 4964 retinens
1020 4905 1090 4964 tum
1111 4901 1338 4978 Albergettum
1363 4900 1431 4960 ullo
1447 4914 1592 4976 unquam
1611 4897 1759 4972 tempore
1782 4895 1816 4954 in

170 4993 234 5055 sibi
250 4991 336 5056 dixit
346 4994 381 5054 in
397 5010 489 5065 aure,
505 4995 591 5073 quod
609 4997 768 5074 praefatus
792 4999 968 5075 111131331-
1021 4998 1197 5070 133131313,
1215 5013 1275 5058 seu
1289 4995 1485 5072 potestatem
1502 4993 1660 5064 assumat,
1682 4993 1818 5052 senten-

171 5095 322 5154 tuscum
350 5091 504 5154 mutilare
532 5093 673 5156 firmiter
691 5097 920 5173 proposuerat,
938 5097 967 5158 si
1021 5096 1086 5158 tias
1100 5095 1129 5155 si
1144 5109 1226 5171 3333
1249 5093 1334 5155 13113
1353 5092 1453 5163 idem,
1478 5091 1531 5152 vel
1556 5090 1679 5166 aliquis
1702 5089 1819 5150 aucto-

171 5206 211 5252 ea
235 5190 331 5252 nocte
357 5190 393 5251 in
417 5189 490 5266 ipso
509 5190 635 5268 palatio
658 5193 856 5264 remaneret,
880 5194 968 5256 unde
1023 5195 1121 5256 ritate
1141 5193 1246 5270 ipsius
1271 5190 1456 5269 protulerit,
1473 5187 1621 5266 quandiu
1646 5185 1747 5248 fuerit
1769 5185 1818 5246 sic

171 5289 258 5349 idem
283 5289 459 5366 episcopus
481 5288 522 5349 de
544 5288 617 5350 viro
638 5289 827 5366 iniquitatis
850 5293 968 5355 merito
1023 5292 1159 5368 ligatus,
1176 5289 1392 5354 decernentes
1412 5287 1528 5349 irritas
1538 5287 1572 5347 et
1586 5286 1714 5356 inanes,
1726 5283 1818 5358 nullo

172 5385 287 5463 iniqua
316 5401 532 5464 praesumenS,
557 5385 668 5448 statim
689 5386 773 5462 fugit
795 5389 835 5449 ad
863 5389 969 5452 altare
1024 5403 1169 5466 unquam
1178 5385 1520 5464 temporevalituras:
1537 5383 1704 5460 subpcena
1718 5382 1819 5444 etiam

211 5587 251 5660 (l)
269 5589 435 5662 legendum
448 5595 580 5662 putamus
591 5605 597 5647 :
610 5588 691 5646 ostia.
