4162 6424
338 305 398 365 659
957 307 1132 368 HONORII
1153 309 1197 368 lli
1220 309 1367 371 OPERA.
1972 315 2029 374 166

340 459 535 524 instantiam
550 461 727 524 terminum
747 463 1003 540 peremptorium
1029 465 1135 525 eidem
1231 468 1337 538 Quum
1352 481 1411 544 per
1426 466 1544 528 Sedem
1560 467 1790 544 Apostolicam
1805 468 2028 530 terminan-

340 560 519 637 prasposito
538 560 771 636 prorogarunt.
796 561 930 621 Interim
959 562 1069 623 autem
1094 563 1133 623 H.
1190 563 1244 625 tur
1257 562 1410 639 judiciali
1426 563 1554 624 calculo
1570 565 1787 642 quaestiones,
1806 565 2026 626 litterarum

341 659 476 718 Romen.
493 656 749 718 archidiaconus
766 658 808 719 ab
827 659 942 720 eodem
957 659 1135 735 praeposito
1191 659 1310 721 debent
1338 661 1506 722 memoriae
1538 662 1786 734 commendari,
1826 677 1883 722 ne
1927 661 2027 739 laps2

343 752 402 813 sub
432 753 495 814 bac
517 752 622 815 forma
644 756 841 834 procurator
863 756 1029 833 apparuit,
1048 755 1134 832 quod
1189 758 1879 835 1666611616661166666661661166616
1903 764 2026 836 66666-

341 851 471 926 quando
484 850 593 923 vallet,
610 853 644 914 et
658 853 780 929 posset,
795 854 926 929 gereret
940 853 1031 915 uices
1050 856 1134 931 ejus,
1191 869 1290 930 quam
1314 854 1444 930 possint
1463 854 1591 916 malitia
1611 857 1777 917 revocari.
1797 859 1859 917 Ea
1878 862 2026 932 propter

340 947 551 1010 frustratorie
569 949 686 1010 sedem
698 949 920 1034 apostolicam
938 966 1134 1028 provocans,
1191 949 1401 1012 diffinitivam
1416 933 1614 1013 sententiam
1635 969 1735 1030 quam
1752 951 1887 1014 felicis
1904 969 2028 1014 recor-

341 1045 427 1107 dixit
449 1046 655 1122 postmodum
679 1063 715 1108 se
736 1048 824 1108 nolle
850 1047 990 1109 ulterius
1014 1047 1049 1108 in
1072 1047 1137 1110 bac
1191 1047 1334 1110 dationis
1357 1049 1382 1110 1.
1406 1064 1492 1128 papa
1512 1049 1737 1126 praedecessor
1756 1053 1894 1112 noster
1920 1067 2026 1127 super

341 1158 442 1203 causa
457 1143 683 1220 procuratoris
698 1143 844 1206 officium
857 1159 1026 1218 exercere,
1041 1145 1136 1223 quasi
1192 1145 1393 1208 monasterio
1412 1146 1524 1208 Sancti
1541 1145 1735 1208 columbani
1747 1153 1884 1209 contra
1906 1149 2024 1209 Oddo-

343 1239 531 1302 suffecisset
546 1241 621 1315 sibi,
636 1242 665 1302 si
677 1242 846 1318 negotium
862 1242 1012 1319 praedicti
1024 1241 1137 1305 clerici
1192 1257 1267 1302 nem
1287 1241 1453 1320 qnondam
1474 1243 1651 1321 acolytum,
1668 1245 1701 1306 61
1715 1245 1971 1320 capellanum,
1987 1263 2022 1306 ac

339 1338 557 1414 praepediret,
580 1341 774 1415 protrahere
804 1339 1013 1417 appellando.
1043 1340 1137 1402 Unde
1192 1339 1440 1416 procuratorem
1462 1342 1621 1402 Romanae
1646 1342 1811 1404 Ecclesiae
1840 1343 2022 1404 constitu-

341 1436 542 1497 memoratus
557 1435 697 1498 clericus
713 1435 808 1498 nobis
820 1436 991 1499 humiliter
1005 1437 1136 1514 suppli·
1191 1437 1260 1497 tum
1275 1451 1334 1513 616
1349 1437 1381 1498 16
1398 1437 1614 1513 dignoscitur,
1633 1439 1675 1499 de
1690 1437 1844 1500 fratrum
1867 1456 2018 1500 suorum

340 1532 493 1605 caritot
513 1532 612 1594 tinem
636 1534 706 1594 suis
728 1533 897 1595 laboribus
915 1535 1135 1612 imponentes,
1192 1533 1334 1594 consilio
1345 1535 1574 1611 promulgasse
1587 1535 1788 1598 auctoritate
1804 1537 2018 1613 apostolica

340 1628 448 1704 ipsum
463 1629 595 1690 tandem
622 1631 726 1707 recipi
742 1630 926 1692 faceremus
946 1632 981 1692 in
996 1631 1138 1693 ecclesia
1183 1631 1438 1703 confirmamus,
1454 1632 1797 1710 etpraesentisscripti
1807 1634 2014 1709 patrocinio

341 1727 453 1787 vestra
467 1727 503 1787 in
521 1727 716 1788 canonicum
743 1727 836 1789 etin
862 1727 1009 1802 fratrem,
1038 1745 1137 1806 quum
1193 1728 1448 1804 communimus3
1474 1729 1622 1789 tenorem
1642 1731 1738 1807 cujus
1761 1729 1806 1790 de
1829 1729 1953 1791 verbo
1978 1732 2013 1790 sd

341 1823 427 1883 nihil
442 1824 474 1883 ei
489 1822 651 1900 objectum
665 1823 766 1887 fuerit
789 1841 893 1902 quare
914 1842 980 1887 666
1005 1825 1139 1887 deberet
1193 1825 1331 1886 verbum
1349 1825 1570 1902 praesentibus
1584 1826 1806 1887 inserendum
1824 1827 2012 1890 duximus.

236 1915 239 1924 ’
342 1920 534 1983 mandatum
548 1922 773 2000 Apostolicum
795 1923 980 1999 adimpleri.
1003 1925 1054 1984 Ne
1074 1923 1140 1999 igi·
1194 1921 1249 1997 qui
1263 1921 1423 1982 esttalis:

343 2017 399 2077 tur
421 2017 551 2078 dedisse
573 2018 638 2078 sibi
658 2017 733 2094 plus
756 2017 880 2080 laboris
900 2035 998 2096 quam
1013 2018 1138 2081 fructus
1189 2066 1193 2071 .
1234 2017 1447 2079 innocentius
1473 2017 1648 2094 episcopus
1669 2009 1791 2080 'servus
1819 2035 2008 2080 serrorum

343 2113 517 2174 materiam
527 2113 726 2187 videremur,
739 2116 768 2176 si
776 2115 1039 2192 relinqueremus
1052 2116 1139 2192 qtrod
1194 2113 1254 2175 Dei
1262 2113 1445 2176 venerabili
1456 2114 1578 2176 ilberto
1586 2116 1742 2191 episcopo
1754 2114 1946 2187 Bobiensi,
1959 2133 2011 2176 sa·

342 2208 384 2269 da
399 2209 470 2285 ipso
486 2210 746 2273 misericorditer
766 2212 998 2273 inchoavimus
1020 2213 1140 2289 imper·
1194 2211 1294 2273 lutam
1311 2214 1344 2274 et
1361 2211 1576 2288 apostolicam
1591 2212 1883 2274 benedictionem.

343 2305 475 2378 fectum,
504 2307 697 2369 discretioni
723 2310 842 2372 vestrae
865 2325 926 2386 per
950 2311 1139 2386 Apostolica
1234 2311 1394 2385 Tempore
1430 2309 1539 2370 felicis
1573 2309 1818 2371 recordationis
1862 2312 2007 2386 Eugenii

344 2403 467 2480 scripta
496 2405 717 2482 praecipiendo
748 2406 953 2478 mandamus,
976 2406 1139 2483 quatenus
1195 2409 1294 2482 Papae
1311 2406 1566 2482 praedecessoris
1581 2406 1688 2467 nostri
1707 2405 1798 2467 inter
1812 2405 1925 2470 bonae
1941 2423 2008 2467 me-

343 2499 430 2562 16116
450 2501 562 2563 decem
588 2503 659 2563 dies
682 2503 756 2579 post
781 2503 1025 2580 susceptionem
1049 2511 1139 2580 praa·
1195 2503 1309 2564 moriac
1322 2505 1359 2564 0.
1371 2503 1566 2564 Bobiensem
1575 2504 1777 2581 episcopum,
1796 2505 1833 2564 et
1845 2503 2006 2566 abbatem

346 2599 500 2672 sentium,
528 2599 636 2676 ipsum
657 2600 693 2661 in
718 2599 854 2661 fratrem
882 2602 916 2661 61
944 2601 1139 2663 canonicum
1195 2600 1414 2661 etmonaclios
1427 2603 1459 2660 S.
1472 2600 1775 2677 columbanisuper
1786 2601 2005 2679 subjectione

344 2695 565 2769 admittentes,
585 2696 796 2774 praebendanr
820 2697 926 2774 ipsam
949 2697 1002 2760 vel
1025 2698 1138 2771 aliam,
1195 2697 1300 2774 ipsius
1315 2698 1523 2768 monasterii,
1540 2713 1579 2758 66
1590 2697 1702 2760 multis
1715 2697 1793 2758 aliis
1810 2701 2004 2775 quaestioue

344 2792 373 2854 si
398 2792 432 2854 in
459 2794 599 2855 ecclesia
625 2796 736 2856 vestra
761 2796 869 2867 vacat,
895 2795 926 2855 ei
954 2793 1141 2856 liberaliter
1195 2792 1340 2866 suborta,
1350 2793 1457 2854 dictus
1465 2793 1814 2871 praedecessornoster
1823 2797 2005 2872 utriusque

346 2888 535 2951 conferatis
567 2890 722 2967 Alioquin
756 2907 856 2967 quum
889 2891 1010 2966 sagitta
1036 2894 1142 2953 Jona-
1195 2890 1298 2968 partis
1308 2890 1492 2952 rationibus
1503 2893 1535 2952 et
1545 2891 1801 2966 allegationibus
1813 2892 2005 2968 diligenter

344 2986 411 3046 thas
431 3002 497 3047 non
512 2986 630 3048 debeat
648 2986 740 3048 abire
759 2989 952 3059 retrorsum,
967 2988 1024 3048 sed
1040 2987 1140 3064 dirigi
1196 2987 1328 3060 auditis,
1350 2988 1383 3049 et
1399 2987 1530 3064 plenius
1543 2988 1729 3059 intellectis,
1745 2991 2000 3051 communicato

344 3081 453 3158 potius
468 3083 503 3143 in
519 3083 691 3155 directum,
708 3083 876 3160 praedictis
890 3082 1001 3146 abbati
1023 3084 1055 3146 et
1070 3085 1142 3146 col·
1196 3083 1334 3145 fratrum
1344 3100 1478 3146 suorum
1488 3083 1894 3157 consilio,monasterium
1903 3090 1939 3148 S.
1949 3089 2003 3148 Co

345 3177 429 3254 legis
448 3179 554 3256 ipsius
570 3180 691 3241 nostris
704 3180 820 3241 damus
845 3181 965 3243 litteris
987 3181 1022 3242 in
1042 3197 1140 3242 man·
1196 3181 1344 3242 lumbani
1369 3181 1528 3243 suadente
1543 3181 1673 3259 iustitia
1691 3181 1778 3244 dicto
1801 3183 2000 3258 praedeces-

346 3275 444 3349 datis,
461 3279 497 3339 61
511 3293 569 3339 vos
583 3277 623 3338 ad
642 3278 677 3340 id
694 3293 941 3355 percensuram
963 3279 1141 3341 ecclesias·
1196 3275 1265 3335 sori
1285 3277 1341 3336 tuo
1357 3274 1549 3352 adjndicare
1565 3275 1708 3348 curarit,
1725 3276 1860 3337 abbatis
1877 3279 2002 3338 confir-

344 3373 688 3451 ticam,appellatione
698 3376 837 3448 remota,
852 3375 1061 3452 compellant,
1075 3376 1140 3436 nisi
1196 3372 1386 3443 mationem,
1409 3371 1673 3442 benedictionem
1696 3388 1840 3450 quoque,
1865 3389 1909 3435 ac
1933 3391 2001 3434 cor

344 3471 470 3547 aliquid
481 3471 678 3534 canonicum
689 3472 853 3549 objectum
863 3472 974 3545 fuerit,
985 3473 1018 3535 et
1028 3473 1141 3534 osten·
1195 3467 1376 3528 rectionem
1397 3467 1592 3530 monasterii
1613 3469 1814 3543 regularem,
1837 3470 1998 3532 altarium

344 3584 428 3640 sum,
441 3584 544 3645 quare
553 3569 587 3630 id
602 3570 676 3630 fieri
692 3586 757 3633 non
771 3570 900 3642 debeat,
912 3570 966 3631 vel
976 3584 1043 3631 non
1058 3584 1140 3646 pos·
1195 3564 1294 3624 etiam
1310 3565 1539 3638 ecclesiarum,
1561 3581 1620 3626 seu
1636 3565 1855 3627 basilicarum
1876 3583 1997 3627 conse-

344 3665 398 3737 611,
417 3668 571 3728 revocato
597 3668 633 3728 in
657 3668 779 3729 statum
807 3666 953 3742 debitum
981 3666 1140 3744 quidquid
1196 3662 1389 3734 orationem,
1406 3662 1642 3724 monachorum
1656 3663 1909 3724 6161611661616
1923 3681 1997 3740 pro-

344 3762 417 3838 post
432 3763 681 3839 suspensionem
697 3763 887 3838 praedictam
902 3765 942 3824 de
957 3763 1030 3840 ipsa
1048 3779 1139 3840 prae·
1196 3758 1385 3831 motionem,
1402 3759 1470 3820 tam
1485 3759 1520 3820 in
1544 3759 1652 3836 capite
1668 3775 1767 3837 qnam
1789 3760 1826 3820 in
1840 3760 1994 3821 membris

344 3857 452 3919 benda
466 3859 500 3918 in
518 3861 590 3934 ejus
608 3859 836 3935 praejudicium
860 3860 976 3921 illicite
1002 3861 1142 3920 invene·
1196 3852 1238 3914 ad
1252 3855 1359 3932 ipsum
1368 3856 1570 3932 episcopum,
1583 3857 1616 3917 et
1626 3872 1838 3918 succeSSOres
1848 3857 1992 3934 eiusdem

345 3956 414 4016 rint
437 3955 643 4016 attentatum.
669 3956 786 4016 Datum
813 3956 970 4019 Laterani
996 3957 1141 4018 secundo
1196 3952 1364 4028 pertinere
1375 3951 1693 4014 decernens.01eum
1703 3953 1816 4026 etiam,
1829 3956 1863 4016 et
1873 3954 1991 4016 cande-

346 4051 421 4111 idus
433 4051 543 4112 martii
551 4053 762 4130 pontificatus
773 4053 876 4115 nostri
887 4052 1139 4114 annosecundo.
1197 4050 1246 4110 las
1258 4051 1353 4125 juxta
1364 4049 1558 4127 qnodasuis
1568 4048 1706 4112 testibus
1718 4049 1827 4113 fuerat
1839 4067 1989 4128 compro-

1196 4147 1308 4208 batum
1324 4146 1430 4207 eidem
1450 4147 1615 4223 episcopo,
1637 4148 1771 4226 suisque
1786 4149 1987 4209 successori·
2057 4159 2058 4230 3

1197 4244 1257 4304 bus
1281 4244 1367 4304 solvi
1391 4244 1559 4320 praecepit,
1579 4244 1735 4306 uidelicet
1756 4246 1887 4307 tantum
1912 4245 1983 4314 olei,

1198 4343 1283 4418 quod
1307 4342 1342 4404 in
1368 4341 1474 4404 tribus
1498 4341 1759 4418 quadragesimis
1788 4341 1891 4404 curiae
1920 4359 1983 4402 suae

1199 4441 1334 4502 honeste
1350 4438 1527 4511 sufficeret,
1548 4454 1587 4499 66
1602 4453 1661 4515 661
1680 4438 1762 4500 duas
1781 4441 1892 4515 partes
1910 4441 1982 4500 anni

1197 4538 1313 4600 diebus
1322 4536 1464 4613 singulis
1475 4535 1758 4597 unumbrachium
1767 4535 1982 4597 candelarum.

1198 4637 1362 4696 Processu
1379 4648 1458 4694 vero
1473 4632 1631 4710 temporis
1645 4648 1719 4693 cunr
1739 4632 1852 4704 abbas,
1870 4633 1901 4694 et
1914 4649 1982 4692 mo·

1198 4731 1298 4793 nachi
1320 4730 1516 4792 monasterii
1533 4729 1691 4792 antedicti
1711 4729 1788 4792 latae
1805 4730 1916 4790 contra
1930 4745 1983 4788 eos

664 4793 825 4883 CLVIII
1198 4827 1372 4890 sententiae
1388 4826 1606 4904 pertinaciter
1619 4827 1833 4897 contrairent,
1846 4841 1981 4886 venera-

411 4948 464 5007 Ad
485 4946 646 5007 gibertum
657 4948 851 5020 episcopum
864 4929 1077 5008 B'obpensem,
1199 4925 1275 4994 bilis
1293 4925 1396 4986 frater
1411 4925 1524 4985 noster
1539 4923 1730 5003 patriarcba
1748 4923 1979 4998 Hierosolproi-

1197 5022 1305 5094 16666,
1328 5023 1406 5083 1666
1422 5021 1594 5082 Bohieusis
1615 5020 1752 5093 electus,
1765 5019 1798 5080 in
1815 5019 1980 5095 praesentia

632 5076 857 5135 mmm&
1129 5177 1131 5183 ,
1198 5118 1488 5181 felicismemoriae
1506 5117 1600 5179 Lucii
1621 5120 1720 5194 Papae
1736 5115 1979 5193 praedecessoris
2057 5127 2058 5184 1

512 5199 976 5264 1111111111·Ῑῑ111111111·1·11’937·]
1198 5216 1302 5278 nostri
1330 5215 1475 5292 deipsis
1501 5214 1673 5292 proposuit
1698 5213 1919 5292 quaestionem,
1947 5227 1981 5272 ae

345 5305 529 5366 (1661666116
544 5305 704 5362 1666666111
721 5320 801 5377 papa
813 5305 962 5362 sententie
977 5317 1064 5377 super
1078 5317 1141 5360 mo·
1198 5315 1330 5376 tandem
1354 5314 1389 5374 in
1414 5313 1556 5388 Regegto
1579 5311 1717 5386 gugenji
1740 5313 1840 5387 papae
1862 5313 1982 5385 sepem
2057 5309 2058 5352 1

529 5393 654 5452 1111111111
668 5393 764 5451 sancti
776 5391 953 5452 0011111111·
1199 5411 1365 5474 sententia
1375 5410 1568 5480 memorata,
1586 5408 1672 5469 idem
1688 5410 1779 5484 Papa
1794 5406 1911 5467 Lucius
1924 5407 1981 5466 ab·

387 5519 553 5581 Honorius
567 5520 740 5597 episcopus
755 5535 871 5580 servus
882 5532 1053 5580 serrorum
1070 5517 1141 5587 Dei,
1198 5509 1307 5572 batem
1330 5508 1444 5569 Sancti
1463 5505 1668 5577 columbani,
1691 5504 1725 5566 et
1744 5504 1931 5576 monachos,
1954 5507 1982 5566 et

345 5614 531 5678 venerabili
541 5614 636 5677 fratri
647 5615 769 5678 ilberto
780 5614 882 5692 episc.
895 5612 1061 5687 bobiensi,
1079 5615 1141 5675 etc.
1200 5622 1413 5672 successores
1424 5621 1539 5668 eorum
1554 5604 1595 5665 ad
1607 5599 1825 5666 obediendum
1835 5601 1896 5679 ipsi
1908 5601 1983 5665 elec·

385 4204 422 4264 In
434 4203 584 4265 eumdem
595 4204 728 4266 modum
739 4204 898 4292 scriptum
910 4204 962 4266 est
971 4219 1071 4282 super
1079 4205 1142 4266 imo

345 4299 509 4360 eisdem...
526 4300 638 4363 abbati
654 4301 766 4363 Sancti
787 4290 936 4371 taberti,
960 4302 993 4363 et
1019 4301 1144 4377 magis-

345 4397 406 4458 tris
421 4399 455 4458 C.
472 4400 505 4459 et
520 4400 552 4460 S.
570 4399 740 4461 canonicis
753 4400 966 4460 Cameracen.
983 4413 1090 4473 66666
1107 4399 1142 4458 16

347 4493 458 4560 tinem,
473 4494 583 4555 verbis
598 4495 824 4571 competenter
835 4496 981 4556 mutatis.
1005 4495 1097 4568 Quod
1113 4496 1141 4556 si

347 4605 414 4650 666
429 4607 554 4663 omnes,
571 4591 634 4652 616.
651 4593 768 4654 ilatum
780 4593 816 4653 ut
836 4608 948 4669 supra.
