4162 6424
89 271 163 330 597
726 268 955 330 nPtsTobAE.
979 268 1058 328 LIB.
1081 267 1122 329 11.
1613 309 1616 316 ·
1690 271 1750 332 598

89 427 244 506 quaeduo
253 425 473 490 instrumenta
481 426 606 489 similia
614 425 744 488 oculata
752 425 816 490 lide
825 441 899 503 cog·
952 425 1124 488 monacbis
1144 425 1201 498 SS,
1225 425 1341 486 Trium
1356 426 1543 487 Puerorum
1562 427 1748 506 requisitis,

88 525 267 596 novimus,
281 524 366 602 quod
376 539 464 586 anno
477 523 519 585 ab
527 527 658 586 incarn.
667 523 895 596 Dominillti5,
954 522 987 584 et
997 523 1113 598 jussis,
1130 523 1166 584 ut
1184 521 1398 584 ostenderent
1418 522 1607 598 privilegia,
1631 522 1660 584 si
1684 540 1749 601 qua

91 623 210 684 Isaiae
240 619 342 682 abbas
365 623 423 682 SS.
447 622 561 682 Trium
588 623 774 683 Puerorum
797 636 898 698 quum
953 619 1088 696 iuquam
1108 619 1279 692 baberent,
1304 618 1337 680 et
1356 619 1483 680 nullum
1502 634 1538 680 se
1560 618 1682 680 babere
1696 619 1751 680 di-

88 718 276 781 Fratribus
287 719 356 780 suis
369 720 586 796 questionem
601 719 751 782 moverat
764 717 805 780 de
823 719 899 796 qui-
953 716 1114 790 centibus,
1137 716 1304 794 possessio
1326 717 1392 779 tota
1416 716 1525 778 luerat
1544 716 1586 776 ad
1601 717 1751 793 judionis

87 815 240 878 busdam
260 815 404 893 pascuis,
428 817 462 878 et
478 817 590 891 terris,
611 832 684 894 quae
708 815 786 878 sunt
809 814 897 876 inira
953 814 1155 876 monasterio
1197 814 1318 888 Floria,
1350 813 1437 875 sicut
1460 813 1560 874 etiam
1596 818 1665 890 per
1681 813 1749 874 im*

86 914 345 990 possessionem
369 914 564 976 monasterii
589 913 713 985 Floria,
739 929 799 991 per
821 913 896 990 pri·
952 911 1079 988 pertale
1111 910 1323 988 privilegium
1356 910 1546 988 possidebat
1577 911 1751 972 continens

84 1010 261 1086 vilegium
290 1026 388 1072 suum
415 1011 451 1072 in
474 1011 544 1074 Sila
573 1010 742 1074 concessis
764 1011 898 1072 sanctus
953 1010 1054 1070 etiam
1067 1008 1295 1087 quaestionem,
1306 1024 1405 1086 quam
1418 1007 1458 1068 da
1472 1008 1646 1070 invasione
1660 1007 1752 1068 Galo-

84 1109 236 1184 propter
254 1106 378 1168 bonum
402 1109 495 1184 pacis
516 1108 602 1186 quod
625 1109 708 1169 viris
731 1107 898 1184 religiosis
954 1104 1066 1184 suberi
1091 1104 1195 1168 abbas
1217 1105 1370 1170 Joacbim
1393 1106 1543 1167 incuria
1563 1105 1753 1182 regiapro-

85 1205 266 1277 convenit,
291 1205 408 1282 sopitis
434 1203 588 1268 omnibus
602 1204 842 1282 questionibus
866 1204 900 1266 et
953 1204 1111 1282 posuerat
1138 1203 1211 1266 scil.
1238 1204 1345 1266 altera
1366 1203 1459 1280 parte
1479 1203 1539 1264 vix
1561 1202 1690 1276 vocata,
1716 1203 1750 1266 et

84 1301 225 1374 causis,
240 1302 281 1364 ad
295 1317 412 1380 preces
425 1301 609 1364 etocnsilia
617 1301 797 1380 proborum
807 1301 899 1364 viro-
952 1300 1217 1378 subtertuqiente
1227 1300 1391 1378 judicium
1408 1301 1444 1360 in
1459 1299 1664 1378 corporalem
1679 1315 1750 1378 pos

85 1415 187 1470 rum,
201 1397 303 1460 abbas
317 1398 469 1462 Joacbim
482 1415 557 1462 oum
569 1397 729 1462 iratribus
738 1398 809 1460 suis
824 1406 900 1460 oon·
953 1399 1137 1462 sessionem
1150 1398 1278 1476 positus
1295 1397 1403 1460 iuerat
1419 1397 1696 1474 permundatum,
1717 1397 1751 1459 et

89 1495 204 1558 cessit
229 1493 366 1572 praelato
392 1494 505 1558 abbati
528 1495 636 1568 Isaiae,
663 1511 703 1558 ac
726 1495 898 1558 Fratribus
953 1495 1151 1558 sententiam
1166 1493 1748 1567 curiaedeGalosubero,Taraclovo,

91 1593 184 1666 suis,
205 1592 354 1669 ipsorum
373 1593 587 1665 monasterio,
611 1593 647 1654 ut
661 1592 822 1656 baberent
837 1608 897 1655 ar·
953 1595 987 1656 et
1008 1594 1118 1666 terris,
1136 1609 1218 1672 quas
1242 1591 1355 1666 abbas,
1372 1593 1405 1654 et
1423 1590 1543 1654 iratres
1562 1594 1619 1654 SS.
1636 1593 1749 1654 Trium

11 1729 12 1736 κ
88 1689 192 1754 valia
222 1706 294 1762 sua,
317 1690 404 1752 sicut
433 1689 557 1752 babere
583 1691 837 1763 consueverant,
863 1691 899 1751 in
953 1693 1155 1763 Puerorum,
1180 1689 1266 1752 sicut
1292 1690 1487 1768 praedictum
1510 1689 1560 1751 est
1578 1705 1637 1766 pro
1662 1689 1748 1750 bono

11 1807 13 1834 ι
88 1786 174 1847 loco
203 1787 260 1864 qui
289 1787 410 1849 dicitur
429 1788 665 1866 Misocampus,
686 1789 720 1850 et
732 1788 819 1849 alius
842 1789 898 1866 qui
954 1788 1046 1865 pacis
1061 1788 1276 1865 reliquerant,
1293 1787 1326 1849 et
1344 1803 1405 1866 per
1418 1787 1625 1849 invasionem
1652 1787 1750 1848 tene-

11 1893 12 1912 ³
89 1882 898 1961 diciturvulturnus,ethaberevaccas,jumenta
953 1884 1043 1948 bant.
1060 1887 1159 1946 ‘Sane
1178 1899 1238 1962 pro
1260 1885 1302 1945 ils
1320 1884 1473 1946 omnibus
1497 1884 1658 1946 causandi
1672 1899 1747 1945 ma·

11 2003 13 2024 r
88 1981 125 2041 et
148 1994 271 2056 porcos
293 1981 329 2040 in
348 1980 433 2052 loco,
457 1982 515 2058 qui
536 1977 660 2042 dicitur
683 1983 896 2056 Fraxmitvis,
953 1981 1037 2043 teria
1057 1979 1136 2042 hinc
1152 1979 1230 2041 inde
1247 1983 1417 2042 crescente
1436 1980 1562 2057 placuit
1577 1980 1701 2052 abbati,
1716 1981 1749 2041 et

11 2127 12 2130 ,
86 2075 140 2138 ita
153 2075 192 2137 ut
205 2091 264 2152 pro
282 2076 365 2152 ipsis
377 2077 508 2152 pascuis
524 2077 754 2153 persolverent
767 2093 899 2138 annua-

85 2170 154 2232 tim
171 2171 298 2234 solidos
310 2171 386 2234 auri
404 2172 547 2249 quatuor
560 2173 762 2234 monasterio
777 2173 895 2236 Floris.

86 2270 139 2329 De
150 2269 257 2329 terris
265 2285 356 2341 vero,
367 2284 449 2346 quas
461 2271 673 2346 aperuerant,
682 2270 754 2331 sive
762 2270 802 2332 de
810 2270 894 2344 loco,

87 2365 148 2443 qui
169 2365 297 2428 dicitur
316 2366 517 2428 Faraclovus
536 2366 586 2428 sic
605 2367 646 2428 ad
666 2383 781 2444 preces
804 2384 896 2446 prae-

85 2462 265 2524 dictorum
279 2464 433 2525 Fratrum
450 2462 630 2526 inclinatus
641 2463 692 2524 est
708 2461 811 2525 abbas
823 2466 898 2526 Joa-

84 2559 201 2631 cbim,
219 2561 256 2622 ut
270 2575 342 2637 quae
357 2559 420 2621 hoc
432 2558 607 2622 videbatur
617 2559 749 2636 utrique
763 2575 898 2622 monas-

83 2657 177 2720 terio
196 2657 353 2733 expedire
363 2657 568 2720 dimitterent
578 2657 780 2718 monasterio
789 2657 896 2720 Floris

83 2756 121 2818 in
132 2769 229 2832 pace
242 2754 356 2815 tenere
370 2753 442 2830 ipsa
455 2755 637 2816 tenimenta
644 2753 854 2816 calosuberii
864 2757 898 2816 et

86 2850 288 2924 Faraclovi,
303 2853 458 2912 etomnes
470 2851 589 2924 terras,
601 2867 684 2928 quas
697 2852 898 2928 aperuerant

92 2965 203 3028 prope
220 2948 294 3024 ipsa
308 2948 488 3010 tenimenta
504 2964 578 3009 curn
599 2949 688 3010 omni
704 2951 781 3025 iure
799 2948 898 3025 plan-

93 3046 251 3117 tationis,
265 3047 298 3107 et
312 3044 553 3120 aedificationis,
570 3045 656 3124 quod
665 3060 702 3106 se
712 3045 747 3107 in
757 3045 806 3106 eis
817 3062 895 3108 cre·

90 3144 221 3206 debant
236 3141 372 3204 babere.

129 3241 248 3304 Abbas
262 3255 341 3303 vero
356 3240 519 3313 Joacbim,
540 3241 574 3303 et
587 3239 707 3302 iratres
723 3241 775 3302 sui
800 3257 895 3303 com·

88 3337 310 3401 mutaverunt
331 3337 392 3410 eis,
416 3337 450 3397 et
474 3339 676 3400 monasterio
696 3353 811 3399 eorum
836 3354 896 3415 pro

11 3511 12 3516 ἵ
89 3433 311 3506 Calosubero,
326 3435 359 3494 et
373 3431 521 3510 praetatis
537 3434 729 3496 tenimentis
739 3435 772 3496 et
783 3435 894 3508 terris,

953 2075 1113 2137 iratribus
1124 2077 1182 2136 SS.
1189 2076 1303 2137 Trium
1318 2080 1501 2138 Puerorum
1517 2077 1748 2153 derelinquere

953 2173 1085 2248 penitus
1102 2187 1236 2249 pascua,
1253 2175 1289 2234 et
1301 2173 1482 2236 tenimenta
1502 2189 1577 2234 cum
1591 2173 1752 2234 obedien-

952 2269 1000 2332 tia
1024 2270 1138 2332 Sancti
1159 2270 1296 2332 Martini
1319 2285 1379 2346 per
1398 2269 1610 2332 concordiam
1631 2269 1673 2331 ab
1690 2268 1751 2330 ab·

952 2365 1028 2428 bate
1042 2366 1194 2429 Joachim
1209 2367 1273 2428 sibi
1284 2383 1453 2441 concessa,
1469 2382 1529 2444 pro
1544 2383 1583 2430 eo
1602 2367 1750 2428 maxima

953 2463 1040 2540 quod
1062 2477 1198 2524 censum
1222 2479 1370 2525 annuum
1390 2479 1451 2524 sex
1471 2463 1653 2526 solidorum
1674 2463 1749 2524 auri

953 2574 1089 2635 gravem
1116 2559 1180 2620 sibi
1209 2575 1282 2621 esse
1306 2559 1460 2622 dicebant
1484 2562 1518 2623 et
1540 2561 1617 2637 quia
1643 2560 1750 2636 magis
1780 2625 1784 2634 ,

954 2654 1224 2734 pacem-fratrum
1248 2656 1368 2728 Floria,
1386 2672 1484 2733 quam
1506 2657 1750 2734 possessionem

951 2755 1134 2822 terrenam,
1151 2755 1183 2815 et
1199 2754 1427 2816 transitoriam
1441 2753 1633 2831 diligebant.
1647 2758 1752 2816 Trac-

951 2849 1099 2911 tantibus
1117 2867 1197 2926 ergo
1217 2851 1334 2912 amicis
1358 2851 1597 2924 communibus,
1623 2852 1751 2928 placuit

952 2947 1084 3025 utrique
1105 2947 1193 3024 parti
1219 2963 1332 3010 coram
1355 2947 1464 3021 nobis,
1486 2949 1604 3024 positae
1632 2948 1750 3010 recisis

951 3044 1181 3107 instrumentis
1207 3045 1410 3118 concordiae,
1433 3061 1533 3124 quarn
1553 3045 1632 3107 olim
1658 3045 1751 3108 iece-

951 3143 1037 3215 rant,
1055 3142 1096 3204 ad
1121 3141 1209 3204 banc
1222 3143 1434 3204 concordiam
1453 3158 1514 3220 pro
1528 3158 1611 3220 pace
1631 3159 1751 3220 perpe-

951 3240 1009 3302 tua
1029 3238 1197 3302 devenire.
1212 3239 1322 3302 Abbas
1337 3239 1470 3316 quidem
1480 3241 1519 3319 et
1536 3240 1657 3302 tratres
1671 3241 1752 3301 Flo-

951 3336 999 3396 ris
1016 3336 1215 3398 dimiserunt
1231 3335 1382 3396 absolute
1397 3335 1520 3408 abbati,
1539 3338 1572 3399 et
1592 3335 1750 3397 iratribus

953 3433 1010 3494 SS.
1033 3433 1147 3492 Trium
1178 3435 1362 3493 Puerorum
1393 3447 1508 3493 omnes
1550 3432 1751 3509 quaestiones

92 3533 182 3594 allas
212 3533 321 3592 terras
347 3545 367 3590 a
395 3531 494 3606 ponte
524 3529 672 3591 fluminis
698 3531 793 3604 Netl,
822 3547 896 3594 cum
952 3528 1294 3605 praeterititernporia
1312 3543 1395 3606 quas
1414 3528 1574 3590 adversus
1595 3545 1653 3592 eos
1674 3545 1749 3590 rno-

92 3629 233 3698 iinibus,
250 3626 307 3703 qui
322 3626 437 3701 scripti
449 3626 546 3688 erant
561 3627 596 3687 in
615 3627 848 3700 instrumento,
865 3628 898 3690 et
951 3641 1033 3687 vera
1051 3625 1196 3702 possent,
1222 3627 1255 3687 et
1275 3627 1512 3688 concesserunt
1531 3625 1600 3694 ele,
1619 3626 1653 3687 et
1672 3642 1748 3686 mo-

93 3728 237 3802 insuper
258 3723 491 3795 obedientiam,
515 3739 589 3800 qum
609 3724 731 3786 dicitur
752 3725 785 3784 S.
806 3725 899 3785 Mar·
952 3722 1270 3784 masterioecrumin
1282 3723 1478 3800 perpetuum
1492 3723 1599 3784 terras
1614 3722 1749 3784 labora-

11 3811 12 3886 ]
93 3823 159 3884 tini
175 3821 217 3882 de
227 3821 312 3883 Neto
324 3836 398 3882 cum
408 3819 571 3891 terminis,
585 3822 618 3882 et
629 3819 897 3897 possessionibus
953 3819 1070 3892 tortas,
1096 3819 1234 3896 triginta
1255 3820 1383 3881 modios
1410 3819 1547 3882 seminis
1568 3821 1748 3899 capientes,

11 3909 12 3916 ’
95 3918 181 3989 suis,
213 3933 272 3993 pro
300 3917 420 3994 quibus
448 3913 604 3978 videlicet
621 3917 732 3989 terris,
762 3919 796 3980 et
818 3918 900 3981 obe-
954 3917 1040 3978 siout
1072 3917 1324 3979 aestimabantur
1354 3917 1492 3980 arbitrio
1523 3919 1746 3979 communium

96 4013 227 4074 dientia
252 4013 451 4074 tenebantur
473 4011 575 4075 abbas
601 4015 634 4076 et
652 4013 773 4076 fratres
799 4031 899 4077 sanc·
955 4015 1137 4076 amicorum
1159 4004 1298 4088 i'nlooo,
1320 4015 1377 4092 qui
1394 4017 1534 4078 vocatur
1555 4016 1675 4088 salice,
1697 4015 1749 4078 vel

96 4113 210 4171 torum
225 4111 338 4171 Trium
358 4113 542 4172 Puerorum
562 4111 752 4189 persolvere
767 4128 900 4174 annua·
949 4113 1047 4189 juxta
1068 4111 1188 4183 salice,
1211 4127 1294 4189 quas
1309 4111 1399 4173 omni
1418 4113 1567 4188 tempore
1580 4111 1748 4174 tenebitur

96 4208 159 4269 tirn
188 4207 313 4271 solidos
341 4207 416 4270 auri
445 4209 539 4270 duos.
568 4209 764 4271 Postulabat
793 4210 897 4286 igitur
952 4209 1193 4270 monasterinm
1211 4209 1318 4270 Floris
1340 4208 1446 4269 eidem
1467 4209 1669 4271 monasterio
1687 4209 1749 4270 de-

96 4320 178 4382 pars
192 4305 301 4366 Floria
317 4305 513 4382 responderi
530 4305 593 4368 sibi
608 4306 651 4368 de
663 4323 767 4370 censu
784 4323 897 4370 annuo
952 4306 1099 4378 tendere,
1117 4307 1203 4366 sicut
1218 4305 1281 4366 erlt
1293 4305 1430 4383 dejure,
1448 4305 1569 4368 utendo
1578 4307 1615 4367 in
1625 4306 1750 4367 eisdem

96 4417 159 4463 sex
173 4402 368 4476 solidorum,
386 4404 667 4481 utprmsoriptum
681 4407 731 4465 eat
744 4405 897 4466 totannis
951 4403 1062 4476 terris,
1089 4416 1163 4464 curn
1186 4403 1358 4466 seminate
1381 4418 1448 4466 non
1471 4402 1597 4464 luerint
1616 4403 1749 4480 pascuis

96 4499 160 4558 sibi
182 4499 316 4562 detento
331 4504 365 4563 et
385 4501 609 4578 praeponebat,
633 4501 721 4578 quod
745 4501 897 4578 praedicti
951 4517 1026 4563 oum
1047 4499 1249 4562 animalibus
1274 4501 1395 4572 eloris,
1424 4515 1484 4577 pro
1508 4500 1628 4577 quibus
1647 4501 1747 4563 terris
1859 4538 1864 4546 ·

95 4594 212 4662 abbas,
225 4599 259 4657 et
268 4597 389 4660 iratres
402 4599 536 4676 propter
547 4599 820 4675 ingratitudinem
833 4599 897 4660 fre-
940 4598 1060 4660 'reddit
1084 4597 1259 4659 annuatim
1284 4597 1523 4660 monasterium
1558 4599 1748 4660 sanctorum

95 4691 217 4766 gerant
249 4695 460 4756 concordiam
486 4711 546 4773 per
571 4696 792 4758 instrumenta
817 4696 896 4760 binc
951 4696 1065 4757 Trium
1078 4699 1262 4758 Puerorum
1275 4695 1478 4758 monasterio
1492 4696 1600 4758 Floria
1614 4697 1649 4758 in
1662 4695 1749 4759 laeto

94 4787 175 4848 inde
202 4789 407 4863 consectam,
432 4793 619 4855 invadendo
643 4795 774 4856 armata
794 4809 897 4854 manu
950 4793 1040 4856 beati
1073 4796 1215 4856 ioannis
1251 4795 1473 4870 avangelista
1511 4793 1630 4855 libram
1662 4809 1747 4856 cerae

96 4884 279 4958 abbatiam,
293 4902 393 4965 quam
406 4887 508 4950 abbas
524 4891 677 4952 Joacbim
698 4891 898 4954 construxe-
951 4907 1065 4963 unam,
1083 4893 1116 4954 et
1141 4892 1228 4954 nibil
1250 4892 1352 4952 aliud.
1379 4892 1590 4956 Remiserunt
1610 4891 1748 4969 insuper

97 4983 151 5044 rat
164 4982 198 5043 in
214 4983 425 5057 Calosubero,
440 4985 487 5045 ibi
505 4986 693 5063 diripiendo
705 4986 805 5060 bona,
822 5004 895 5066 quaa
950 5005 1081 5052 omnem
1102 4989 1330 5066 questionem,
1354 5003 1452 5064 quarn
1472 4988 1651 5064 aliquando
1677 5003 1751 5049 mo-

99 5081 223 5143 ibidem
239 5079 372 5144 inventa
387 5083 474 5156 sunt,
496 5083 644 5146 officinas
660 5085 760 5146 etiam
782 5084 898 5146 dirue·
952 5102 1029 5148 vere
1049 5087 1185 5162 possent
1205 5085 1366 5147 adversus
1385 5084 1560 5163 praelatum
1579 5086 1751 5146 monaste-

99 5179 186 5240 rant.
201 5179 424 5240 ostendebant
435 5181 574 5257 insuper
588 5181 752 5259 quoddam
764 5182 895 5244 instru-
950 5185 1037 5246 rium
1050 5183 1091 5244 de
1107 5183 1289 5244 tenimento
1304 5182 1390 5259 quod
1405 5181 1533 5244 dicitur,
1552 5181 1646 5254 Miri,
1661 5181 1748 5258 quod

103 5278 251 5337 mentum
286 5291 306 5338 a
341 5279 524 5340 memorato
556 5278 825 5357 archiepiscopo,
863 5282 896 5342 et
950 5280 1105 5342 videlicet
1118 5279 1372 5352 estinlraltnes‚
1387 5279 1628 5356 quoscontinet
1641 5279 1748 5356 privi-

103 5373 176 5433 aliis
196 5373 395 5451 specialibus
416 5376 569 5453 personis
591 5375 788 5445 conlectum,
809 5377 895 5454 quod
951 5379 1074 5454 legium
1099 5378 1208 5440 Floria
1238 5376 1455 5440 concedentes
1487 5378 1524 5438 ut
1551 5376 1633 5438 illud
1662 5378 1749 5440 sicut

105 5468 253 5531 diffusius
294 5472 501 5542 continebat,
541 5473 627 5552 quod
668 5473 747 5535 olim
782 5489 894 5536 coram
950 5475 1111 5538 hactenus
1129 5476 1245 5548 libere,
1273 5491 1312 5538 ac
1333 5475 1473 5553 pacifice
1495 5473 1613 5538 debeat
1636 5475 1747 5554 possi-

105 5566 258 5641 praedicta
289 5571 326 5632 D.
354 5570 566 5649 imperatrice
589 5571 674 5648 apud
705 5571 895 5634 Nicoteram
950 5573 1748 5650 dere.abbasvero,etFF.SS.PuerorumTrlum
