4214 6400
156 241 221 304 393
400 295 409 312 .
646 242 795 308 xxxnl.
811 243 909 304 -ΙΝ
934 243 1062 306 FESTO
1084 241 1308 305 VIRGINUM.
1746 249 1806 312 394

154 407 361 480 pronianum
374 417 488 480 mnam,
502 405 746 467 misericordia·
760 403 878 466 anina
892 405 957 467 Det
1010 401 1152 464 assumit
1174 402 1304 464 animas
1324 401 1504 466 electorum
1524 403 1565 464 ad
1585 405 1718 470 caeleste
1740 423 1805 486 pa-

154 517 268 578 auper
290 517 428 564 mnnem
455 515 598 564 earnem
623 500 739 580 (dccli.
769 515 864 573 xuni,
888 499 953 579 12).
1011 499 1138 562 latium.

157 597 392 659 Misericordia
406 596 556 658 dicitura
569 595 691 657 misero
702 595 812 666 corde,
824 595 956 672 quaudo
1051 598 1143 660 Unde
1154 597 1188 659 in
1199 597 1373 674 evangello
1387 619 1394 658 ι
1406 599 1445 660 Ut
1455 613 1534 660 cnm
1544 602 1681 662 uenerit
1690 602 1725 662 et
1734 607 1807 677 pad-

156 694 283 772 aliquis
296 693 397 756 babet
412 694 582 756 tristitiam
597 695 629 755 et
643 693 790 755 dolorem
805 694 840 752 in
857 692 956 754 corde
1010 696 1142 758 caverit
1151 697 1331 770 confestim
1338 697 1499 772 aperiant
1510 701 1541 759 et
1553 696 1647 775 (Luc.
1663 715 1723 772 111,
1740 701 1805 778 36).
1875 761 1878 774 ,

155 807 203 853 ex
228 791 340 854 aliena
361 792 509 852 miseria.
532 791 624 863 Quod
650 789 793 851 babebat
814 792 958 866 Aposto-
1010 793 1110 855 Venit
1123 792 1255 869 quando
1282 792 1354 855 vult
1367 793 1514 854 animam
1536 793 1654 857 tollere
1673 797 1713 858 de
1731 813 1808 858 cor-

155 889 222 961 lus,
239 905 313 950 cum
338 887 468 951 dicebat
484 909 492 949 ε
509 891 591 956 onis
609 889 825 962 inclinantur,
841 888 874 949 et
895 902 957 964 epo
1011 905 1102 966 pore.
1119 889 1235 952 Pulsat
1249 889 1380 966 quaudo
1404 907 1483 952 caro
1498 892 1806 970 molestaturaegri-

100 992 102 995 ’
156 1001 230 1048 non
252 987 451 1060 lntlrnaor...
468 985 513 1065 (ll
527 987 602 1048 Cor.
615 1001 662 1058 xl,
681 985 754 1066 29)l
776 985 954 1063 Sequitur:
1011 986 1137 1049 tudine.
1154 985 1336 1049 Confestim
1352 987 1519 1064 illiaperit
1530 989 1586 1068 qui
1598 1007 1671 1052 cum
1686 992 1808 1066 gaudio

155 1087 300 1146 Moram
312 1084 431 1146 antem
444 1083 602 1157 faciente.
625 1085 772 1160 Sponsus
791 1081 872 1144 iacit
885 1099 958 1144 mo-
1011 1083 1051 1144 de
1067 1098 1205 1161 corpore
1219 1083 1299 1156 exit,
1309 1085 1342 1145 et
1351 1084 1393 1145 ad
1406 1088 1509 1147 Deum
1519 1086 1621 1149 vadit.
1637 1087 1699 1148 Sed
1711 1089 1809 1166 pauci

154 1183 290 1243 ramim
315 1180 424 1254 horte,
446 1181 594 1243 thalamo
621 1182 654 1242 et
674 1180 811 1257 palatie.
833 1181 957 1242 Hortus
1012 1180 1200 1242 sunthodie
1215 1181 1272 1258 qui
1295 1180 1371 1244 laeto
1395 1181 1506 1244 animo
1530 1184 1745 1260 agrediuntur
1768 1185 1809 1246 de

155 1280 211 1341 est
239 1293 382 1355 superna
410 1278 600 1354 amaenitas;
628 1277 805 1350 thalamus,
831 1279 957 1339 aeterna
1012 1293 1161 1356 corpore,
1183 1277 1216 1340 et
1239 1277 1343 1340 velint
1357 1281 1460 1340 Deum
1488 1281 1601 1343 ridere
1627 1297 1724 1358 quem
1744 1283 1808 1345 sibi

149 1376 370 1453 jucunditas3
397 1375 569 1454 palatium,
589 1374 667 1437 coeli
696 1375 786 1437 tertii
818 1375 956 1452 specio·
1012 1376 1137 1437 conscii
1157 1377 1234 1437 sunt
1257 1376 1292 1437 in
1312 1375 1426 1437 multis
1445 1376 1635 1440 offendisse.
1661 1382 1808 1456 Sponsus

156 1474 256 1536 sitas.
1012 1473 1167 1535 venietin
1182 1473 1305 1544 tuturo,
1320 1471 1451 1550 quando
1461 1475 1729 1552 venietjudicare
1741 1495 1807 1540 sae-

202 1569 379 1648 Sequitur:
395 1570 684 1632 Dmmltavemant
697 1585 816 1632 omnes
826 1571 860 1632 et
871 1571 957 1632 dor-
1012 1571 1122 1633 culum
1136 1570 1328 1648 perignem.
1343 1571 1514 1648 Etsponsa
1528 1572 1620 1635 veuit
1635 1589 1708 1634 cum
1722 1575 1806 1652 ipso,

153 1669 326 1730 merant.
353 1666 538 1728 Dormitare
557 1668 608 1728 est
625 1668 784 1744 quantum
806 1667 847 1728 ad
867 1667 959 1728 litte-
1012 1667 1090 1744 quia
1105 1683 1220 1729 omnes
1234 1669 1341 1730 sancti
1353 1668 1600 1745 apparebuntiu
1609 1671 1716 1748 gloria
1733 1689 1808 1733 cum

154 1781 232 1828 ram
257 1766 333 1827 ante
349 1763 580 1826 dormitionem
608 1765 739 1826 nutare.
770 1764 956 1825 Secundum
1013 1764 1095 1841 ipsu.
1109 1765 1404 1828 UndeZacharias:
1419 1769 1808 1830 VentetDominnsDens

156 1863 367 1940 spiritualem
383 1877 516 1924 sensum
532 1861 712 1922 dormitare
736 1861 812 1922 aute
833 1861 959 1926 dormi·
1012 1863 1806 1944 manantornnesaanctiejnscnnneofflacb.xiv,

155 1961 284 2022 tionem
310 1961 363 2022 est
384 1958 549 2020 infirmari
572 1961 649 2020 aute
675 1961 958 2020 mortemarense
1011 1957 1057 2038 5),
1071 1960 1187 2021 attunc
1198 1975 1312 2020 omues
1321 1960 1467 2036 virgines
1478 1961 1577 2023 iatuae
1589 1963 1622 2024 at
1631 1963 1808 2039 prudentes

155 2055 712 2132 anteannoeteenzmorsoetnsest
727 2055 835 2116 media
848 2057 955 2126 nocte,
1012 2056 1150 2118 exibunt
1170 2057 1211 2118 de
1232 2059 1454 2120 monumentis
1477 2057 1609 2120 obviam
1629 2075 1750 2137 sponso
1777 2061 1810 2123 et

156 2152 252 2214 nullo
267 2153 404 2214 sciente.
428 2151 564 2228 Triplex
591 2154 718 2213 elamor
746 2151 958 2214 annuntiabit
1012 2169 1153 2231 sponsae.

156 2250 339 2313 adrentum
365 2249 478 2328 spousi
501 2271 508 2309 :
528 2249 665 2326 clangor
682 2248 866 2322 turbarum,
890 2265 958 2311 vox
1052 2253 1127 2312 Nou
1144 2250 1238 2312 ibunt
1252 2267 1391 2330 corpore
1405 2252 1463 2313 sed
1483 2252 1602 2314 mente.
1619 2254 1809 2331 Tripliciter

156 2347 367 2424 angelorum,
383 2349 491 2408 motus
506 2346 754 2408 elementorum.
771 2349 818 2408 De
830 2346 957 2408 duobus
1012 2348 1221 2409 ambulamus
1245 2350 1354 2411 mente
1370 2371 1377 2409 :
1393 2349 1604 2425 cogitatione,
1625 2351 1806 2425 voluntate,

157 2444 277 2521 primis
291 2444 327 2504 in
343 2443 516 2521 evangelio
532 2465 540 2504 ε
555 2444 671 2506 Mittet
686 2448 795 2506 Filius
808 2446 957 2506 bominis
1013 2445 1045 2506 el
1063 2444 1244 2506 intellectu.
1259 2445 1319 2506 llis
1339 2446 1427 2506 enim
1441 2446 1475 2506 in
1491 2448 1656 2510 momento
1672 2448 1809 2510 univer-

156 2547 299 2616 anpelos
329 2555 410 2603 snos
447 2555 525 2602 curn
557 2541 636 2602 tubo
664 2541 698 2601 et
724 2553 804 2601 cece
827 2554 957 2616 monn
1012 2556 1124 2602 sorum
1140 2541 1298 2602 mundum
1318 2543 1553 2619 percurrimus.
1574 2543 1671 2606 Ibunt
1695 2561 1805 2606 emere

158 2635 293 2716 (mann.
318 2654 411 2710 xxiv,
431 2635 497 2718 31).
519 2639 565 2699 De
582 2637 681 2700 tertio
700 2637 869 2714 inaggaeo
884 2653 958 2714 pro·
1012 2635 1089 2713 qula
1127 2635 1320 2712 cogitabunt
1357 2638 1389 2698 et
1423 2637 1611 2714 intelligent
1644 2639 1808 2715 quomodo

157 2735 259 2810 pheta
272 2751 279 2795 :
291 2738 377 2797 Ecce
390 2749 452 2811 epo
470 2737 610 2796 monebo
623 2739 745 2795 coelnrn
760 2735 793 2794 et
808 2735 954 2805 terram,
1012 2734 1153 2795 emerint
1165 2733 1205 2794 ab
1221 2733 1410 2795 hominibus
1425 2734 1478 2795 vel
1491 2735 1706 2796 daemonibus.
1720 2737 1808 2799 Emit

157 2831 192 2894 at
205 2846 305 2893 mare
319 2831 354 2892 et
366 2835 504 2892 aridam
525 2829 621 2908 (agg.
641 2846 676 2898 ιι,
692 2827 758 2908 22).
777 2829 954 2908 Sequitur:
1011 2829 1252 2893 abdominibus
1268 2830 1326 2908 qui
1341 2831 1398 2894 dat
1411 2847 1550 2892 munera
1563 2831 1804 2894 adulatoribus.

64 2957 68 2964 ·
159 2929 254 2988 itanc
275 2926 512 2989 connumerant
550 2941 669 2987 omnes
699 2929 854 3003 utrptnea
879 2929 954 2997 idea,
1011 2928 1127 2989 Emita
1142 2926 1348 2988 daemonibus
1359 2927 1415 3006 qui
1430 2927 1487 2990 dat
1500 2929 1646 3006 seipsum
1659 2928 1804 3002 diabolo,

156 3023 314 3086 videlicet
327 3040 347 3085 a
362 3025 477 3099 morte,
494 3023 548 3085 hic
561 3023 649 3087 enim
665 3024 774 3099 agitur
788 3022 829 3084 de
848 3039 958 3084 resur·
1010 3025 1239 3103 propeccatis.
1256 3025 1356 3087 Venit
1370 3041 1521 3102 sponsus,
1536 3026 1614 3104 quia
1634 3027 1808 3104 apparebit

157 3123 316 3184 rectione.
344 3123 389 3183 Et
417 3121 633 3184 ornooernnt
658 3124 833 3198 mmpudes
860 3137 953 3184 enos.
1011 3123 1171 3188 Christus.
1188 3124 1227 3186 at
1239 3139 1312 3200 quae
1327 3123 1452 3200 paratae
1467 3127 1573 3197 eraut,
1590 3124 1687 3211 idest,
1702 3127 1806 3187 ador·

156 3219 341 3297 Lampadas
356 3235 476 3283 ornare
491 3220 541 3280 est
554 3218 640 3279 bona
657 3233 758 3295 opera
772 3218 813 3279 ad
827 3234 956 3282 memo·
1011 3221 1097 3282 natae
1111 3220 1207 3283 bonis
1223 3221 1390 3298 operibus,
1402 3221 1612 3284 intraverunt
1624 3239 1699 3284 cum
1714 3239 1753 3284 eo
1764 3222 1806 3284 ad

157 3318 245 3380 riam
280 3331 450 3378 reuocare.
487 3317 600 3378 Fatuae
633 3317 743 3376 autem
774 3314 954 3379 dixerunt:
1010 3319 1154 3394 nuptias,
1165 3317 1310 3391 idest,ad
1322 3319 1632 3382 coelestesdellcias.
1645 3322 1806 3399 Etclausa

155 3411 955 3492 Datenobisdecleoveatro.‘luncnonloquendo
1010 3415 1185 3492 estjanua.
1457 3409 1466 3424 ⁶

156 3511 278 3584 dicent,
296 3511 352 3573 sed
366 3509 596 3582 desiderando,
614 3510 701 3571 Date
715 3513 810 3570 nobis
825 3513 866 3571 de
885 3515 955 3571 oleo
1050 3511 1186 3589 Triplex
1206 3513 1369 3590 estjauua
1394 3511 1502 3589 regni,
1530 3529 1603 3590 quae
1632 3512 1807 3577 claudetur

155 3610 284 3681 oestro,
302 3609 396 3680 idest,
419 3607 661 3670 communicate
685 3607 780 3668 nobis
802 3607 954 3668 charita·
1009 3608 1207 3670 damnandis
1223 3629 1230 3668 :
1248 3608 1403 3686 baptismi
1415 3610 1534 3685 gratia,
1553 3610 1765 3687 poeuiteutia,
1775 3614 1808 3674 et

155 3709 222 3772 tem
237 3709 394 3779 vestram,
411 3705 482 3767 sire
501 3704 777 3768 misericordiam.
802 3707 957 3780 Respon—
989 3721 992 3726 ‘
1009 3706 1123 3768 divina
1138 3705 1379 3767 misericordia.
1389 3708 1435 3768 De
1449 3707 1555 3784 prima
1568 3707 1603 3768 in
1614 3709 1806 3785 evangelio:

155 3805 284 3866 meunt
295 3803 484 3878 prandentes
504 3803 655 3863 sinentes
667 3821 675 3861 ε
689 3803 742 3862 Ne
767 3801 859 3876 torte
885 3815 955 3861 non
1012 3801 1088 3862 Nisi
1102 3802 1160 3875 ont
1172 3799 1435 3874 renatnsttnerit
1452 3815 1498 3862 ea
1511 3815 1603 3876 aqna
1620 3803 1655 3864 et
1672 3804 1808 3878 Spiritu

153 3899 306 3977 summat
329 3904 425 3962 nobis
452 3900 485 3961 et
510 3901 613 3960 cobis.
645 3897 736 3958 Nihil
764 3897 859 3958 enim
876 3897 955 3959 tunc
1009 3897 1231 3970 sanctaenon
1249 3897 1565 3972 potestantraren
1579 3915 1727 3976 reanum
1742 3904 1807 3963 Det

155 3997 304 4076 proderit
327 3997 523 4060 damnandis
543 3995 675 4073 justitia
696 3994 874 4066 bonorum,
894 4010 954 4056 nec
1010 3993 1122 4074 (loen.
1139 4009 1189 4068 111,
1210 3992 1254 4074 5).
1286 3996 1332 4056 lla
1353 3995 1499 4057 secunda
1524 3995 1649 4060 ibidem
1665 4019 1672 4058 :
1686 4002 1808 4060 Poent-

142 4094 326 4158 ‘salvandis
354 4093 485 4156 nocebit
522 4093 649 4155 malitia
683 4091 885 4170 iniquorum.
916 4093 955 4154 El
1010 4091 1154 4154 tentiam
1177 4092 1280 4169 cpite,
1310 4095 1600 4167 appropinquavit
1631 4097 1725 4156 enlm
1750 4111 1810 4156 re-

155 4194 231 4256 ideo
246 4191 331 4254 bene
346 4192 503 4254 dixerunt
519 4212 527 4250 ε
541 4191 622 4252 «Ne
633 4189 717 4253 torte
727 4206 793 4251 nou
809 4189 954 4251 suitlciat
1007 4206 1115 4266 annm
1136 4195 1300 4252 caelorum
1316 4187 1446 4268 (Mattb.
1472 4205 1523 4262 111,
1538 4187 1585 4270 2).
1602 4191 1757 4252 Deterlia
1770 4192 1805 4252 in

155 4290 252 4356 nobis
276 4290 309 4352 et
322 4289 428 4362 vobis,
448 4290 495 4351 ite
514 4289 626 4366 potius
653 4286 695 4350 ad
723 4287 902 4350 vendentes
922 4287 955 4348 et
1008 4288 1136 4365 psalmo
1152 4308 1160 4346 :
1176 4290 1219 4348 In
1236 4285 1454 4347 multitudine
1478 4289 1729 4349 misericordiae
1752 4293 1809 4350 in-

156 4386 408 4450 enimvobis.»
1010 4385 1118 4446 trotino
1144 4386 1181 4445 in
1208 4385 1347 4444 donnum
1376 4382 1473 4443 tunna
1501 4380 1571 4462 (Ps.
1595 4384 1626 4455 5,
1656 4380 1702 4466 8).
1728 4387 1807 4448 Haec
1894 4371 1895 4376 ¹

195 4487 312 4546 Oleum
331 4483 446 4546 mundi
467 4483 517 4546 est
542 4481 641 4544 saror
658 4481 877 4554 adulantium,
899 4481 954 4544 rel
1005 4483 1109 4559 janua
1124 4479 1298 4542 claudetur
1321 4479 1497 4553 damnatis,
1513 4479 1592 4559 quia
1605 4496 1667 4543 uec
1681 4481 1809 4560 baptis-

155 4583 284 4662 peccati
321 4579 606 4643 delectamentum.
648 4579 803 4641 Vendunt
844 4579 954 4640 oleum
1009 4575 1495 4655 muspatebit,necpoeuiteutla
1509 4578 1805 4656 acceptationem,

155 4681 346 4744 adulatores
361 4678 584 4741 etdaemoues.
599 4679 675 4740 Nou
691 4679 743 4741 est
759 4675 952 4754 putandum,
1009 4690 1070 4736 uec
1096 4673 1324 4736 misericordia
1357 4675 1417 4736 Dei
1447 4673 1548 4738 iaciat
1574 4677 1808 4740 remissionem

156 4777 242 4857 quod
258 4778 437 4856 prudentes
448 4776 596 4852 virgines
611 4776 678 4837 tale
693 4775 870 4837 consilium
891 4773 955 4836 da·
1009 4773 1230 4850 peccatorum.

156 4878 241 4950 rent,
268 4875 325 4938 sed
347 4875 433 4952 quod
449 4890 506 4936 aas
521 4873 562 4935 de
577 4873 732 4951 pecccato
747 4888 807 4934 suo
832 4887 955 4949 expro-
1047 4873 1245 4933 Novissime
1258 4884 1342 4931 cero
1366 4871 1511 4931 veniunt
1525 4869 1559 4932 et
1573 4875 1716 4946 reliquae
1730 4877 1808 4934 utr-

154 4973 318 5045 baveriut,
339 4988 379 5033 ac
405 4971 434 5032 si
458 4970 572 5047 aperte
592 4970 762 5031 dicerent:
781 4970 954 5042 Attendite
1008 4970 1117 5044 pinea.
1132 4966 1280 5027 Veniunt
1297 4980 1357 5042 per
1374 4967 1609 5043 cogitationem
1627 4968 1661 5031 et
1675 4970 1809 5032 deside·

156 5073 238 5148 quaid
259 5073 351 5132 uobis
361 5068 537 5145 profeant
556 5070 659 5142 favor
673 5068 886 5130 adstantium
902 5071 955 5130 vet
1009 5065 1433 5136 riumzllcmtnallomine,
1441 5068 1541 5139 apem
1547 5068 1653 5138 nobis,
1657 5069 1807 5143 januam,

153 5169 285 5245 peccati
304 5164 599 5234 delectamentum,
616 5167 704 5238 anecd
725 5164 955 5225 uendiderunt
1009 5158 1387 5237 videlicet,poenitentiae
1399 5161 1809 5227 etmisericordiae.ntllle

155 5271 327 5328 daennones
341 5264 374 5324 el
388 5263 533 5338 asiniani
544 5263 709 5322 nonnanes.
725 5265 818 5322 Dnna
838 5262 955 5322 antem
1009 5257 1229 5335 respondens,
1257 5257 1305 5318 ait
1333 5273 1340 5318 :
1368 5260 1492 5319 Nescio
1522 5273 1594 5331 coe,
1622 5259 1719 5334 idest,
1742 5278 1810 5325 non

156 5364 247 5426 tressi
275 5375 404 5432 emere,
420 5360 516 5420 venit
541 5371 698 5432 sponsans.
730 5360 882 5434 Sponsus.
906 5359 955 5420 est
1009 5355 1155 5433 approbo
1174 5369 1234 5416 ros
1248 5353 1302 5415 rel
1319 5353 1429 5416 laudo.
1454 5356 1707 5431 repenteque
1726 5376 1809 5422 nes-

157 5461 319 5524 Gbristus.
342 5459 470 5534 Sponsa
492 5457 543 5518 est
567 5454 714 5516 Ecclesia
743 5471 815 5532 quae
837 5454 956 5516 trium-
1009 5457 1087 5515 citis
1106 5457 1206 5525 diens,
1228 5466 1337 5526 neque
1353 5456 1487 5514 boram.
1504 5452 1597 5514 Nihil
1614 5455 1703 5516 anim
1726 5455 1817 5522 hora

156 5559 235 5642 phai
250 5557 285 5618 in
302 5554 406 5618 coelis.
432 5555 581 5631 Sponsus
598 5551 688 5614 venit
705 5551 802 5613 modo
823 5551 954 5631 quando
1010 5550 1126 5612 mortis
1145 5549 1316 5621 incertius,
1333 5564 1409 5610 cum
1423 5548 1471 5610 uil
1486 5553 1592 5612 morte
1612 5552 1656 5613 sit
1669 5555 1807 5618 certius.
