4162 6424
257 3165 260 3170 ’
364 3173 532 3236 mandato.
555 3172 648 3234 Nulli
665 3187 755 3248 ergo,
772 3173 848 3245 eto,
864 3173 1162 3235 nost1aeconstitu-

967 245 1143 308 HONORII
1166 245 1209 305 111
1232 243 1379 316 OPERA.
1927 255 1971 316 diii

699 429 821 516 XCIX
1211 403 1281 464 tum
1305 404 1447 464 Travers
1468 399 1723 480 perpotentiam
1743 407 1781 468 G.
1803 405 1842 466 de
1862 408 1971 474 ilariaco

1207 498 1384 577 justitiarii
1400 497 1581 571 Hiberniae,
1597 499 1754 562 avunculi
1769 501 1829 575 sui,
1844 503 1972 572 violenter

479 573 531 631 Ad
548 572 745 646 ‘mmmmm
760 573 1035 634 mmmm·
1211 596 1246 658 in
1262 595 1439 667 ecclesiam
1455 595 1561 676 ipsam
1582 597 1656 675 post
1679 596 1869 662 electionem
1887 602 1971 667 intru-

665 691 753 764 aisn.
771 693 850 755 lil8.
1212 709 1284 782 sum
1313 708 1510 756 consecrare
1537 694 1574 756 in
1601 696 1674 772 ejus
1702 696 1887 776 episcopum
1909 719 1973 778 pra·

400 803 576 870 [pegasum.
589 805 836 870 aspernamus.
850 805 1125 871 denominandi]
1212 792 1442 868 sumpserunt,
1484 791 1559 868 post
1593 792 1846 870 appellationem
1869 796 1904 856 ad
1930 815 1972 862 nos

474 912 649 971 &nomem
668 912 852 974 ,oswendam
868 913 1035 986 mabit,
1212 887 1359 964 legitime
1374 887 1594 965 interjectam,
1620 889 1656 952 in
1673 891 1894 954 executionem
1906 912 1971 972 pra-

1212 985 1411 1062 sumptionis
1432 985 1623 1062 hujusmodi
1645 987 1889 1063 praetendentes,
1910 995 1971 1070 quoi

1212 1083 1330 1146 electio
1355 1082 1397 1144 do
1423 1083 1510 1144 dicio
1536 1082 1682 1146 Roherto
1710 1089 1909 1163 presumpta,
1932 1106 1973 1166 per

1212 1180 1387 1258 quemdam
1413 1179 1663 1253 subdiaconum,
1691 1197 1789 1260 quem
1809 1185 1972 1248 venerahilis

1212 1276 1316 1340 irater
1348 1278 1462 1339 noster
1493 1277 1711 1340 cassellensis
1739 1279 1972 1359 archiepiscopus

1212 1374 1487 1451 metropolitanus
1510 1376 1588 1448 loci,
1615 1376 1694 1438 tunc
1716 1376 1760 1438 ad
1786 1379 1971 1453 apostolom

1214 1471 1333 1535 Sedern
1346 1473 1518 1548 venturus,
1542 1473 1791 1550 procuratorem
1813 1489 1898 1536 suum
1916 1477 1972 1538 reli-

1213 1571 1340 1646 querat,
1357 1568 1465 1646 iuerat
1479 1569 1686 1632 confirmata.
1713 1570 1807 1634 Unda
1823 1571 1973 1648 postulabat

1212 1666 1389 1739 instanter,
1427 1668 1464 1730 m
1495 1666 1669 1744 praeratum
1697 1667 1858 1730 intrusum
1888 1683 1972 1730 remo-

1212 1766 1329 1826 ventes
1351 1747 1393 1839 nd
1418 1763 1562 1838 seplasia
1584 1765 1779 1842 memorata,
1803 1765 1836 1835 et
1856 1780 1906 1842 pro
1925 1781 1972 1828 sua

1213 1860 1481 1938 presumptionis
1492 1875 1650 1923 excessus
1664 1860 1824 1923 canonice
1837 1861 1974 1938 panionia

1213 1957 1387 2036 episcopos
1407 1957 1603 2030 antedictos,
1627 1958 1892 2022 confirmaremus
1910 1959 1975 2022 elec

1213 2055 1338 2124 tionem
1363 2056 1406 2116 de
1434 2055 1508 2133 ipso
1536 2055 1775 2119 archidiacono
1801 2055 1973 2118 celebratam

1214 2153 1308 2216 Licet
1321 2153 1431 2214 autem
1445 2152 1534 2214 idem
1546 2152 1804 2214 archidiaconus
1816 2151 1902 2216 nohis
1913 2152 1975 2214 nul-

1216 2250 1265 2312 tas
1279 2249 1408 2312 litteras
1419 2249 1620 2321 exhibuerit,
1641 2265 1702 2326 per
1712 2265 1796 2332 quas
1809 2250 1841 2311 ei
1853 2247 1976 2328 perhihe-

1213 2346 1311 2410 natur
1335 2345 1561 2410 testimonium
1591 2347 1632 2408 de
1659 2347 1842 2425 praedictis,
1873 2349 1902 2410 et
1923 2361 1973 2424 que

1214 2445 1324 2520 ipsum
1338 2443 1379 2504 de
1401 2445 1469 2519 vita
1491 2444 1524 2506 et
1547 2444 1687 2506 scientia
1713 2443 1972 2506 commendabant:

399 1038 578 1110 Honorius,
592 1038 668 1112 etc„
682 1039 868 1100 venerabili
883 1037 979 1102 fratri
1001 1026 1157 1118 episcopo

358 1135 582 1198 ambianensi.
1010 1209 1016 1220 η

399 1235 449 1294 Ex
460 1235 553 1308 parte
568 1234 625 1295 tua
640 1232 981 1295 tuitnohishumiliter
990 1232 1159 1312 supplica-

359 1332 440 1402 tum,
455 1331 491 1392 ut
509 1346 610 1408 quum
632 1330 782 1407 quaedam
795 1347 945 1409 personae
960 1330 1156 1393 ambianen.

360 1427 521 1500 ecclesiae,
539 1443 679 1504 quarum
694 1429 872 1505 praesentia
888 1427 956 1490 tam
971 1429 1005 1489 in
1021 1428 1157 1490 servitio

360 1525 513 1587 ecclesiae
537 1525 793 1602 augmentando,
823 1541 922 1603 qnam
948 1525 984 1586 in
1009 1524 1158 1586 consiliis

360 1623 479 1684 dandis
492 1623 580 1684 esset
595 1623 626 1683 ei
638 1621 816 1699 plurimum
836 1623 1033 1698 opportuna,
1050 1622 1159 1686 nolint

358 1723 394 1782 in
410 1721 481 1798 ipsa
491 1719 633 1782 ecclesia
643 1719 804 1792 residere,
817 1719 904 1781 unde
914 1736 980 1780 non
995 1719 1158 1782 modicam

359 1817 501 1879 incurrit
509 1815 625 1878 endem
641 1817 783 1880 ecclesia
798 1815 979 1890 laesionem,
993 1815 1025 1878 at
1039 1832 1159 1893 graves

359 1915 507 1977 deiectus
536 1914 663 1992 patitur
688 1914 723 1974 in
761 1912 950 1992 plerisque,
984 1913 1159 1991 providere

360 2028 460 2090 super
474 2012 537 2073 hoc
553 2009 694 2072 utilitate
709 2011 857 2087 ejusdem
877 2010 1028 2072 acclesiae
1043 2009 1160 2087 digna-

359 2125 483 2172 remur.
513 2109 583 2169 Nos
614 2108 717 2184 igitur
734 2107 809 2170 'tuis
824 2108 978 2186 precihus
993 2107 1157 2181 inclinati,

360 2205 557 2269 anctoritate
581 2205 795 2282 praesentium
824 2205 979 2266 duximus
1005 2205 1159 2266 statuen-

360 2303 450 2375 dum,
467 2304 612 2380 utquum
623 2304 820 2378 personatus
836 2301 870 2363 in
881 2301 1023 2364 ecclesia
1034 2317 1161 2364 memo·

360 2402 435 2464 rata
453 2399 629 2467 vacabunt,
646 2414 809 2476 personae,
826 2399 944 2477 quihus
963 2399 1160 2476 personatus

361 2497 551 2576 hujusmodi
565 2495 789 2568 conterantur,
811 2498 888 2558 anie
900 2496 1160 2559 installationem

277 2611 280 2616 ’
362 2611 456 2656 suam
481 2593 674 2672 promittant
701 2593 868 2670 corporali
896 2593 1044 2671 praestito
1063 2597 1162 2674 jura·

361 2693 483 2765 mento,
500 2692 535 2752 in
550 2692 623 2768 ipsa
638 2691 781 2752 ecclesia
796 2691 990 2752 canonicam
1005 2690 1159 2753 residen-

360 2789 443 2853 tiam
469 2805 505 2850 se
520 2788 677 2859 tacturos,
694 2788 760 2848 nisi
776 2803 819 2848 ex
833 2787 974 2849 honesta
998 2803 1101 2849 causa
1120 2786 1161 2847 de

362 2884 500 2964 speciali
519 2884 654 2944 licentia
678 2883 836 2960 episcopi,
858 2883 915 2961 qni
939 2898 998 2961 pro
1013 2883 1161 2960 tempore

363 2979 1159 3059 praetueritAmhianensiecclesiae,seahsentent.

365 3079 464 3140 Salvo
487 3077 599 3138 tamen
623 3075 659 3136 in
679 3073 833 3136 omnihus
848 3075 1046 3152 apostolicae
1067 3076 1161 3137 Sedis

1215 2541 1293 2620 quia
1307 2542 1419 2603 tamen
1434 2556 1493 2619 pro
1508 2541 1602 2618 parte
1625 2540 1731 2604 altera
1754 2541 1862 2608 nullus
1875 2554 1975 2616 compa

1214 2638 1284 2700 ruit
1304 2653 1417 2700 coram
1431 2637 1538 2712 nohis,
1556 2638 1590 2702 et
1603 2639 1719 2702 contm
1734 2637 1828 2699 illurn
1841 2637 1973 2702 ahsenan

1215 2736 1249 2797 ei
1268 2734 1487 2808 indefensum,
1512 2750 1581 2796 non
1600 2736 1672 2796 erat
1693 2733 1809 2802 taliter
1828 2734 1974 2814 procedan-

1216 2831 1310 2901 dum,
1338 2831 1444 2910 ipsius
1470 2831 1698 2894 archidiaconi
1721 2847 1838 2910 preces
1858 2829 1974 2894 exaudiri

1216 2929 1427 3006 nequivimus
1451 2929 1486 2990 in
1508 2929 1571 2992 hac
1592 2931 1697 3007 parte.
1724 2930 1877 2992 volentes
1895 2931 1974 2989 anun

1216 3026 1323 3086 eidem
1342 3026 1471 3102 injure
1495 3041 1567 3099 suo,
1584 3026 1670 3087 sicut
1692 3027 1854 3108 tenemur,
1878 3025 1973 3094 adesse,

1216 3137 1351 3184 oausam
1378 3122 1569 3200 hujusmodi
1596 3125 1708 3186 rastro
1741 3123 1890 3186 duximus
1916 3137 1975 3182 era·
2018 3149 2019 3175 i

1216 3219 1299 3280 mini
1313 3217 1591 3290 committendam,
1609 3219 1804 3282 discretioni
1819 3221 1923 3282 vestra
1936 3231 1976 3294 per

1215 3315 1404 3393 Apostolioa
1420 3315 1544 3393 scripta
1558 3315 1766 3390 mandantes,
1783 3319 1929 3395 qualemn
1939 3327 1976 3374 rc

1216 3413 1311 3485 catis,
1328 3411 1384 3490 qni
1397 3397 1521 3474 inerint
1539 3411 1710 3486 evocandi,
1737 3415 1772 3477 et
1790 3413 1974 3487 auditisque

751 3517 778 3603 0
1216 3509 1294 3572 hino
1317 3509 1395 3571 inde
1422 3509 1581 3572 duxerint
1607 3512 1841 3588 proponenda,
1861 3509 1888 3570 si
1909 3507 1974 3568 sotis

1217 3606 1404 3669 constiterit
1415 3605 1457 3668 de
1471 3607 1664 3683 praemissis,
1684 3607 1831 3670 humano
1844 3620 1938 3668 amore
1953 3602 1974 3661 el

363 3271 477 3342 tionis,
494 3270 556 3332 etc.
575 3269 610 3330 si
626 3268 700 3346 quis
715 3269 837 3342 antem,
852 3270 914 3331 stc.
928 3271 1047 3331 Datum
1063 3271 1163 3332 Late-

364 3366 440 3429 rani
450 3367 549 3430 teriio
562 3380 668 3427 nonas
680 3365 831 3445 januarii
841 3380 928 3428 anno
943 3365 1099 3428 secundo.

364 3662 416 3723 Ad
429 3659 720 3734 mmmmm
736 3660 962 3721 mmmm
976 3659 1010 3722 et
1025 3660 1163 3722 mmm*
1216 3703 1384 3766 mundauo
1406 3704 1526 3768 timore
1538 3704 1741 3781 postpositis,
1759 3703 1919 3782 praefatum
1936 3701 1973 3761 in·

484 3757 673 3831 sertemem
686 3755 720 3886 ef
735 3757 1049 3819 Enoehdunmem'
1142 3861 1144 3868 ,
1216 3802 1344 3863 trusum
1359 3800 1486 3878 abipsa
1501 3800 1642 3863 acclama
1659 3802 1792 3878 penitus
1809 3797 1973 3862 amoventes.

674 3875 855 3947 51³⁰·1218·
1217 3896 1419 3978 examinetis¹
1435 3896 1768 3968 electionomiactam
1789 3893 1974 3965 dearchidia·

491 3988 618 4052 mutinen,
632 3990 744 4042 nonum.
757 3987 893 4049 nmemie,
908 3989 932 4050 δι
947 4001 975 4040 ¹¹·
988 3990 1038 4055 ¹⁰·]
1217 4013 1300 4060 cono
1322 3999 1514 4072 memorato,
1542 3999 1576 4062 et
1600 3998 1629 4060 si
1652 4013 1727 4076 eam
1750 3996 1931 4060 inveneritis
1951 3991 1975 4051 dc

365 4096 520 4169 iudicibus,
537 4103 569 4154 ut
582 4095 618 4153 de
631 4110 718 4154 causa
740 4095 932 4154 archidiaconi
947 4097 1115 4156 Laouiansla
1127 4097 1163 4156 ad
1217 4110 1360 4172 persona
1373 4095 1493 4162 idonea
1512 4095 1673 4161 canonice
1689 4096 1894 4174 celebratam,
1912 4091 1975 4156 illan

400 4185 532 4244 eamdem
548 4185 700 4244 ecclesiam
716 4184 800 4242 electi
812 4185 966 4258 inquirent,
981 4184 1161 4256 electionem,
1217 4191 1413 4254 auctoritato
1435 4193 1560 4270 nostra,
1586 4191 1716 4254 sublato
1739 4189 1909 4271 cuiuslibet
1926 4199 1976 4248 con·

399 4277 424 4334 si
445 4274 635 4332 cacanonico
657 4270 843 4344 inclaruerit,
868 4273 1049 4346 confirment,
1072 4275 1163 4348 eiecto
1219 4287 1399 4349 tractuset
1421 4287 1656 4367 appellationis
1678 4288 1860 4361 obstaculo,
1887 4281 1976 4348 confir·

400 4365 520 4422 intruso,
1217 4385 1324 4458 metis,
1341 4386 1374 4447 at
1396 4383 1583 4449 iacientes
1575 4401 1682 4464 ipsum
1705 4385 1844 4464 pacifica
1864 4379 1975 4461 ,jusdem

405 4477 573 4539 Honorius
588 4475 775 4552 episcopus,
791 4475 1037 4542 venerabilibus
1054 4475 1162 4538 iratri-
1217 4481 1368 4544 ecclesiae
1393 4480 1603 4560 possessione
1628 4481 1793 4560 gandera,
1823 4475 1975 4542 contradic·

365 4575 439 4644 hns,
466 4571 717 4648 archiepiscopo
737 4573 916 4634 Tuamensi
938 4573 972 4636 et
990 4573 1163 4636 Cluanser-
1216 4579 1305 4640 tores
1321 4593 1380 4654 per
1400 4593 1575 4645 censuram
1594 4578 1866 4646 ecclesiasticam,
1890 4568 1975 4650 appel-

364 4669 452 4731 tensi
467 4669 500 4730 et
513 4667 768 4729 Enechdunensi
782 4669 957 4744 episeopis,
975 4668 1127 4732 salutem.
1217 4674 1342 4738 latione
1369 4675 1561 4754 postposita,
1595 4676 1845 4754 compascendo,
1874 4667 1976 4750 praelato

404 4765 573 4829 Accedens
588 4763 628 4826 ad
642 4765 854 4842 praesentiam
864 4767 1012 4828 nostram
1023 4765 1162 4831 dilectus
1217 4771 1467 4850 archiepiscopo
1482 4771 1677 4850 injungatis,
1704 4771 1740 4835 ni
1763 4772 1868 4836 eidem
1889 4775 1976 4830 munus

365 4865 455 4944 iilius
470 4866 508 4925 D.
523 4862 778 4926 archidiaconus
789 4863 988 4924 laoniensis
999 4863 1160 4938 ecclesiae,
1217 4869 1478 4932 consecrationis
1493 4869 1671 4948 impendat,
1694 4869 1780 4932 sicut
1794 4870 1834 4930 ad
1852 4881 1916 4928 enm
1927 4873 1977 4922 nos·

364 4963 461 5026 nohis
491 4958 663 5022 humiliter
694 4961 875 5034 intimavit,
902 4961 999 5040 quod,
1021 4962 1161 5025 ecclesia
1217 4966 1303 5029 citur
1317 4965 1494 5045 pertinere.
1515 4966 1676 5049 Praeiatos
1692 4971 1802 5030 autern
1827 4965 1974 5042 episcopos,

364 5061 437 5138 ipsa
452 5060 587 5138 pastore
602 5059 752 5130 vacante,
771 5059 876 5135 ipsius
891 5060 1071 5136 capitulum
1087 5075 1161 5122 enm
1218 5062 1246 5124 si
1260 5062 1354 5126 vohis
1377 5064 1573 5136 constiterit,
1596 5079 1653 5126 eos
1676 5065 1749 5142 post
1763 5063 1931 5140 legitimam
1942 5069 1978 5128 ap·

364 5159 399 5220 in
415 5159 606 5236 episcopum
620 5172 716 5216 suum
730 5157 890 5219 canonice
903 5172 943 5220 ao
955 5159 1163 5222 concorditer
1218 5160 1429 5236 pollutionem
1452 5161 1617 5224 intrusum
1641 5175 1855 5222 consecrasse
1869 5151 1976 5236 pradil-

365 5256 548 5332 elegerunt‚
565 5265 665 5329 super
680 5255 858 5330 quostiam
877 5254 1029 5317 exhibuit
1043 5255 1161 5318 decre·
1216 5257 1297 5328 tum,
1320 5273 1380 5334 pro
1395 5258 1496 5320 tantae
1510 5257 1707 5320 temeritatis
1722 5273 1860 5322 excessu
1870 5261 1977 5326 suspen·

364 5353 434 5412 tum
450 5349 597 5428 ejusdem
613 5349 751 5428 capituli
767 5350 973 5426 singulorum
989 5351 1161 5428 subscrip·
1218 5369 1271 5417 sos
1296 5355 1338 5418 ad
1361 5355 1510 5432 nostram
1530 5355 1745 5434 presentiam
1768 5343 1975 5416 camminatis,

365 5446 511 5509 tionibus
524 5446 857 5508 roboratumverum
868 5446 1159 5522 waterfordensis,
1217 5453 1253 5513 ut
1280 5453 1312 5515 et
1338 5451 1441 5515 iidem
1465 5453 1501 5516 in
1533 5467 1631 5529 poena
1661 5453 1766 5530 cnlpae
1793 5445 1975 5529 quantitatem

367 5542 563 5605 Imilicensis
576 5545 610 5604 et
624 5543 852 5605 Limirioensis
877 5544 1022 5620 episcopi
1043 5544 1163 5608 Roher·
1217 5551 1410 5624 agnoscant,
1425 5551 1459 5614 et
1471 5549 1524 5622 iis,
1546 5549 1664 5628 quihus
1677 5540 1945 5627 presumptionis
1956 5537 1977 5594 il
