4162 6424
753 193 982 254 EPIS'FOLAE.
1005 195 1083 254 ulli.
1107 193 1147 254 11.

122 205 185 262 ola

123 359 311 438 aqrraevivae
326 357 502 436 quidquam
519 353 579 414 sub
594 353 729 415 obtentu
744 353 923 416 consuetu·
1017 357 1123 426 Quum
1138 369 1180 414 ex
1192 353 1340 430 injuncto
1355 352 1451 416 nobis
1468 353 1684 415 ecclesiarum
1699 371 1771 416 orn-

1712 199 1772 256 olo
1868 253 1870 258 .

124 459 225 531 dinis,
241 456 295 520 vet
310 453 496 531 atioqnovis
511 451 609 513 modo
622 451 770 528 exigere,
786 451 841 512 vel
856 467 921 512 an·
977 450 1068 514 nium
1084 467 1198 513 curam
1212 451 1386 512 teneamur
1399 466 1516 527 gerere
1528 452 1730 528 generalem,
1742 453 1775 515 et
1877 464 1880 469 ’

124 556 223 628 serre,
236 552 342 616 auide
359 550 457 613 rebus
471 551 559 627 ipsis
569 549 696 627 aliquid
711 549 920 627 extorquere.
977 562 1137 624 personas
1148 547 1266 628 dignas
1276 561 1337 608 nos
1350 547 1466 608 deceat
1478 547 1654 619 bonorare,
1668 549 1775 623 gemi·
1789 633 1791 638 Ι

127 654 162 715 Si
200 668 265 729 qua
295 651 397 726 igitur
431 646 678 718 ecclesiastica,
710 647 923 708 saecularisve
977 660 1056 708 utrm
1083 643 1206 706 bonum
1235 645 1375 720 agimus,
1405 645 1557 720 quotiens
1583 645 1631 706 ita
1655 645 1775 707 honori

124 764 267 827 persona
300 749 453 810 Cataces.
484 745 636 826 dioecesis
665 744 765 822 bujus
801 744 922 806 nostrae
978 741 1198 820 prospicimus
1213 756 1441 818 personarum,
1458 742 1494 802 ut
1513 741 1546 802 et
1565 741 1699 802 utilitati
1714 758 1774 803 ec-

123 844 313 913 obtationis,
336 841 542 908 donationis,
558 841 592 902 et
614 839 841 903 concessionis
864 855 924 916 pa·
978 839 1155 905 etesiarum
1171 839 1308 915 provide
1327 838 1549 900 consulamus.
1574 841 1660 900 Sane
1676 855 1777 916 quum

124 942 237 1018 gisam
254 940 374 1011 sciens,
401 939 517 1000 contra
543 953 616 1023 eam
642 937 758 998 venire
779 937 924 998 tentave-
979 936 1019 1008 ad
1047 935 1176 998 Tullen.
1205 935 1381 998 ecclesiam
1416 937 1589 1008 canonica,
1624 939 1656 997 et
1692 953 1777 1010 cou-¹

124 1039 179 1111 rit,
201 1039 233 1100 et
247 1036 394 1098 secundo
406 1036 547 1098 tertiove
564 1035 764 1097 commonita
789 1033 924 1096 minime
979 1033 1071 1095 cordi
1097 1032 1258 1095 electione
1285 1035 1434 1102 vocatus,
1459 1032 1654 1096 electionem
1681 1034 1721 1094 de
1744 1035 1778 1095 te

124 1135 326 1212 resipuerit,
362 1132 698 1196 excommunicationi
733 1131 923 1208 subjaceat,
979 1131 1101 1193 tactam
1115 1130 1264 1208 recipere
1282 1129 1476 1207 aliquandiu
1498 1129 1679 1204 dubitares,
1696 1147 1779 1192 con·

126 1248 282 1309 reamque
293 1229 537 1295 sesacramenti
548 1229 698 1306 corporis
710 1228 928 1306 etsangninis¹
980 1228 1142 1290 sidereas.
1159 1228 1245 1305 quod
1259 1228 1375 1290 eadem
1390 1228 1531 1290 ecclesia
1546 1229 1613 1289 tam
1629 1243 1777 1305 pauper·
1875 1309 1878 1314 Ι

126 1333 207 1394 Jesu
222 1327 345 1390 Gbristi
366 1329 492 1390 tamdiu
511 1341 585 1388 esse
611 1327 800 1403 cognoscat,
820 1325 925 1388 donec
979 1327 1047 1389 tate
1072 1341 1171 1404 quam
1200 1324 1277 1386 aliis
1305 1325 1409 1386 variis
1431 1327 1486 1391 est
1500 1325 1778 1390 ¹tribulationibus

127 1443 299 1488 excessum
327 1441 423 1488 suum
446 1424 558 1502 digna,
581 1439 740 1500 congrua,
767 1423 801 1484 et
826 1423 925 1501 plena
980 1420 1212 1500 conquassata,
1226 1439 1268 1484 ne
1282 1424 1393 1485 tamen
1408 1423 1575 1484 vocationi
1586 1423 1707 1484 divinae
1719 1439 1779 1484 re-

128 1523 354 1585 satisfactione
383 1523 539 1598 corrigat,
567 1522 600 1583 et
623 1521 791 1594 emendet,
821 1519 926 1582 nihil·
981 1521 1100 1583 sistere
1116 1521 1172 1582 vet
1191 1521 1301 1597 potius
1316 1520 1553 1598 temporalibus
1569 1537 1666 1596 quam
1685 1521 1780 1598 spiri-

128 1621 258 1682 ominus
273 1619 389 1682 cadem
401 1619 536 1696 pagina,
556 1621 590 1681 et
603 1617 730 1680 eisdem
744 1617 925 1691 oblatione,
980 1617 1126 1681 tualibus
1140 1617 1313 1679 intendere
1325 1618 1500 1685 videreris,
1517 1618 1553 1678 in
1571 1617 1629 1678 illo
1646 1619 1779 1679 tandem

127 1717 317 1790 donatione,
341 1717 375 1779 et
389 1716 603 1780 concessione
623 1715 748 1778 nostris
770 1715 876 1776 firmis
890 1713 926 1776 in
982 1715 1149 1778 confidens
1164 1717 1220 1794 qui
1236 1715 1378 1778 adestis
1395 1715 1534 1776 veritate
1549 1715 1780 1776 invocantibus

126 1816 322 1890 perpetuum
362 1813 644 1892 permanentibus,
674 1815 708 1875 et
733 1813 850 1874 illaesis
885 1813 927 1874 ad
981 1811 1777 1885 nomensuum,electionihumiliterooncessistt,

127 1926 268 1986 quarum
279 1909 928 1988 perpetuammemoriam,etinviotabile
982 1909 1023 1970 de
1051 1911 1163 1987 quiete
1187 1911 1227 1971 ad
1247 1911 1434 1985 angustias,
1459 1913 1493 1970 et
1518 1911 1558 1970 de
1589 1910 1714 1971 divitiis
1740 1911 1782 1970 ad

127 2007 371 2070 firmamentum
399 2023 550 2085 praesens
584 2007 797 2083 privilegium
832 2007 927 2068 robis
981 2006 1128 2084 inopiam
1138 2007 1420 2082 transmigrando.
1434 2007 1783 2082 Nosigitureteccle-

127 2105 201 2166 lteri
226 2105 376 2178 fecimus,
399 2107 434 2168 et
447 2104 666 2182 impressione
686 2102 789 2182 sigilli
807 2101 925 2176 nostri,
983 2103 1042 2164 siae
1070 2103 1238 2183 praedlotae
1264 2103 1434 2166 miseriam
1457 2104 1666 2177 miserantes,
1686 2106 1721 2166 et
1748 2107 1783 2165 ut

126 2203 168 2263 de
185 2203 405 2280 suscriptione
427 2218 545 2264 manus
563 2201 707 2280 propriae
722 2199 925 2273 roboratum,
982 2216 1066 2262 onus
1088 2199 1261 2277 regiminis
1283 2200 1372 2261 teras
1391 2200 1508 2272 levius,
1526 2201 1559 2262 to
1577 2200 1726 2262 volentes
1742 2201 1782 2261 de

127 2299 543 2377 suscriptionibusquoque
553 2299 791 2362 canonicorum
801 2300 929 2360 nostro·
983 2297 1121 2374 speciali
1148 2297 1459 2374 gratiabonorare,
1489 2298 1555 2360 tuis
1584 2299 1617 2359 et
1640 2299 1783 2360 aliorum

128 2413 202 2456 rum
216 2396 378 2473 jussimus
401 2395 610 2459 communiri.
627 2400 734 2467 Anne,
749 2410 875 2468 mense,
897 2398 929 2458 et
984 2411 1082 2471 quam
1104 2394 1251 2470 plurium
1263 2409 1323 2471 pro
1338 2396 1370 2455 te
1396 2394 1532 2457 obtentu
1550 2395 1782 2457 ecclesiastaes

128 2491 243 2554 indict.
260 2492 482 2568 praetitulatis.
984 2489 1080 2552 nobis
1094 2490 1352 2567 supplicantium
1372 2491 1525 2568 precibus
1540 2491 1704 2562 inclinati,
1721 2492 1784 2553 de·

169 2590 237 2666 Ego
253 2588 417 2651 Robertus
432 2589 585 2651 (latacen.
601 2588 777 2666 episcopus
793 2587 930 2664 propria
983 2587 1111 2650 votioni
1132 2588 1197 2648 tuae
1217 2587 1381 2648 retinendi
1400 2587 1638 2650 beneficiorum
1652 2590 1785 2650 tuorum

129 2701 233 2748 manu
247 2685 439 2748 suscribens
459 2686 618 2763 praedicta
632 2684 802 2760 confirmo.
821 2747 831 2762 ‚
984 2687 1174 2760 proventus,
1192 2701 1265 2762 qum
1280 2687 1359 2746 ante
1372 2687 1462 2746 tuam
1477 2686 1672 2748 electionem
1688 2703 1786 2749 cano·

169 2785 237 2858 Ego
251 2782 513 2846 Bartholomaeus
533 2785 650 2844 cantor
676 2782 830 2844 (latacen.
854 2795 930 2844 con·

129 2878 237 3052 0θὲἒο
248 2944 441 3052 Raynatdus
455 2977 711 3040 archidiaconus
730 2978 886 3041 concedo.

169 3075 237 3149 Ego
251 3075 398 3134 ioannes
412 3074 535 3138 odonis
552 3077 706 3138 (latacen.
733 3078 926 3139 canonicus.

168 3173 237 3246 ligo
253 3170 397 3232 Michaet
410 3172 564 3236 (latacen.
576 3176 759 3238 canonicus
770 3176 926 3238 concede.

170 3268 308 3344 Signum
333 3284 451 3330 manus
478 3270 661 3335 Alexandri
699 3273 872 3345 canonici,
897 3275 930 3335 et

129 3365 333 3426 thesaurarii
348 3365 503 3428 (latacen.

170 3463 238 3537 Ego
251 3459 407 3522 Placidus
419 3461 574 3524 Gataoen.
582 3465 763 3528 canonicus
771 3465 927 3528 concedo.

170 3559 238 3632 Ego
253 3559 454 3620 Fortunatus
471 3560 624 3622 Cataces.
651 3563 833 3626 canonicus
855 3579 931 3625 con·
982 3623 986 3638 ,

132 3651 223 3714 cedo.

170 3751 240 3826 Ego
255 3751 368 3812 Gratia
379 3752 535 3814 Catacen.
551 3755 731 3816 canonicus
750 3756 907 3818 concedo.

172 3849 240 3922 Ego
254 3847 413 3910 Nicotaus
430 3848 470 3910 de
482 3852 648 3913 Panormo
663 3853 817 3916 Gatacea
834 3869 931 3916 cano·

134 3943 229 4004 nicus
244 3945 400 4007 concedo.

173 4041 240 4116 Ego
257 4040 461 4104 Neocasirus
476 4043 629 4106 (latacen
659 4046 840 4108 canonicus
855 4062 931 4109 con·

133 4136 224 4200 cedo.
256 4190 260 4202 .

170 4233 262 4296 Nulli
288 4251 379 4314 ergo,
401 4237 477 4310 etc,
509 4239 634 4302 nostrae
666 4241 929 4304 confirmationis

131 4329 408 4408 infringereve
436 4335 480 4407 ei,
512 4335 587 4409 etc,
615 4352 722 4412 usque
750 4338 927 4400 contraire.

132 4428 168 4492 Si
182 4429 258 4506 onis
270 4431 392 4503 autem,
407 4432 469 4494 etc.

171 4527 289 4590 Datum
308 4529 466 4594 Laterani
489 4530 517 4590 V
538 4529 671 4593 kalend.
695 4533 818 4605 martii,
839 4548 929 4596 anno

131 4622 288 4684 secunao.

452 4739 606 4830 dxlvi

246 4879 298 4938 Ad
311 4883 488 4942 Erordam
511 4884 655 4946 electam
682 4887 806 4947 Tollen.

425 5001 461 5060 25
482 5001 537 5060 leb.
555 5004 633 5063 tals.

162 5103 284 5169 [flegesl.,
296 5105 341 5156 tib.
354 5107 384 5163 lt,
398 5105 471 5171 epist.
485 5106 542 5158 889.
552 5109 609 5160 ss.
621 5110 658 5161 La
669 5111 748 5166 reru
761 5109 796 5164 du
804 5111 898 5176 assit]

84 5195 89 5204 ’
131 5211 267 5270 Concedit
291 5213 418 5286 pontilex
439 5222 470 5273 ut
492 5224 557 5289 post
575 5218 821 5280 consecrationem
835 5225 931 5280 servet

197 5300 336 5360 benellcia
347 5317 411 5376 qtae
424 5303 592 5378 possidebat
605 5312 672 5364 ante
685 5307 865 5367 electionem.

171 5411 349 5564 illonorius,
365 5413 440 5487 etc,
460 5413 580 5477 dilecto
595 5414 665 5477 illio
685 5417 810 5480 lirardo
824 5418 930 5481 electo

132 5507 181 5564 Tu
195 5507 261 5569 len.

984 2780 1051 2841 ntci
1073 2797 1112 2842 ac
1130 2781 1267 2857 pacifice
1285 2781 1489 2858 possidebas,
1506 2783 1667 2860 usquead
1682 2785 1784 2861 quin-

984 2879 1164 2956 quennium
1186 2881 1219 2941 et
1247 2879 1402 2956 deinceps
1429 2881 1575 2958 quandiu
1589 2881 1685 2942 nobis
1707 2881 1783 2959 pta-

984 2976 1090 3038 cuerit
1118 2976 1319 3038 auctoritate·
1341 2978 1556 3053 praesentium
1571 2979 1784 3042 concedimus

984 3071 1185 3135 facultatem.
1210 3075 1328 3135 Datum
1345 3075 1501 3136 Laterani
1519 3075 1648 3140 decimo
1670 3078 1784 3156 quinto

984 3169 1144 3232 kalendas
1174 3171 1296 3245 martii,
1320 3173 1531 3248 pontificatus
1561 3176 1667 3237 nostri
1694 3191 1784 3236 anno

985 3268 1141 3328 secundo.

1258 3487 1261 3494 Δ
1301 3391 1475 3478 CXLVII

1033 3524 1085 3584 Ad
1098 3523 1277 3584 castorem
1291 3526 1573 3586 suessionensem
1586 3526 1619 3588 ct
1632 3529 1673 3588 R.
1690 3531 1732 3589 de

1295 3623 1473 3682 cremetis.

1282 3733 1319 3791 25
1332 3730 1388 3790 leb.
1407 3733 1487 3792 tals.

1018 3837 1135 3900 mageis,
1150 3837 1194 3888 tib.
1209 3838 1239 3896 tt,
1252 3838 1326 3902 epist.
1338 3839 1393 3888 tlt.
1408 3840 1465 3891 ltss.
1482 3841 1518 3893 La
1531 3841 1608 3892 Porto
1621 3843 1656 3894 dn
1669 3843 1763 3910 rasit]

984 3953 1138 4014 Confirmat
1150 3961 1334 4028 personatum
1345 3957 1470 4014 cantoris
1478 3965 1507 4015 et
1514 3956 1640 4046 redditus
1650 3962 1785 4019 cantoria

1298 4045 1472 4118 assignatos.

1024 4151 1205 4220 Honorius,
1222 4153 1296 4224 etc,
1323 4151 1453 4214 dilectis
1475 4153 1553 4216 liliis
1578 4157 1616 4217 R.
1638 4155 1678 4216 de
1703 4159 1785 4220 Gra-

984 4247 1081 4310 metis
1096 4249 1130 4311 et
1144 4250 1273 4311 cantori
1290 4249 1502 4312 suessionen.

1025 4347 1130 4417 Quirm
1146 4345 1271 4407 anobis
1287 4347 1420 4424 petitur,
1437 4363 1544 4424 usquc
1557 4367 1568 4410 :
1583 4349 1784 4426 perducatur

984 4442 1149 4504 effectum.
1173 4445 1219 4504 Ea
1234 4445 1380 4520 propter,
1396 4459 1503 4520 usqttc
1518 4446 1697 4523 :precibus
1717 4464 1781 4510 an·

984 4541 1134 4603 nuentes
1161 4542 1342 4602 Personam
1357 4543 1449 4604 tuam
1462 4560 1537 4604 cum
1552 4545 1706 4608 omnibus
1723 4546 1784 4609 bo·
1819 4539 1822 4546 ’

983 4639 1048 4708 nis,
1065 4655 1138 4716 quae
1153 4639 1188 4700 in
1207 4639 1459 4716 praesentiarum
1475 4643 1686 4706 rationaliter
1700 4661 1782 4721 pos-

984 4734 1083 4808 sides,
1099 4737 1157 4799 aut
1171 4736 1365 4799 infuturum
1376 4739 1781 4816 justismodispraestsnte

984 4834 1123 4895 Domino
1140 4835 1264 4911 poteris
1279 4835 1430 4912 adipisci,
1457 4835 1518 4897 sub
1536 4835 1625 4898 beati
1642 4839 1731 4900 Petri
1750 4843 1784 4901 et

983 4930 1098 4991 nostra
1123 4931 1327 5006 protectione
1348 4933 1558 5009 suscipimus.
1579 4935 1666 4998 Sane
1681 4951 1782 5012 quum

985 5027 1199 5088 Suessionen.
1236 5029 1418 5105 capitulum
1451 5031 1537 5092 sicut
1573 5031 1782 5107 praesentatae

984 5122 1080 5185 nobis
1113 5138 1227 5188 eorum
1259 5125 1380 5188 litterae
1414 5126 1642 5200 continebant,
1677 5146 1784 5210 nuper

985 5221 1171 5295 statuerint,
1192 5224 1230 5283 ut
1243 5223 1391 5285 cantoria
1410 5225 1454 5286 sit
1474 5241 1493 5286 a
1509 5226 1606 5287 modo
1623 5226 1659 5288 in
1681 5229 1784 5290 Sues·

984 5319 1112 5396 sionen.
1147 5319 1296 5382 ecclesiae
1334 5324 1551 5399 personatus,
1580 5324 1613 5385 ei
1648 5325 1781 5388 stallum

985 5415 1090 5489 chori,
1108 5417 1194 5496 quod
1214 5433 1234 5478 a
1251 5418 1350 5496 longo
1364 5420 1512 5497 tempore
1525 5436 1592 5482 non
1606 5419 1779 5497 babuerat,

985 5515 1205 5591 assignantes,
1233 5533 1294 5580 nos
1323 5518 1508 5582 cantoriam
1533 5519 1683 5584 eamdem
1707 5539 1781 5585 cum
