4234 6442
962 234 1136 296 tlnxonll
1160 235 1203 296 111
1226 236 1373 299 OPERA.
1948 251 1991 313 tte

348 566 586 674 Ad'eptscopos
606 612 672 672 pcr
685 601 879 660 Marcilium
894 599 1147 660 Anconitanum

432 707 433 711 ’
639 696 853 757 constitutos.

636 825 671 882 as
691 833 762 898 sepi.
786 827 863 884 tarr.

349 943 499 1020 [Baliarium
512 954 665 1011 Romanum,
677 951 717 1001 cd.
735 951 850 1011 Taurini,
864 957 883 1001 t.
897 952 975 1017 1t1,p.
987 951 1042 1010 328,
1059 967 1084 1002 n.
1097 951 1147 1015 lin]

352 1089 401 1146 Eis
415 1087 512 1145 scribit
528 1086 564 1144 de
579 1085 751 1144 Fauensium
762 1100 919 1158 eorumque
938 1085 1086 1158 potestatis
1098 1085 1146 1142 Al·

385 1175 508 1249 bergetti
531 1174 698 1244 insolentis
719 1174 889 1232 senteutiam
914 1173 1145 1238 excommunica-

383 1264 470 1320 tionis
483 1262 633 1320 coufirmat
642 1261 841 1334 episcopisque
855 1260 973 1331 msndqt
982 1267 1013 1318 nt
1025 1258 1147 1334 singulis

383 1351 484 1408 diebus
499 1351 651 1411 dominicis
670 1357 698 1406 et
715 1347 823 1408 festivis
837 1349 900 1408 hoec
914 1350 1078 1415 solornniter
1094 1363 1145 1422 pu-

382 1439 500 1497 blicent.
1095 1435 1098 1442 “

390 1575 558 1637 Honorius
570 1575 755 1652 episcopus,
768 1591 884 1636 servus
894 1590 1065 1636 servorum
1075 1573 1145 1646 Dei,

351 1672 597 1735 uenerabilibus
612 1671 770 1734 iratribus
794 1672 960 1749 episcopis
982 1686 1041 1749 per
1056 1671 1149 1732 Mar-

348 1771 458 1832 cbiam
493 1770 733 1832 Anconitanam
770 1769 969 1842 constitutis,
1004 1768 1147 1841 salutem

350 1869 384 1930 et
398 1867 613 1944 apostolicam
629 1867 904 1928 benedictionem.

390 1961 558 2041 Propbani
569 1962 1035 2035 Fanensiumactusinnuunt,
1046 1963 1146 2037 immo

351 2061 527 2123 manifeste
555 2061 725 2123 declarant
748 2061 823 2121 illos
857 2076 930 2122 eme
963 2061 1081 2126 timore
1108 2075 1146 2120 uc

351 2175 464 2220 amore
479 2158 583 2219 diuini
598 2157 743 2219 nominis
766 2144 900 2228 uacuos
924 2159 967 2229 et,
985 2157 1071 2234 quod
1094 2156 1148 2216 in-

351 2257 411 2318 uiti
440 2271 480 2316 ac
505 2255 654 2316 dolentes
686 2254 838 2326 dicimus,
869 2254 1030 2331 reprobos
1058 2255 1148 2316 clrca

351 2355 462 2427 fldem,
480 2371 580 2431 quum
602 2353 636 2414 in
655 2353 814 2415 ecclesias
832 2369 871 2413 ac
885 2354 920 2413 in
943 2353 1149 2414 ecclesiasti-

351 2468 408 2514 cos
429 2452 520 2513 viros
539 2451 685 2512 saevitias
705 2449 781 2511 illas
796 2450 975 2512 exerceant
995 2449 1146 2526 aquibus

350 2549 494 2610 abstinet
506 2548 606 2610 etiam
621 2547 736 2610 feritas
758 2563 973 2625 paganorum.
992 2546 1043 2607 Illi
1059 2547 1147 2610 enim

350 2646 423 2709 loca
451 2647 567 2708 sancta
595 2661 711 2722 quum,
738 2647 882 2722 peccatis
916 2644 1145 2720 exigentibus,

349 2745 527 2806 truduntur
546 2743 581 2808 iu
600 2743 753 2805 manibus
772 2743 974 2811 eorumdem,
999 2743 1070 2803 sine
1093 2757 1149 2802 re-

349 2843 500 2902 verentia
527 2842 651 2911 tenent,
677 2843 710 2901 et
735 2840 820 2902 forte
853 2840 977 2901 rituum
1009 2854 1146 2901 suorum

349 2939 502 3015 polluunt
524 2937 753 3008 immunditiis
777 2937 813 2996 hi
836 2938 946 2999 autem
962 2952 1001 2997 ea
1016 2936 1147 3013 penitus

351 3035 524 3110 dissipant,
537 3036 571 3096 et
583 3034 746 3106 evertunt,
757 3034 842 3095 sicut
851 3033 958 3095 ruinae
969 3035 1147 3095 torosam-¹

353 3132 541 3210 pioniensis
584 3130 734 3192 ecclesiae
769 3131 1004 3208 protestantur.
1041 3134 1146 3204 Qucum

352 3245 432 3292 uero
450 3230 712 3305 expectaremus
729 3230 765 3290 ut
782 3229 882 3290 iidem
900 3230 1068 3290 Fanenses
1092 3243 1148 3289 re-

352 3328 522 3396 currentes
542 3326 583 3387 ad
611 3327 764 3404 proprias
789 3326 1021 3398 conscientias,
1044 3327 1077 3388 et
1097 3325 1148 3387 ol-

350 3424 477 3486 fensam
493 3425 551 3486 Dei
566 3439 607 3485 ac
622 3424 717 3486 Sedis
735 3424 933 3502 spostolicae
950 3423 1144 3500 cogitantes,

351 3523 451 3585 saluti
464 3523 650 3584 animarum
673 3538 811 3583 suarum
826 3521 1014 3593 consulere,
1034 3521 1070 3582 ut
1091 3537 1148 3582 su-

350 3620 546 3681 tislaciendo
569 3621 609 3681 de
632 3619 812 3696 impietatis
830 3619 1021 3697 hujusmodi
1041 3619 1148 3680 sacri-

349 3716 454 3793 legio,
491 3718 525 3778 et
552 3716 680 3777 absolvi
715 3715 757 3778 ab
792 3715 1147 3778 excommunicationis

350 3815 526 3884 sententia,
544 3816 758 3890 quapropter
775 3813 837 3874 boc
855 3817 933 3877 sunt
954 3814 1061 3889 ligati,
1079 3813 1146 3875 liu-

350 3911 474 3972 militer
484 3909 680 3987 postulando
693 3931 701 3984 ;
717 3909 782 3987 ipsi
793 3911 889 3987 quasi
900 3913 1015 3973 contra
1030 3914 1144 3983 Deum,

349 4006 386 4070 et
398 4008 537 4070 salutem
558 4007 725 4084 propriam
743 4009 960 4086 conjurarint,
977 4024 1054 4070 ecce
1075 4025 1148 4069 ma-

350 4123 413 4167 nus
421 4106 541 4183 impias
554 4105 788 4167 converterunt
799 4105 973 4167 inviscera
985 4106 1146 4167 Fanensis

349 4204 500 4266 ecclesiae
520 4203 635 4266 matris
653 4221 734 4272 suae,
751 4201 857 4281 primo
874 4203 1025 4266 ecclesiae
1040 4204 1146 4281 ipsius

350 4301 539 4364 bominibus
552 4303 744 4365 exactiones
759 4303 925 4365 indebitas
946 4303 980 4364 et
992 4302 1146 4364 insolitas

348 4401 519 4477 imponere
541 4400 726 4471 molientes,
743 4402 778 4462 et
793 4401 942 4462 eamdem
957 4399 1144 4469 ecclesiam,

349 4513 423 4573 quae
438 4497 513 4558 illos
529 4497 563 4556 in
575 4496 763 4558 libertatem
779 4497 923 4558 illiorum
944 4499 1015 4570 Dei,
1039 4513 1147 4575 quan-

348 4593 418 4655 tum
429 4593 463 4653 iu
474 4594 547 4670 ipsa
560 4595 620 4664 est,
635 4594 760 4668 genuit,
771 4594 965 4669 satagentes
980 4595 1145 4671 subjicere

349 4690 512 4751 servituti.
525 4691 697 4766 Quumque
710 4690 910 4751 venerabilis
922 4691 1024 4752 irater
1033 4693 1147 4753 noster

349 4787 510 4849 Fanensis
526 4785 936 4864 episcopusntncrgettum
949 4789 1145 4864 potestatem

347 4887 381 4948 et
393 4886 660 4948 communitatem
675 4887 859 4948 Fanensem
870 4888 1003 4963 rogaret
1015 4903 1054 4948 ac
1069 4904 1144 4949 mo·

346 4985 442 5048 neret
462 4983 616 5060 benigne,
643 4985 678 5045 ut
699 4983 740 5045 ab
763 4983 954 5062 hujusmodi
973 4987 1144 5062 gravami-

339 5081 442 5144 nibus
464 5080 679 5151 abstinerent,
705 5097 805 5159 quum
829 5082 977 5159 eiusdem
993 5083 1144 5146 ecclesiae

346 5179 498 5241 homines
519 5179 561 5240 ab
576 5195 691 5240 eorum
711 5179 860 5242 collectis
883 5181 1144 5256 permansissent

242 5349 246 5357 .
345 5277 507 5338 hactenus
521 5276 617 5338 liberi
632 5279 665 5338 et
677 5276 852 5351 immunes,
869 5280 903 5338 et
916 5278 987 5357 ipse
1001 5279 1057 5354 qui
1072 5293 1144 5340 cru-

345 5374 535 5449 cesignatus
556 5378 606 5436 est
627 5375 773 5450 gaudere
795 5373 929 5437 deberet
944 5377 1142 5437 immunita-

343 5471 387 5530 tis
407 5471 581 5548 privilegio
608 5472 851 5549 crucesignatis
873 5472 1013 5546 indulto,
1034 5474 1144 5535 moni-

345 5567 492 5629 tionibus
517 5569 685 5644 pruediclis
707 5570 880 5647 adjiciens,
904 5572 938 5631 ut
952 5573 1049 5647 juxta
1074 5573 1164 5632 εἱα-Ι

1204 396 1272 458 tuta
1280 398 1447 474 generalis
1456 399 1817 464 Conciliirerocarent
1827 407 1991 473 sanctiones

1203 493 1335 571 iniquas
1356 499 1574 574 praesumptas
1599 499 1719 561 contra
1745 499 1992 569 ecclesiasticam

1203 592 1408 668 libertatem3
1435 594 1592 670 praetatus
1613 597 1838 674 Albergettus
1856 600 1991 666 obturans

1202 693 1276 766 ejus
1288 691 1387 767 justis
1403 692 1436 753 et
1446 692 1634 754 salubribus
1650 697 1797 756 monitis
1810 712 1909 758 aures
1921 715 1990 768 suas,

1203 803 1243 848 ac
1261 788 1346 851 totos
1367 805 1484 850 sensus
1508 806 1585 852 suos
1603 807 1783 854 exacuens
1805 793 1841 854 in
1866 799 1990 872 ejusden

1202 881 1350 962 episcopi
1379 885 1538 964 injuriam
1561 889 1593 950 et
1617 903 1822 965 gravamen,
1839 895 1991 968 quemdam

1204 983 1308 1060 ipsius
1336 985 1497 1062 bajulum,
1519 987 1576 1064 qui
1596 1002 1656 1064 pro
1681 1003 1726 1049 eo
1745 989 1838 1065 quod
1869 990 1901 1051 in
1920 1008 1991 1053 ccm-

1203 1083 1306 1143 missa
1340 1082 1404 1143 sibi
1438 1083 1731 1146 administratione
1768 1102 1807 1147 se
1837 1087 1992 1149 infideliter

1203 1182 1362 1256 gesserat,
1379 1181 1420 1242 ad
1434 1181 1577 1243 dandum
1593 1181 1702 1244 eidem
1717 1184 1901 1260 quamdam
1915 1203 1991 1263 pecu·

1204 1277 1268 1338 niae
1296 1279 1511 1354 quantitatem
1540 1280 1761 1357 semetipsum
1790 1282 1986 1354 astrinxerat,

1203 1375 1289 1436 datls
1310 1375 1574 1452 fidejussoribus,
1596 1377 1629 1438 et
1646 1379 1805 1455 praestito
1822 1381 1988 1456 juramento

1203 1488 1288 1535 novo
1312 1475 1468 1550 potentiae
1490 1489 1622 1550 genere,
1651 1475 1794 1553 abipso
1820 1479 1990 1553 jnrameuto

1203 1570 1355 1644 absolvit,
1380 1559 1630 1648 fidejussoribus
1642 1573 1742 1636 datis
1759 1573 1804 1635 ab
1819 1589 1859 1636 eo
1883 1575 1985 1636 nibilo-

1203 1668 1313 1730 minus
1327 1669 1498 1742 absolutis
1516 1685 1555 1731 ac
1575 1670 1693 1733 deinde
1717 1671 1804 1733 iecit
1817 1687 1877 1748 per
1888 1673 1987 1733 civita-

1202 1767 1268 1827 tem
1294 1782 1375 1828 voce
1398 1766 1564 1844 preconis
1588 1767 1761 1842 interdici,
1782 1783 1825 1830 nc
1847 1769 1917 1846 quis
1937 1769 1984 1846 ipsi

1203 1860 1358 1940 episcopo
1383 1865 1436 1931 vel
1453 1868 1526 1942 ejus
1551 1863 1687 1927 samiliae
1710 1865 1917 1943 loqueretur,
1942 1869 1986 1926 aut

1203 1962 1251 2022 eis
1280 1960 1458 2038 quidquam
1486 1962 1630 2024 vendere
1656 1964 1862 2034 attentaret,
1894 1967 1924 2024 et
1947 1963 1983 2023 sic

1203 2059 1310 2135 coegit
1325 2059 1475 2121 eumdem
1486 2075 1562 2120 cum
1574 2061 1642 2122 tota
1656 2061 1791 2124 familia
1811 2077 1872 2122 sua
1887 2061 1983 2136 uiginti

1203 2155 1329 2217 dnobus
1344 2156 1460 2220 diebus
1480 2157 1575 2233 quasi
1594 2157 1769 2220 obsessum
1794 2159 1830 2220 in
1850 2158 1924 2220 solis
1943 2158 1982 2216 ui-

1202 2269 1280 2314 uere
1310 2253 1533 2329 leguminibus
1560 2254 1651 2316 nullo
1679 2255 1829 2318 audente
1863 2271 1982 2332 ecquem

1203 2351 1266 2411 sibi
1282 2366 1401 2428 panem
1415 2354 1474 2420 aut
1488 2352 1614 2428 aliquid
1629 2352 1839 2426 ministrare,
1858 2353 1980 2428 ipsisque

1203 2464 1269 2510 non
1283 2447 1481 2510 audentibus
1495 2449 1654 2527 palatium
1668 2451 1800 2527 egredi,
1812 2452 1897 2511 metu
1910 2463 1981 2508 mor-

1202 2546 1255 2607 tis.
1284 2549 1385 2608 Fama
1412 2547 1514 2623 igitur
1537 2563 1597 2624 per
1617 2551 1731 2624 partes
1754 2549 1882 2610 vicinas
1900 2546 1978 2620 hujus
2044 2539 2045 2546 ’

1203 2643 1383 2719 impietatis
1398 2645 1561 2706 saevitiam
1584 2647 1779 2718 nunciante,
1796 2643 1978 2706 venerabiles

1202 2740 1322 2802 fratres
1343 2739 1448 2804 nostri
1470 2744 1698 2806 Anconitanus
1722 2745 1757 2806 et
1776 2740 1975 2817 senogallien.

1203 2835 1361 2912 episcopi,
1378 2853 1417 2897 ac
1432 2836 1524 2913 prior
1538 2838 1652 2899 Fontis
1676 2837 1861 2909 Avellanae,
1877 2834 1977 2910 aliique

1202 2934 1267 2995 viri
1294 2934 1445 3010 religiosi
1476 2934 1557 2996 moti
1587 2932 1832 3011 compassionis
1859 2932 1972 2995 affectu,

1202 3030 1243 3091 ad
1259 3031 1426 3093 civitatem
1441 3032 1632 3108 preadictum
1648 3032 1873 3109 personaliter
1883 3043 1974 3090 acces·
2044 3063 2045 3078 .

1202 3131 1327 3202 serunt,
1347 3129 1382 3190 in
1400 3145 1539 3207 quorum
1555 3146 1673 3192 manus
1688 3133 1723 3192 et
1738 3128 1904 3197 arbitrium
1919 3125 1974 3202 post
2045 3181 2046 3190 ,

1202 3227 1318 3303 longos
1332 3228 1493 3289 tractatus
1508 3227 1694 3290 concordiae
1714 3227 1807 3290 idem
1826 3225 1973 3302 episcopus
2045 3219 2046 3235 ¹

1202 3325 1341 3401 praecise
1375 3340 1499 3403 ponere
1535 3326 1641 3387 noluit
1673 3326 1780 3388 totam
1814 3316 1973 3401 hujusmodi

1202 3424 1431 3499 questionem,
1447 3422 1505 3484 sed
1520 3422 1626 3484 dictus
1643 3422 1854 3500 Albergettus
1870 3420 1931 3478 baec
1948 3414 1971 3472 ct

1201 3520 1281 3592 alia,
1298 3535 1371 3596 quae
1386 3519 1516 3596 praelati
1528 3520 1675 3597 episcopi
1687 3521 1722 3583 et
1734 3516 1880 3596 religiosi
1891 3512 1971 3574 ratic-

1201 3615 1360 3678 nabiliter
1378 3616 1607 3694 proponebant
1621 3632 1761 3694 prorsus
1775 3614 1886 3678 audire
1905 3623 1968 3671 con-

1202 3715 1364 3788 temnens
1386 3715 1507 3776 iterum
1531 3715 1695 3792 praesente
1719 3715 1809 3776 dicto
1833 3704 1969 3782 senogal-

1202 3813 1281 3874 lien.
1298 3813 1452 3890 cpiscopo
1472 3812 1550 3874 lecit
1571 3813 1814 3889 pernicitatem
1834 3801 1968 3887 praeconis

1201 3925 1283 3974 voce
1317 3910 1473 3983 clamari,
1509 3911 1546 3973 ut
1573 3909 1685 3972 nullus
1713 3909 1899 3989 loqueretur
1915 3904 1968 3978 jan

1202 4007 1289 4069 dicto
1298 4010 1422 4072 Fauen.
1437 4007 1603 4084 episcopo,
1613 4008 1671 4071 aut
1680 4007 1814 4087 aliquod
1827 3995 1967 4066 exerceret

1202 4105 1436 4168 commercium
1451 4121 1525 4166 cum
1547 4106 1673 4177 eodem,
1691 4107 1724 4168 et
1748 4089 1966 4184 presumptioni

1201 4194 1964 4282 presumptionem,acsur0rifuroremadjtciens

1201 4299 1346 4363 inbibuit
1364 4300 1425 4363 sub
1439 4315 1537 4378 poena
1551 4300 1669 4373 banni,
1695 4302 1729 4364 et
1747 4296 1875 4364 uinculo
1889 4293 1966 4369 jura-

1201 4399 1315 4471 menti,
1346 4399 1384 4460 ut
1403 4398 1515 4459 nullus
1534 4398 1681 4470 missam,
1711 4391 1962 4476 pradicationem

1200 4496 1253 4558 vel
1268 4496 1413 4559 osticium
1429 4497 1561 4574 aliquod
1577 4497 1709 4558 audiret
1720 4497 1869 4574 episcopo
1883 4495 1965 4559 sape-
2043 4514 2045 4541 t

1201 4595 1288 4656 dicto
1314 4595 1489 4672 praesente,
1518 4596 1555 4655 ut
1578 4594 1626 4656 sic
1650 4593 1767 4655 ordine
1791 4579 1961 4670 perturbate

1200 4693 1309 4770 ipsum
1319 4693 1509 4768 episcopum
1520 4691 1824 4756 excommunicasse
1838 4677 1963 4763 quodam

1201 4789 1298 4851 modo
1326 4787 1506 4851 videretur.
1540 4789 1664 4850 videns
1692 4805 1772 4867 ergo
1796 4785 1877 4848 idem
1893 4771 1961 4850 epis·

1200 4903 1302 4964 copus
1326 4887 1434 4947 locum
1461 4886 1604 4963 amplius
1635 4877 1884 4956 dissimulationi
1912 4879 1961 4930 non

1199 5001 1283 5057 esse,
1300 5001 1374 5048 cum
1390 4983 1498 5047 dictus
1510 4984 1720 5061 Albergettus
1730 4985 1774 5046 de
1790 4980 1840 5043 dia
1852 4975 1882 5035 tn
1893 4967 1959 5029 dien

1200 5083 1295 5145 lieret
1313 5081 1521 5154 insolentior,
1548 5085 1581 5144 et
1602 5079 1845 5158 gravaminibus
1860 5075 1959 5148 graue

1199 5181 1289 5242 mina
1310 5180 1510 5252 cumularet,
1533 5180 1569 5240 in
1591 5179 1699 5260 ipsum
1715 5183 1747 5242 et
1765 5173 1910 5258 judicem,
1926 5167 1956 5217 ³⁰

1198 5279 1300 5339 totam
1316 5277 1477 5339 familiam
1492 5280 1564 5356 ejus
1580 5249 1959 5363 excommunicationes*

1198 5377 1232 5436 ln
1244 5375 1411 5439 civitatem
1427 5373 1619 5452 praedictam
1631 5373 1795 5437 interdicti
1807 5355 1956 5430 sanctitas

1199 5474 1430 5551 promulgavit.
1454 5477 1557 5535 Porro
1573 5489 1646 5535 cum
1662 5474 1797 5536 dilectus
1812 5463 1888 5526 lilius
1904 5455 1958 5512 dn-

1197 5573 1294 5634 dreas
1304 5570 1527 5634 subdiaconus
1538 5573 1571 5634 et
1583 5571 1774 5648 capellanus
1787 5563 1885 5627 noster
1896 5551 1954 5609 lum
