4234 6408
366 306 425 366 139

365 465 582 528 eeclesiarum
611 465 757 542 praelatis
790 482 849 541 por
884 467 1096 542 Campaniam
1130 467 1162 527 et

365 565 578 636 Maritimam,
602 564 635 624 et
660 567 783 624 terram
799 563 937 623 Laboris
960 563 1159 636 constitutis,

367 662 506 722 salutem
521 663 552 722 et
565 661 781 737 apostolicam
794 659 1068 722 benedictionem.

405 761 478 819 Non
494 758 617 835 absque
634 759 747 819 dolore
760 759 870 818 cordis
885 761 917 820 et
933 759 1076 835 plurima
1093 760 1163 819 tur-

348 857 498 918 batione
525 857 716 926 didicimus,
747 856 833 932 quod
862 857 908 918 ita
936 857 970 916 in
995 856 1162 933 plerisque

363 954 512 1030 partibus
534 954 759 1014 ecclesiastica
786 969 926 1014 censura
955 953 1159 1024 dissolvitur,

365 1052 399 1112 et
417 1051 585 1114 canonica>
603 1051 774 1112 sententiae
791 1052 951 1111 severitas
971 1052 1160 1121 enervatur,

368 1149 403 1209 ut
417 1149 481 1209 viri
496 1147 656 1222 religiosi,
669 1149 702 1208 ct
714 1146 749 1206 bi
760 1148 915 1218 maxime,
928 1147 984 1225 qui
999 1146 1162 1225 persedis

365 1245 562 1321 apostolica
588 1245 765 1320 privilegia
792 1246 911 1322 majori
946 1245 1060 1305 donati
1087 1244 1163 1304 sunt

366 1342 530 1415 libertate,
548 1343 671 1419 passim
690 1357 710 1402 a
726 1341 994 1404 malefactoribus
1019 1343 1087 1402 suis
1109 1342 1164 1401 in-

362 1440 471 1517 jurias
487 1440 673 1501 sustineant
687 1441 719 1501 et
734 1441 882 1516 rapinas,
899 1440 975 1499 dum
989 1440 1047 1500 vix
1068 1440 1164 1500 inve-

366 1538 458 1599 nitur
479 1539 535 1614 qui
567 1553 713 1613 congrua
737 1537 805 1598 illis
824 1537 1028 1614 protectione
1049 1536 1164 1597 subve-

367 1635 448 1706 niat,
472 1634 505 1696 et
528 1650 588 1712 pro
610 1635 750 1696 fovenda
772 1649 954 1710 pauperum
974 1634 1163 1694 innocentia

368 1749 404 1794 se
423 1747 554 1794 murum
569 1732 771 1794 defensionis
789 1733 942 1808 opponat.
969 1731 1164 1807 specialiter

367 1831 478 1891 autem
502 1830 614 1891 dilecti
638 1829 699 1889 filii
723 1829 825 1890 abbas
848 1830 881 1891 et
903 1828 1024 1890 fratres
1048 1831 1162 1889 Casae-

369 1927 467 1987 marii
480 1927 709 1988 cisterciensis
725 1927 851 1988 ordinis
865 1929 934 1988 tarn
949 1926 989 1988 de
1008 1927 1165 2002 frequen-

372 2024 457 2086 tibus
472 2025 617 2102 injuriis‚
635 2041 733 2102 quam
749 2025 789 2084 de
810 2025 882 2100 ipso
898 2023 1090 2101 quotidiano
1106 2023 1166 2084 de-

370 2121 458 2184 fectu
477 2123 617 2199 Justitiae
639 2123 890 2199 conquerentes,
913 2122 1165 2182 universitatem

370 2222 515 2281 vestram
533 2219 653 2280 litteris
673 2220 838 2298 petierunt
852 2219 1045 2296 apostolicis
1067 2219 1163 2280 exci-

373 2317 447 2389 tari,
467 2319 503 2378 ut
523 2318 570 2378 ita
590 2318 639 2378 eis
663 2317 818 2378 videlicet
837 2318 872 2378 in
896 2315 1165 2378 tribulationibus

370 2417 440 2476 suis
467 2416 582 2476 contra
612 2415 842 2475 malefactores
867 2429 982 2484 eorum
1014 2415 1165 2491 prompta

370 2513 519 2574 debeatis
543 2513 816 2588 magnanimitate
842 2527 1053 2587 consurgere,
1078 2511 1164 2587 quod

370 2611 411 2672 ab
438 2611 613 2686 angustiis,
638 2626 719 2686 quas
749 2609 914 2672 sustinent
938 2610 970 2670 et
997 2609 1164 2686 pressuris

368 2709 479 2770 vestro
502 2708 628 2785 possint
648 2708 802 2783 praesidio
822 2707 999 2782 respirare.
1023 2706 1165 2782 Ideoque

371 2806 580 2866 universitati
603 2807 722 2866 vestras
744 2821 803 2880 per
827 2803 1017 2880 Apostolica
1042 2805 1165 2881 scripta

370 2903 564 2963 mandamus
581 2903 679 2978 atque
695 2902 921 2979 praecipimus,
940 2901 1102 2979 quatenus
1122 2901 1166 2961 il-

372 3001 439 3072 los,
458 2999 513 3076 qui
538 3000 775 3076 possessiones,
802 2999 854 3059 vel
878 3015 943 3070 res,
967 3016 1026 3058 seu
1050 2997 1164 3060 domos

371 3098 603 3174 praedictorum
627 3095 755 3157 abbatis
771 3098 803 3157 et
822 3096 1014 3169 conventus
1030 3097 1083 3156 vel
1104 3097 1167 3158 bo-

373 3195 498 3255 minum
532 3210 667 3254 suorum
702 3194 927 3254 irreverenter
959 3194 1164 3267 invaserint,

373 3295 430 3354 aut
452 3308 491 3352 ea
519 3292 640 3368 inJ'uste
665 3291 876 3362 detinuerint,
903 3308 976 3368 quae
1000 3292 1165 3368 praedictis

371 3389 530 3452 fratribus
546 3405 588 3450 ea
604 3389 797 3453 testamento
813 3389 1039 3450 decedentium
1057 3389 1165 3450 relin-

370 3489 526 3565 quuntur,
552 3503 610 3548 seu
626 3487 660 3548 in
682 3488 772 3563 ipsos
795 3485 925 3558 fratres,
949 3487 1001 3548 vel
1017 3487 1165 3563 ipsorum

370 3585 514 3663 aliquem
541 3585 655 3646 contra
685 3584 779 3645 Sedis
807 3583 1007 3660 apostolicae
1036 3584 1165 3646 indulta

370 3669 568 3744 Sententiam
603 3682 955 3743 excommunicationis
980 3682 1037 3744 aut
1060 3683 1166 3743 inter-

370 3781 449 3842 dicti
463 3780 734 3856 praesumpserint
755 3781 977 3855 promulgare,
998 3780 1052 3841 vel
1069 3780 1164 3840 deci-

370 3893 441 3938 mas
465 3876 615 3936 laborum
632 3876 672 3937 de
691 3876 790 3936 terris
813 3875 934 3937 babitis
954 3881 1031 3937 ante
1047 3877 1166 3938 Conci-

371 3975 453 4034 lium
497 3973 673 4048 generale,
708 3973 784 4033 ante
826 3973 911 4048 quod
949 3974 1166 4049 susceperunt

371 4071 518 4148 ejusdem
535 4070 661 4130 ordinis
676 4070 811 4141 statuta,
828 4085 909 4146 quas
933 4071 1077 4146 propriis
1099 4088 1166 4132 ma·

373 4169 471 4230 nibus
493 4167 550 4229 aut
571 4167 754 4244 sumptibus
782 4166 947 4236 excolunt,
969 4183 1027 4228 seu
1044 4169 1084 4228 de
1099 4184 1164 4230 nu-

369 4267 532 4328 trimentis
565 4266 778 4338 animalium,
815 4266 934 4342 spretis
967 4266 1164 4341 apostoncae

370 4366 464 4426 Sedis
497 4364 699 4442 privilegiis,
737 4365 954 4440 extorquere,
983 4363 1165 4426 monitione

369 4463 551 4538 praemissa,
576 4461 604 4522 si
619 4462 697 4522 laici
712 4459 845 4532 fuerint,
868 4459 999 4536 publice
1016 4461 1164 4522 candelis

369 4559 518 4620 accensis
539 4558 662 4632 singuli
683 4559 829 4618 vestrum
854 4557 888 4617 in
911 4558 1108 4618 dioecesibus
1133 4560 1165 4620 ct

369 4655 520 4717 ecclesiis
548 4656 668 4716 vestris
703 4655 1056 4717 excommunicationis
1087 4671 1166 4716 sen-

369 4753 472 4815 tentia
485 4751 692 4830 percellatis:
710 4751 740 4812 si
753 4767 833 4812 vero
846 4752 971 4823 clerici,
991 4756 1049 4814 aut
1063 4769 1165 4815 eano-

369 4851 437 4912 nici
465 4851 637 4924 regulares
667 4866 726 4909 sen
757 4850 911 4910 monachi
940 4850 1079 4923 fuerint,
1108 4868 1163 4912 eos

368 4949 592 5026 appellatione
605 4947 731 5008 remota
747 4945 788 5007 ab
811 4947 931 5019 officie,
949 4948 981 5008 et
1003 4947 1163 5009 beneflcio

374 5045 604 5124 suspendatis;
641 5045 792 5106 neutram
823 5045 1005 5106 relaxaturi
1031 5049 1165 5108 senten·

366 5146 459 5216 tiam,
482 5145 586 5204 donec
615 5143 782 5220 praedictis
802 5142 912 5204 abbati
939 5145 971 5205 et
991 5143 1163 5203 monacbis

367 5243 517 5320 plenarie
547 5240 766 5309 satisfaciant,
794 5241 827 5300 et
853 5243 920 5300 tarn
948 5241 1027 5301 laici
1065 5258 1163 5317 quam

366 5340 479 5401 clerici
495 5339 686 5410 saacvrlares,
699 5339 755 5415 qui
770 5355 830 5414 pro
845 5338 990 5399 violenta
1006 5355 1162 5399 manuum

365 5437 542 5512 injectione
564 5437 597 5497 in
621 5437 740 5496 fratres
768 5435 911 5506 eosdem,
938 5436 991 5496 vel
1014 5436 1162 5512 ipsorum

362 5533 507 5611 aliquem
527 5533 750 5596 anathematis
767 5533 900 5595 vinculo
919 5532 1042 5594 fuerint
1065 5533 1164 5595 inno-

363 5631 444 5702 dati,
478 5647 550 5691 cum
578 5631 757 5692 diaecesani
785 5630 932 5706 episcopi
966 5631 1088 5692 litteris
1122 5635 1159 5692 ad

984 305 1160 368 HONORII
1182 305 1227 366 Ill
1249 305 1398 366 OPERA.
1713 299 1716 306 ’
1942 309 1989 371 ilo

1218 465 1335 526 Sedern
1363 461 1797 540 apostolicam-venientes,
1823 461 1862 523 ab
1891 468 1989 530 eodem

1216 561 1350 623 vinculo
1361 561 1552 622 mereantur
1560 559 1698 620 absolvi.
1711 560 1828 622 Datum
1842 562 1988 636 Laterani,

1217 662 1276 720 Vll
1301 658 1461 720 kalendas
1483 657 1654 727 februarii,
1679 655 1883 732 pontificatus
1900 665 1989 722 nostri

1218 772 1306 817 anne
1328 757 1446 832 primo.

1588 924 1652 1011 dx

1257 1123 1309 1180 Ad
1327 1123 1519 1192 priorissas
1545 1120 1579 1181 et
1602 1135 1743 1182 sorores
1771 1121 1960 1182 raoizasterii

1277 1218 1941 1280 S·Jacobtdellfontcblaurccistercien.

1502 1327 1534 1390 Ἃ
1555 1326 1617 1388 dec.
1640 1329 1718 1388 lile.

1257 1453 1378 1519 magma,
1389 1453 1460 1512 libl,
1470 1453 1543 1518 epist.
1557 1453 1611 1503 lte.
1623 1454 1679 1504 llas.
1695 1455 1731 1504 La
1743 1453 1817 1503 Porta
1832 1453 1863 1504 du
1877 1455 1959 1519 Theill.

1259 1596 1394 1656 Concedit
1405 1603 1436 1652 ut
1448 1595 1483 1652 ad
1494 1596 1643 1652 ecclesiam
1660 1597 1688 1652 S.
1704 1596 1780 1654 Petri
1793 1595 1827 1652 de
1841 1597 1955 1654 Mesena

1503 1698 1535 1740 sc
1550 1683 1730 1743 transferant.

1259 1830 1438 1901 Honorius,
1456 1831 1530 1900 eto,
1546 1829 1675 1890 dilectis
1690 1830 1724 1890 in
1738 1829 1868 1890 Christo
1880 1829 1992 1889 filiabus

1218 1929 1257 1987 A.
1274 1927 1456 2002 priorisse,
1472 1929 1506 1988 et
1520 1927 1688 1988 sororibus
1704 1927 1894 1989 monasterii
1905 1929 1992 1988 sancti

1218 2024 1333 2087 iacobi
1349 2025 1389 2084 de
1402 2027 1512 2086 Monte
1537 2027 1652 2086 Mauro
1668 2025 1862 2086 cistercien.
1875 2025 1992 2093 ordinis,

1220 2121 1360 2182 salutem
1375 2123 1408 2183 et
1421 2123 1637 2198 apostolicam
1652 2121 1921 2184 benedictionem.

1259 2221 1398 2280 Matrem
1421 2220 1637 2280 ecclesiarum
1663 2221 1812 2280 omnium
1833 2222 1992 2282 Romanam

1219 2317 1400 2377 Ecclesiam
1415 2333 1494 2392 erga
1516 2317 1653 2378 devotas
1675 2317 1761 2377 filias
1784 2331 1913 2378 avaram
1934 2332 1993 2376 esse

1220 2429 1286 2475 non
1302 2415 1465 2486 convenit,
1483 2416 1561 2491 quia
1576 2416 1647 2476 tuto
1668 2415 1777 2491 potest
1797 2416 1832 2475 in
1847 2431 1900 2475 eas
1914 2413 1991 2474 exis-

1220 2513 1289 2574 tere
1304 2511 1463 2583 liberalis,
1481 2512 1745 2589 quandoquidem
1758 2513 1860 2574 etiam
1877 2513 1989 2572 illorum

1220 2624 1293 2685 quae
1305 2609 1445 2684 largitur
1457 2610 1593 2681 eisilem,
1606 2610 1791 2671 dominium
1807 2626 1870 2672 non
1881 2607 1992 2668 amittit.
2068 2597 2069 2620 ¹

1221 2708 1308 2767 Sane
1322 2707 1421 2767 tama
1438 2707 1530 2766 vobis
1546 2723 1644 2783 quam
1655 2723 1674 2766 a
1685 2707 1838 2784 pluribus
1850 2705 1993 2781 religiosis

1220 2805 1252 2865 et
1264 2804 1479 2864 saecularibus
1492 2805 1573 2864 viris
1587 2804 1704 2864 humili
1715 2804 1780 2866 fuit
1790 2805 1994 2865 nobisinstan·

1219 2901 1266 2963 tia
1281 2903 1512 2978 supplicatum,
1522 2904 1556 2963 ut
1569 2919 1668 2978 quum
1683 2903 1718 2962 in
1735 2903 1995 2978 praefatomonas-

1221 2999 1305 3060 terio
1335 3000 1438 3060 sancti
1468 2999 1584 3061 Jacobi
1610 3001 1744 3076 propter
1772 3000 1993 3076 corruptionem

1221 3098 1309 3159 aeris
1323 3099 1355 3158 et
1366 3098 1590 3158 infirmitatem
1606 3097 1669 3156 loci
1680 3097 1836 3158 babitare
1848 3095 1994 3158 commode

1221 3211 1286 3256 non
1302 3195 1445 3270 possitis,
1460 3195 1635 3254 ecclesiam
1659 3195 1768 3256 sancti
1786 3195 1873 3258 Petri
1889 3194 1925 3254 de
1938 3193 1995 3253 lle-
2069 3207 2070 3270 ξ

1221 3307 1311 3352 sema
1332 3289 1369 3370 (l)
1386 3293 1426 3352 ad
1443 3293 1561 3353 Sedem
1583 3291 1808 3368 apostolicam
1829 3289 1995 3353 immediate
2069 3307 2070 3314 ¹

1221 3391 1433 3466 spectantem,
1451 3390 1484 3450 et
1505 3389 1672 3450 licentiam
1696 3388 1915 3451 transferendi
1933 3402 1994 3447 mo-

1221 3487 1401 3547 nasterium
1422 3487 1529 3563 ipsum
1552 3487 1592 3546 ad
1609 3487 1701 3546 illam
1715 3487 1813 3548 vobis
1829 3485 1996 3547 misericor-

1221 3583 1306 3645 diter
1319 3585 1498 3645 concedere
1508 3584 1732 3658 dignaremur.
1747 3585 1819 3646 Nos
1834 3585 1928 3662 igitur
1935 3579 1998 3657 qui·

1220 3680 1358 3742 busdam
1382 3681 1502 3743 litteris
1527 3680 1632 3742 felicis
1648 3684 1820 3744 memoriae
1837 3675 1995 3743 Alexandri

1221 3795 1313 3856 papae
1333 3779 1587 3855 praedecessoris
1614 3779 1719 3840 nostri
1747 3780 1923 3856 diligenter
1933 3776 1994 3836 ins-

1220 3877 1335 3953 pectis,
1362 3877 1395 3936 in
1420 3876 1538 3953 quibus
1568 3876 1656 3938 idem
1684 3877 1808 3939 asserit
1833 3875 1995 3937 innotuisse

1220 3975 1282 4034 sibi
1295 3990 1353 4050 per
1365 3973 1529 4050 publicum
1538 3974 1810 4046 instrumentum,
1823 3972 1905 4051 quod
1917 3971 1996 4030 bona

1222 4072 1387 4132 memoria
1405 4071 1779 4147 Sirusarcliiepiscopus
1793 4075 1825 4133 ct
1837 4069 1996 4146 capitulum

1219 4173 1360 4230 tanuen.
1376 4185 1396 4228 a
1410 4170 1571 4245 potestate
1584 4184 1644 4228 sua
1653 4169 1826 4244 praefatam
1842 4165 1996 4230 ecclesian

1222 4266 1333 4326 Sancti
1360 4265 1470 4335 Petri,
1497 4280 1570 4324 eam
1599 4263 1640 4324 ab
1660 4265 1751 4324 omni
1772 4268 1851 4342 jnre
1873 4267 1995 4325 tanuen.

1221 4363 1370 4423 ecclesiae
1399 4362 1583 4423 absolutam
1612 4363 1644 4423 et
1673 4361 1814 4422 liberam
1844 4360 1995 4422 facientes

1221 4475 1322 4535 quare
1348 4460 1462 4520 volens
1487 4459 1711 4536 inposterum
1740 4459 1845 4536 quieti
1870 4455 1997 4535 ejusdem

1220 4557 1370 4618 ecclesiae
1383 4557 1568 4633 providere,
1587 4557 1816 4632 praescriptam
1832 4553 1998 4616 libertatem

1220 4653 1283 4729 ipsi
1292 4654 1441 4714 ecclesiae
1455 4653 1672 4725 confirmavit,
1690 4654 1842 4714 statuens
1854 4653 1888 4713 ut
1900 4649 1997 4710 eadem

1220 4751 1302 4810 nulli
1316 4751 1467 4811 teneatur
1482 4751 1648 4827 episcope,
1660 4750 1712 4811 vel
1727 4751 1880 4827 praelato,
1896 4747 1999 4825 praeter

1220 4850 1404 4909 Romanum
1429 4849 1633 4918 Pontificem,
1660 4849 1875 4925 respondere,
1896 4861 1931 4905 ac
1952 4853 1999 4918 pel

1220 4945 1281 5005 lioc
1304 4945 1416 5006 habita
1444 4946 1586 5020 pleniori
1609 4946 1737 5014 notitia,
1764 4947 1851 5022 quod
1875 4938 1998 5004 ecclesia

1219 5043 1333 5103 eudem
1362 5043 1402 5102 ad
1433 5046 1614 5104 ltornanam
1642 5043 1826 5103 Ecclesiam
1853 5035 1999 5118 pertineat

1221 5141 1349 5200 nemine
1366 5142 1541 5212 mediante,
1556 5141 1645 5200 illam
1659 5157 1732 5201 cnm
1744 5141 1880 5217 juribus
1893 5141 1923 5198 et
1936 5148 2000 5212 pel·

1220 5239 1367 5300 tinentiis
1383 5238 1452 5299 suis
1468 5238 1575 5309 vobis,
1589 5241 1665 5315 jure
1676 5237 1889 5314 proprietatis
1910 5231 1998 5310 ipsius

1220 5337 1296 5396 sedi
1317 5335 1516 5412 apostolicae
1532 5337 1713 5406 reservato,
1742 5335 1959 5397 concedimus,
1974 5327 2000 5384 et

1220 5434 1439 5494 transferendi
1453 5435 1599 5494 vestrum
1615 5433 1853 5494 monasterium
1868 5431 1906 5492 ad
1922 5439 1999 5488 eam·

1218 5531 1290 5592 dem
1305 5531 1471 5592 licentiam
1498 5531 1717 5607 indulgemus,
1742 5529 1910 5590 universis
1930 5537 1996 5600 pos-

1219 5629 1419 5688 ¹sessionibus
1442 5645 1480 5689 ac
1499 5629 1681 5691 rationibus
1696 5626 1823 5704 prafali
1842 5623 1995 5685 inclausio-
