4234 6442
121 183 214 248 453,

119 343 312 420 episcopum
333 340 367 404 et
387 341 565 419 pastorem,
585 336 638 400 bis
656 341 690 402 et
708 339 785 401 aliis
807 341 917 403 modis

119 441 236 502 contra
265 442 448 502 Romanam
477 437 659 500 Ecclesiam
691 438 918 516 multipliciter

118 539 284 610 excedere
300 553 365 600 non
377 535 543 596 verentes.

161 637 270 706 Quare
282 633 362 695 dicti
376 647 446 704 1011,
459 631 702 710 archiepiscopi
714 633 747 694 et
757 632 915 709 episcopi,

120 732 217 793 nobis
232 745 410 807 suggerere
425 729 633 802 studuerunt,
654 729 691 790 ut
709 729 842 791 eosdem
859 745 918 792 ca-

120 828 271 898 nonicos,
299 825 356 904 qui
377 827 455 888 sunt
476 826 546 888 solo
570 827 704 888 nomine
731 827 914 904 regulares

119 925 161 987 ab
177 925 248 1001 ipsa
263 925 404 987 ecclesia
416 924 600 996 laceremus
614 925 745 1002 penitus
755 925 915 997 amoueri,

120 1023 235 1099 eisque
254 1023 416 1100 paraliae
436 1023 610 1099 regulares
632 1022 791 1084 ecclesias
813 1022 918 1084 collo-

120 1119 220 1194 catis;
251 1135 291 1180 ac
318 1119 479 1182 electione
507 1119 666 1182 attentata
693 1119 737 1181 de·
759 1119 916 1196 praedicto

118 1217 407 1278 excommunicato
430 1217 526 1278 irrita
547 1217 715 1291 nuntiata3
741 1216 916 1280 ecclesiam

117 1313 225 1391 ipsam
240 1315 440 1392 depersonis
450 1315 521 1390 regi
532 1314 696 1387 fidelibus,
714 1316 747 1376 et
761 1316 916 1378 licclesiae

120 1415 279 1474 Romanae
290 1411 417 1474 daretis
430 1412 579 1474 ordinari
592 1412 787 1484 laceremus,
801 1414 868 1474 tam
881 1412 916 1474 in

118 1510 228 1586 capite
240 1525 339 1586 quam
355 1510 391 1571 in
406 1509 579 1584 membris;
598 1509 862 1586 possessionibus
878 1525 917 1572 ac

120 1606 305 1667 redditibus
329 1607 478 1684 eJ'usdem
503 1606 654 1669 ecclesiae
673 1607 761 1669 inter
784 1607 916 1684 episco-

119 1719 209 1778 pum,
226 1704 259 1765 et
275 1704 454 1766 canonicos
473 1704 674 1766 ordinandos
696 1703 819 1766 ibidem
838 1721 918 1782 por-

118 1800 209 1860 tione
242 1815 390 1876 congrua
420 1799 606 1862 distributis
637 1821 644 1860 2
672 1801 861 1863 asserentes
881 1801 914 1862 id

116 1895 339 1976 tranquilitati
354 1896 444 1971 regis
455 1896 489 1957 et
503 1896 599 1972 regui
613 1896 759 1958 maxime
771 1897 918 1974 prolutu-

120 2008 205 2066 rum,
228 2008 328 2069 quum
352 1992 494 2054 ecclesia
516 1994 709 2070 saepedicta,
731 1993 766 2054 in
786 1993 915 2070 Angliae

116 2105 158 2150 ac
173 2091 292 2150 Scotiae
305 2089 369 2152 sita
386 2089 558 2162 limitibus,
576 2089 702 2151 eisdem
720 2090 793 2167 regi
808 2093 841 2152 et
860 2107 917 2152 10-

117 2201 184 2261 gno
199 2186 337 2247 multum
350 2187 507 2263 prodesse
518 2187 639 2259 valeat,
654 2188 683 2248 si
696 2187 814 2250 devota
828 2188 916 2253 exti-

106 2283 205 2352 terit,
222 2284 255 2345 et
266 2283 392 2357 obesse,
409 2285 438 2346 si
453 2284 554 2346 tuerit
568 2283 742 2348 indevota·

157 2383 263 2452 Quum
274 2381 376 2458 igitur
384 2382 445 2444 tibi
458 2383 564 2459 possit
575 2385 729 2444 constare
745 2383 864 2444 melius
875 2383 915 2444 de

116 2478 296 2554 praedictis,
310 2479 344 2540 id
358 2480 575 2557 providentiae
585 2481 651 2542 tuae
664 2480 819 2542 duximus
830 2496 915 2542 com·

119 2575 325 2648 mittendum,
338 2592 397 2654 per
406 2577 596 2654 apostoliea
608 2577 669 2638 tibi
683 2577 807 2656 scripta
820 2593 916 2639 man·

119 2671 248 2746 dantes,
265 2673 433 2750 quatinus,
460 2675 626 2736 universis
646 2675 835 2750 hujusmodi
854 2689 916 2737 ne-

118 2770 245 2845 gotium
274 2771 542 2847 contingentibus
566 2772 709 2834 sollicite
735 2772 912 2849 indagatis,

118 2867 301 2943 superbis,
328 2869 457 2930 sublato
479 2869 656 2946 cujuslibet
678 2870 916 2933 contradictio-

119 2964 173 3024 nis
186 2967 218 3026 et
234 2965 467 3042 appellationis
486 2966 732 3044 impedimenta,
756 2967 914 3046 disponas

116 3063 185 3123 tam
198 3062 239 3124 de
253 3063 373 3140 capite,
387 3079 485 3141 quam
500 3063 540 3126 de
555 3063 722 3137 membris,
745 3065 844 3143 quod,
861 3082 915 3127 se-

116 3159 261 3220 cundum
276 3159 385 3222 datam
399 3160 460 3224 tibi
473 3177 493 3222 a
508 3163 576 3223 Deo
590 3161 812 3239 prudentiam,
826 3163 916 3226 vide·

116 3256 165 3317 ris
179 3257 348 3334 expedire.

156 3353 273 3414 Datum
296 3355 457 3431 Anagniae
475 3358 520 3416 lll
540 3356 587 3417 ld.
602 3357 682 3418 Julii
702 3357 914 3434 pontificatus

113 3450 221 3511 nostri
233 3466 322 3512 anno
337 3452 456 3528 primo.

404 3630 625 3719 ccclviii

153 3781 206 3840 Ad
220 3781 379 3854 patorem
392 3783 598 3844 monasterti
616 3783 658 3843 de
671 3781 827 3844 Durbost
842 3781 876 3842 et

396 3879 529 3952 [ratres
548 3881 633 3950 qius.

419 3997 453 4055 ll
464 3997 515 4070 jul.
537 3999 615 4056 1217.

176 4110 304 4176 [bonblet
315 4111 379 4162 llist.
398 4111 429 4162 de
444 4111 597 4178 l'sbbeyede
609 4113 732 4172 S.-Denis,
750 4129 775 4180 p.
791 4114 857 4176 11111]

114 4217 171 4276 Sub
182 4219 358 4292 protectione
371 4220 482 4278 Sancte
491 4219 572 4278 Sedis
581 4222 786 4278 monasterium
795 4221 914 4296 ejusque

274 4309 472 4381 possessiones
485 4309 602 4382 suscipit
617 4309 752 4382 pontifex.

153 4425 320 4486 Honorius
330 4425 509 4503 episcopus
529 4441 645 4488 servus
661 4443 832 4488 servorum
841 4428 911 4500 Dei,

113 4521 243 4584 dilectis
258 4523 337 4584 liliis
352 4523 457 4601 priori
473 4523 513 4585 de
529 4523 687 4597 Durhust,
701 4527 839 4602 ejusque
851 4524 915 4586 ira·

112 4616 220 4677 tribus
235 4619 302 4680 tam
317 4621 536 4695 praesentibus
554 4638 652 4699 quam
668 4620 800 4710 futuris,
813 4637 915 4698 regu-

115 4713 219 4773 larem
234 4715 335 4776 vitam
351 4717 510 4792 protessis
522 4719 557 4780 in
574 4721 781 4797 perpetuum.

759 181 987 244 EPISTOLAE.
1012 182 1089 244 LIB.
1115 183 1138 243 l.

1711 188 1774 248 451·

972 339 1060 422 beati
1070 338 1159 402 Petri
1172 340 1205 402 et
1219 341 1332 403 nostra
1345 341 1548 417 protectione
1557 341 1768 420 suscipimus,

972 440 1004 501 et
1019 438 1191 528 praesentis
1205 437 1319 514 scripti
1329 438 1504 514 priuilegio
1515 441 1770 502 communimus.

973 536 1137 612 Imprimis
1157 535 1323 611 siquidem
1335 538 1529 608 statuentes,
1547 539 1583 598 ut
1597 538 1677 599 ordo
1696 553 1770 600 mo-

950 665 951 716 3
972 633 1131 704 raeticus,
1149 632 1205 710 qui
1221 633 1401 695 secundum
1423 637 1526 695 Deum
1548 641 1583 696 el
1598 635 1687 698 beati
1699 639 1768 697 Be-

950 725 951 752 ³
971 729 1094 792 nedicti
1114 730 1263 806 regulam
1279 731 1313 792 in
1329 731 1444 792 eodem
1460 733 1661 795 monasterio
1671 735 1772 796 insti-

971 828 1060 890 tutus
1097 843 1172 890 esse
1207 827 1426 904 dignoscitur,
1452 831 1619 906 perpetuis
1648 830 1770 894 ibidem

971 925 1174 1003 temporibus
1192 925 1432 988 inviolabiliter
1453 926 1656 990 observetur.
1678 933 1772 992 Prae-

971 1025 1065 1084 10100·
1089 1037 1313 1101 quascumque
1335 1025 1574 1100 possessiones,
1597 1041 1775 1104 quacum-⁷

971 1135 1035 1197 que
1049 1119 1136 1182 bona
1151 1121 1237 1182 idem
1254 1122 1491 1183 monasterium
1512 1123 1547 1184 in
1574 1125 1773 1202 praesentia-

971 1231 1045 1276 rum
1071 1217 1162 1292 Juste
1194 1217 1228 1278 ot
1258 1217 1417 1278 canonice
1445 1218 1616 1294 possidet,
1647 1222 1705 1282 aut
1736 1225 1773 1281 iu

971 1311 1117 1374 futurum
1134 1314 1349 1376 concessione
1366 1315 1573 1388 Pontificum,
1593 1317 1774 1393 largitione

971 1411 1771 1488 ragumvalprincipum,oblationefideliumseu

971 1506 1048 1568 aliis
1063 1508 1181 1580 modis,
1196 1511 1376 1584 praestante
1393 1511 1543 1583 Domino,
1561 1512 1682 1590 poterit
1695 1513 1772 1574 adi-

972 1605 1066 1680 pisci,
1080 1604 1174 1666 llrma
1195 1605 1300 1678 vobis,
1311 1608 1499 1685 vestrisque
1510 1610 1770 1684 successoribus,

970 1703 1003 1762 et
1016 1702 1153 1764 illabata
1168 1705 1396 1781 permaneant,
1417 1705 1452 1766 in
1470 1706 1588 1782 quibus
1604 1707 1771 1786 1100010-

971 1799 1054 1875 priis
1069 1799 1224 1862 duximus
1237 1802 1455 1878 exprimenda
1468 1803 1649 1866 vocabulis.

1010 1899 1134 1958 Locum
1148 1897 1257 1974 ipsum
1271 1898 1306 1960 in
1323 1915 1387 1975 quo
1408 1900 1585 1980 praelatum
1599 1903 1772 1964 monaste·

970 1993 1058 2053 rium
1074 1993 1174 2054 situm
1203 1995 1253 2056 est
1278 2011 1352 2056 cum
1377 1997 1529 2058 omnibus
1561 1999 1772 2075 pertinentiis

971 2089 1051 2161 suis,
1081 2090 1257 2151 ecclesiam
1285 2091 1391 2154 beatae
1417 2094 1533 2155 Mariae
1554 2093 1595 2155 de
1623 2096 1771 2158 Durbust

970 2199 1044 2246 cum
1060 2186 1187 2248 vicaria
1202 2189 1231 2265 ej
1237 2188 1351 2251 usdem
1366 2190 1399 2252 et
1411 2191 1622 2267 pertinentiis
1635 2194 1715 2266 suis,
1730 2194 1771 2255 de

970 2282 1193 2356 Delneiordia,
1208 2285 1249 2346 do
1262 2287 1434 2359 Prestona,
1450 2286 1490 2350 de
1508 2291 1776 2364 Parvatuntona,

970 2379 1011 2442 de
1025 2380 1129 2442 Culna
1144 2382 1250 2444 sancti
1266 2384 1427 2460 Dionysii,
1450 2385 1490 2446 de
1505 2386 1667 2448 Teutonis
1682 2388 1769 2450 etde

969 2480 1063 2539 Mora
1074 2478 1233 2539 ecclesias
1251 2495 1326 2540 cum
1339 2481 1549 2556 pertinentiis
1562 2484 1768 2560 earumdem3

970 2574 1147 2636 eeclesiam
1169 2576 1283 2638 Sancti
1298 2577 1410 2638 Aldati
1423 2577 1464 2638 de
1482 2578 1684 2641 Gloucestrae
1697 2597 1772 2642 cum

970 2687 1082 2734 annua
1109 2672 1270 2749 pensione
1290 2675 1414 2750 septem
1438 2675 1620 2737 solidorum
1641 2677 1674 2738 et
1695 2681 1769 2739 octo

970 2769 1183 2832 denariorum
1200 2792 1207 2830 ι
1225 2770 1395 2848 Capellam
1416 2773 1458 2834 de
1481 2772 1675 2836 Vultistonis
1695 2791 1770 2841 cum

969 2880 1083 2928 annua
1104 2867 1265 2944 pensione
1285 2869 1412 2945 septem
1435 2869 1616 2932 solidorum
1638 2872 1671 2934 et
1696 2875 1770 2935 octo
1806 2949 1808 2954 Ι

969 2965 1193 3034 denariorum,
1223 2967 1256 3027 et
1282 2965 1420 3026 decimis
1451 2967 1594 3028 dominis
1620 2969 1769 3048 ejusdem

968 3061 1766 3144 villas,desanctoniaetdeBotinloniacapellas,

969 3176 1043 3221 cum
1057 3175 1122 3221 una
1134 3160 1294 3237 pensione
1304 3163 1378 3223 octe
1389 3160 1583 3232 solidorum,
1593 3163 1768 3226 etdacimis

969 3273 1102 3330 aarum,
1136 3258 1276 3334 excepta
1305 3273 1371 3318 una
1400 3258 1503 3336 hyda,
1538 3261 1700 3336 capellam
1728 3261 1770 3324 de

968 3353 1123 3430 Truileya
1136 3370 1212 3416 cum
1227 3371 1339 3416 annua
1351 3356 1511 3431 pensione
1526 3358 1626 3418 unius
1646 3373 1767 3419 marcae

969 3447 1002 3508 et
1013 3446 1150 3510 decimis
1163 3448 1311 3524 ejusdem
1322 3448 1430 3510 villae:
1446 3449 1613 3527 Capellam
1626 3450 1666 3512 de
1678 3454 1768 3530 Leya

969 3543 1768 3624 cumomnibusdecimisetoblationibusquatuor

969 3641 1205 3719 principalium
1214 3639 1440 3714 festivitatum,
1457 3643 1618 3720 capellam
1634 3645 1674 3706 de
1686 3645 1767 3722 ,tyl-

969 3738 1175 3810 mondestau,
1192 3754 1267 3800 cum
1277 3738 1414 3802 decimis
1423 3740 1588 3814 omnibus,
1604 3743 1767 3820 capellam

970 3835 1082 3898 Sancti
1097 3835 1237 3898 Andreae
1251 3835 1292 3900 de
1312 3837 1429 3900 Dicbio
1444 3854 1519 3900 cum
1538 3855 1651 3900 annua
1680 3855 1766 3918 pen-

969 3933 1063 3996 sione
1077 3950 1138 3996 sex
1152 3932 1333 3996 solidorum
1350 3956 1357 3996 ε
1372 3935 1413 3998 de
1427 3937 1548 4014 majori
1562 3937 1768 4001 Derflntonia

969 4034 1001 4094 et
1013 4032 1053 4094 de
1064 4031 1257 4096 Bikemerse
1266 4032 1426 4110 capellas,
1436 4035 1470 4096 et
1484 4035 1525 4095 de
1535 4036 1768 4098 Drumestonia

968 4129 1087 4206 viginti
1105 4130 1229 4192 solidos
1250 4145 1397 4192 annuum
1422 4130 1597 4192 redditum.
1611 4135 1768 4193 Annuum

968 4227 1132 4289 redditum
1147 4226 1287 4289 duorum
1302 4227 1484 4289 solidorum
1508 4227 1543 4288 in
1563 4228 1704 4290 ecclesia
1726 4228 1767 4290 de

970 4325 1120 4396 Sintona,
1145 4324 1186 4384 da
1207 4323 1375 4396 Bortonia,
1406 4325 1572 4386 Mortonia
1599 4325 1766 4387 01611111-

969 4421 1089 4492 chette,
1103 4435 1251 4482 annuum
1261 4419 1425 4482 redditum
1437 4421 1576 4484 duorum
1593 4421 1768 4485 0111111110-

969 4519 1082 4592 menti,
1096 4520 1130 4604 et
1142 4519 1178 4580 in
1191 4519 1533 4582 Κο11011101101110011111
1546 4519 1767 4598 liberasepul·

968 4615 1765 4691 tura.OmnesdeeimasdeDerbust,debaltonia,

969 4715 1010 4776 de
1032 4714 1230 4793 Apperlayo,
1258 4716 1292 4776 et
1319 4714 1360 4775 de
1381 4714 1612 4789 Duuebieldia,
1627 4719 1766 4794 excepta

156 4809 359 4885 Religiosam
369 4813 469 4874 vitam
482 4815 680 4891 eligentibus
689 4816 913 4894 apostolicum
969 4812 1144 4876 medietate
1168 4814 1329 4889 majormn
1350 4810 1552 4874 decimarum
1566 4811 1713 4875 domenii
1727 4814 1768 4876 de

114 4907 271 4969 convenit
285 4923 358 4969 esse
373 4911 630 4984 praesidiumue
645 4913 729 4976 torte
737 4915 915 4992 cujuslibet
969 4909 1129 4974 Richardi
1143 4908 1259 4970 Childe
1270 4908 1426 4985 junioris.
1444 4909 1654 4994 Medietatem
1671 4910 1766 4972 deei-

112 5003 311 5066 temeritatis
339 5003 493 5067 incursus
520 5009 578 5069 aut
604 5025 662 5071 eos
696 5027 717 5071 a
745 5012 913 5088 proposito
968 5023 1097 5071 marum
1110 5005 1257 5068 domenii
1272 5004 1313 5066 de
1328 5005 1525 5076 Prasstonia,
1542 5021 1657 5068 omnes
1671 5007 1766 5068 deci-

113 5103 259 5174 revoeet,
282 5103 340 5163 aut
360 5101 472 5173 robur,
489 5103 575 5181 quod
590 5097 815 5179 absit,'sacrae
833 5108 915 5170 reli-
969 5121 1040 5168 mas
1053 5104 1093 5167 de
1106 5105 1186 5165 Gors
1201 5117 1276 5165 cum
1293 5101 1401 5165 libera
1425 5102 1606 5179 sepultura,
1623 5106 1767 5181 majores

113 5197 914 5278 gionisinsringat.Eapropterdilectiinbomino
969 5204 1113 5266 decimas
1139 5201 1180 5263 de
1205 5197 1387 5269 Hasieldia‚
1412 5199 1632 5278 praeterquam
1648 5201 1766 5263 dedo-

114 5295 187 5368 filii,
199 5297 319 5358 uestris
328 5298 429 5373 justis
443 5299 721 5375 postulationibus
737 5302 913 5363 annuimus
968 5300 1168 5364 maniacum
1178 5297 1284 5360 libera
1294 5297 1467 5374 sepultura
1479 5318 1486 5357 :
1499 5297 1766 5361 omnesdecimas

114 5392 294 5456 clementer
320 5395 353 5456 et
375 5397 614 5460 monasterium
634 5397 675 5460 de
698 5399 855 5471 Durhust,
878 5399 914 5460 in
968 5400 1009 5462 de
1024 5401 1112 5476 Leya
1124 5396 1221 5475 Juxta
1241 5395 1431 5472 Truileyam
1449 5395 1619 5458 :decime
1641 5397 1682 5458 de
1702 5397 1766 5461 do-

114 5505 179 5568 quo
202 5491 315 5555 divino
340 5493 420 5556 estis
449 5493 607 5573 obsequio
636 5495 826 5575 mancipati,
853 5495 914 5561 sub
968 5496 1081 5560 manio
1093 5492 1364 5566 debelnesordia,
1375 5509 1449 5556 cum
1460 5492 1680 5571 quadraginta
1692 5500 1766 5562 octe
