4214 6400
640 331 907 394 m111.-1N
929 333 1060 396 rasio
1082 331 1307 398 VIRGINUM.

141 325 206 386 eit
1739 345 1799 404 318

142 485 293 546 versatio
307 485 343 546 in
358 485 453 548 coelis
468 485 529 550 est.
544 488 696 566 Regnum
711 490 870 554 coelorum
885 492 943 554 dl-
1000 495 1104 556 lsaias
1121 515 1128 556 ι
1145 496 1209 562 Dat
1223 495 1386 571 appendit
1412 497 1523 560 tritus
1544 499 1662 575 digitis
1675 507 1799 565 nentem

144 583 234 646 61166
245 582 352 644 idelis
368 583 490 656 anima,
507 586 586 664 6616
601 589 711 662 Ρ6166,
730 589 763 652 61
778 590 894 664 Eilins,
912 591 944 656 et
999 592 1107 654 terroe
1122 590 1181 670 (Is.
1199 608 1254 666 xn,
1273 590 1336 672 12).
1356 593 1457 666 Quasi
1479 593 1586 658 dicat:
1604 599 1697 658 Unus
1708 599 1797 661 Deus

145 681 290 758 Spiritus
313 683 455 744 Sanctus
481 685 622 760 regnant
653 687 687 747 in
716 703 768 749 ea.
793 691 943 764 Regnum
998 690 1191 765 operatione
1204 690 1377 765 Trinitatis
1393 692 1457 752 hoo
1470 691 1561 754 16611.

144 779 305 840 coelorum
330 779 453 843 dicitur
470 782 573 842 Sacra
590 783 772 862 Scriptura,
796 786 874 863 quia
897 787 943 849 ibi
1038 787 1084 846 De
1104 787 1202 849 tertio
1227 788 1349 850 dicitur
1367 811 1374 848 :
1390 792 1580 866 stupentes
1593 794 1685 865 jusit
1706 794 1797 856 sieut

144 875 379 939 describuntur
392 880 673 956 regnacoelestia.
697 884 744 944 De
760 884 867 960 primo
886 885 942 946 di·
996 887 1047 946 soi
1060 887 1097 945 in
1119 899 1228 962 reptio
1248 887 1371 948 Patris
1390 891 1461 950 mei
1484 886 1615 966 (matti.
1638 890 1794 970 x111,t3).

79 1021 81 1024 .
144 975 233 1036 citur
249 975 284 1035 16
299 977 505 1053 Evangelio:
520 981 677 1056 Regnum
692 987 942 1044 coetorumvim
997 981 1037 1041 Et
1057 980 1092 1040 in
1118 981 1300 1059 Evangelio
1316 1005 1324 1044 ε
1340 986 1513 1046 Adveniet
1535 1001 1683 1063 regnum
1698 988 1798 1049 ticum

139 1072 288 1148 patitur,
310 1074 343 1135 et
362 1075 502 1136 violenti
520 1078 691 1152 diripiunt
704 1081 785 1142 titud
809 1077 939 1159 (Matth.
998 1075 1189 1156 (1161166,
1209 1078 1271 1158 10),
1291 1080 1388 1154 idest,
1405 1097 1545 1158 regnum
1568 1084 1716 1146 militans
1737 1101 1798 1147 ve·

143 1186 190 1238 xl,
209 1168 273 1249 12).
291 1173 440 1247 Regnum
459 1173 617 1236 coelorum
636 1176 772 1237 nonest
791 1177 943 1256 nisijus-
996 1175 1067 1238 6161
1091 1177 1133 1238 ad
1157 1192 1296 1253 regnum
1319 1179 1540 1257 triumphans,
1566 1180 1653 1258 quod
1681 1181 1739 1246 1161
1763 1183 1795 1244 61

143 1271 265 1330 torum.
281 1271 373 1331 Tunc
387 1271 455 1332 vim
467 1271 738 1350 patiturque-ndo
751 1277 941 1352 peccatores
996 1273 1070 1350 post
1094 1274 1377 1352 disceptationem,
1403 1293 1478 1338 oum
1504 1277 1633 1340 dicetur
1655 1279 1758 1357 justis
1786 1301 1794 1341 ε

142 1381 204 1444 per
232 1368 462 1444 poenitentiam
488 1369 665 1448 acquirunt
691 1373 882 1436 mansiones
905 1375 940 1435 16
1001 1371 1133 1444 Venite,
1170 1373 1336 1435 denedicti
1366 1375 1486 1437 Patris
1510 1379 1595 1448 otei,
1626 1379 1796 1452 percipite

142 1465 518 1542 coelolpsipecoatores
530 1467 848 1544 dicunturviolenti,
863 1473 941 1552 6616
995 1483 1152 1545 reguum,
1176 1474 1264 1544 quod
1283 1473 1379 1532 661116
1398 1474 1564 1547 paratum
1579 1475 1632 1536 est
1652 1478 1694 1536 ab
1717 1479 1794 1537 ori-

141 1561 271 1624 1661661
294 1563 361 1624 vim
386 1581 456 1626 suae
480 1565 585 1640 carni,
604 1583 677 1628 earn
694 1567 883 1645 affligendo.
902 1571 942 1632 Et
994 1569 1207 1643 ainamundi
1220 1564 1351 1647 (Matth.
1366 1584 1445 1641 xxv,
1462 1568 1527 1649 34).

140 1661 324 1721 notandum
348 1662 506 1739 estquod
535 1679 674 1740 regnum
694 1667 852 1728 coelorum
873 1683 940 1730 non
1034 1665 1081 1724 De
1096 1664 1213 1742 quarto
1227 1665 1351 1727 dicitur
1373 1665 1414 1727 de
1433 1665 1565 1729 diabolo
1588 1668 1623 1728 in
1643 1671 1796 1746 Evange-

140 1757 309 1834 pertinent
322 1759 364 1820 ad
378 1759 500 1836 pigros,
517 1760 575 1822 sed
585 1761 627 1822 ad
638 1763 813 1826 violentos.
995 1760 1052 1834 lio,
1078 1761 1164 1839 quod
1188 1763 1368 1824 ostendens
1392 1764 1522 1826 Christo
1551 1765 1664 1828 omnia
1689 1782 1794 1842 regna

181 1857 229 1916 De
252 1856 399 1918 secundo
421 1857 458 1918 in
479 1859 684 1935 Evangelio:
709 1861 827 1924 Mittet
846 1865 940 1937 situs
994 1858 1119 1932 mundi,
1134 1859 1182 1922 ait
1198 1863 1302 1923 :Haec
1315 1865 1434 1924 omitia
1446 1863 1612 1935 tibicinio,
1624 1865 1655 1925 si
1668 1867 1795 1926 cadens

138 1956 290 2016 dominis
301 1959 440 2031 anpeios
453 1969 546 2028 suos,
560 1957 595 2018 et
605 1959 764 2035 colligent
778 1962 819 2021 cte
831 1973 939 2036 repno
993 1959 1199 2019 6116666616
1211 1973 1268 2021 me
1290 1956 1420 2037 (Matth.
1435 1975 1479 2031 lu,
1496 1957 1542 2038 9).
1564 1960 1620 2022 Sic
1642 1959 1794 2022 diabolus

138 2053 216 2124 ejus
225 2054 344 2112 omnia
354 2057 517 2116 scandula
533 2052 664 2133 (Matth.
674 2071 749 2126 1111,
762 2055 829 2135 41),
841 2055 938 2126 idest,
994 2068 1055 2114 nos
1082 2054 1189 2116 tentat
1213 2057 1435 2132 promittendo
1465 2057 1561 2118 nobis
1592 2057 1729 2119 delicias
1762 2058 1796 2120 et

136 2163 208 2221 eos,
225 2149 281 2226 661
296 2149 423 2213 1661661
437 2151 657 2230 iniquitatem,
671 2155 706 2216 et
717 2155 936 2228 mittentem,
994 2151 1273 2228 pulchritudinem
1289 2154 1528 2233 hujusmundi,
1556 2155 1585 2216 si
1600 2154 1794 2217 inclinando

137 2250 367 2308 incamiuum
381 2251 473 2325 ipsis
488 2247 619 2328 (11161116.
634 2254 770 2325 x111‚42,
786 2250 852 2330 50).
868 2255 938 2314 Η66
994 2249 1035 2310 ad
1049 2249 1131 2312 vilia
1147 2266 1222 2312 eum
1240 2251 1471 2314 adoraveritis.
1487 2251 1661 2313 Diabolum
1676 2253 1794 2315 adorat

137 2345 205 2406 6611
218 2345 404 2422 injudicio,
428 2347 558 2424 quando
579 2349 729 2410 Christus
749 2349 857 2411 mittet
877 2367 940 2412 an-

137 2441 233 2518 gelos
246 2457 325 2504 6666
340 2444 372 2504 61
384 2444 433 2505 1111
447 2445 605 2522 colligent
617 2446 657 2508 de
672 2463 775 2522 reguo
787 2451 860 2525 ejus
873 2463 939 2510 om-

137 2539 196 2600 nia
217 2539 385 2613 scandala,
408 2541 504 2615 idest,
522 2544 697 2606 haereticos
720 2545 754 2607 61
775 2545 940 2607 schisma-

137 2638 235 2710 ticos,
256 2640 289 2701 et
303 2653 360 2702 eos
382 2639 438 2718 661
457 2640 584 2702 1661661
600 2642 821 2720 iniquitatem,
840 2642 935 2715 idest,

140 2751 257 2798 omnes
276 2738 394 2810 malos,
418 2739 452 2801 et
477 2740 608 2801 mittent
630 2755 687 2802 eos
710 2741 746 2802 in
770 2741 937 2803 caminum

137 2833 241 2910 ignis,
258 2833 356 2907 idest,
373 2835 408 2896 in
424 2835 601 2898 infernum.

178 2935 225 2992 De
233 2932 938 3012 166116116116616116666611616666661161

136 3029 234 3090 intra
249 3043 310 3091 vos
325 3028 482 3110 6611166.
496 3049 578 3101 xum,
589 3031 655 3111 21),
667 3032 762 3105 idest,
777 3034 812 3094 16
825 3034 936 3096 anima

137 3127 249 3188 vestra
271 3128 390 3204 regnat
403 3131 500 3190 Deus.
522 3132 569 3191 De
591 3134 709 3208 quarto
730 3131 766 3192 iu
784 3134 938 3209 Evange-

136 3223 184 3286 lio
201 3247 209 3285 2
234 3225 425 3299 Auferetur
438 3240 461 3288 a
477 3229 571 3290 eoois
585 3243 732 3306 regnum
746 3233 821 3302 Det,
838 3229 934 3303 idest,

139 3324 243 3384 Sacra
259 3323 440 3400 Scriptura,
458 3325 585 3387 etdeto
596 3329 676 3387 iliud
685 3327 780 3403 penti
793 3329 936 3401 facienti

136 3421 274 3494 [matus
300 3424 376 3496 ejus
405 3419 536 3500 (116116.
562 3438 632 3495 ιιι,
663 3422 728 3502 43).
756 3427 826 3486 Hoc
852 3425 937 3487 dixit

137 3514 299 3576 Dominus
322 3515 459 3578 iudaeis.
482 3516 588 3578 Aliter
609 3533 784 3594 possumus
803 3517 934 3580 dicere:

136 3619 256 3678 Simile
267 3617 320 3678 est
329 3632 478 3694 reanum
488 3623 651 3680 coelorum
663 3621 780 3681 decem
793 3621 937 3696 uirgini-

137 3718 209 3776 166.
231 3714 446 3792 Quadruplex
460 3715 510 3777 661
524 3731 662 3792 regnum
683 3732 691 3772 :
709 3717 851 3793 primum
870 3733 935 3778 ex-

137 3810 255 3884 terius,
266 3810 608 3886 secunduminterius,
618 3813 755 3875 tertium
767 3814 933 3891 superius,

137 3909 292 3985 quartum
307 3909 459 3972 interius.
482 3912 642 3982 Primum,
664 3913 714 3972 est
729 3912 849 3974 Sancta
869 3913 935 3972 Ec-

137 4007 257 4083 clesia;
285 4007 482 4082 secundum,
511 4007 593 4070 fides
624 4009 755 4084 nostra3
783 4009 933 4082 tertium,
967 4019 970 4024 ’

137 4104 283 4167 coelestis
302 4107 428 4182 patria3
445 4109 609 4184 66661666,
627 4105 742 4167 mundi
756 4108 935 4186 concupis-

136 4201 310 4280 piscentia.
327 4205 373 4264 De
395 4204 502 4280 primo
518 4204 597 4266 dicit
612 4204 716 4266 David
733 4221 741 4259 ι
768 4206 936 4270 Quoniam

136 4302 276 4362 11616161
296 4301 348 4362 est
370 4316 529 4376 regnum,
550 4302 585 4362 et
611 4305 684 4377 ipse
703 4304 937 4365 dominabitur

133 4399 289 4474 pestium
304 4396 373 4478 (Ps.
386 4401 436 4471 21,
450 4398 516 4478 29).
535 4401 685 4475 Regnum
701 4398 853 4475 intellige
867 4403 934 4461 Eo-

135 4495 273 4556 clesiam
303 4495 343 4556 de
367 4496 519 4572 gentibus
548 4487 779 4568 constitutam,
807 4497 843 4557 in
870 4513 934 4574 qua

133 4591 234 4654 hodie
248 4607 308 4670 per
322 4594 464 4668 gratiam
477 4595 636 4657 Dominus
649 4595 778 4670 regnat,
788 4595 822 4656 et
833 4594 866 4656 ei
880 4595 935 4655 do·

133 4691 291 4753 minatur.
309 4693 355 4752 De
368 4691 514 4754 secundo
529 4691 577 4754 ait
590 4693 751 4754 Dominus
763 4692 799 4753 in
819 4693 933 4754 Evan-

133 4788 243 4864 gelio:
259 4793 376 4851 Porro
388 4791 421 4850 st
435 4793 472 4850 in
486 4791 594 4866 dipito
606 4793 670 4852 Det
685 4793 784 4862 ejicio
800 4793 933 4852 daneo-

994 2347 1050 2424 qui
1065 2349 1200 2424 peccata
1222 2349 1401 2426 perpetrat.
1422 2351 1492 2411 Hoc
1516 2350 1619 2426 igitur
1639 2365 1791 2426 regnum,

994 2443 1089 2515 idest,
1117 2444 1233 2506 mundi
1262 2447 1543 2522 concupiscentia,
1576 2447 1733 2525 quamdiu
1759 2447 1794 2510 in

992 2540 1087 2603 vobis
1111 2541 1171 2604 est.
1188 2545 1276 2604 Deus
1300 2559 1319 2604 6
1341 2542 1434 2604 vobis
1458 2543 1566 2605 videri
1585 2560 1651 2605 non
1674 2545 1792 2623 potest.

993 2638 1087 2700 Unde
1102 2639 1207 2700 lsaias
1226 2643 1329 2702 Deum
1345 2640 1458 2702 videre
1473 2655 1539 2702 uon
1558 2641 1675 2718 potuit,
1698 2641 1801 2722 66166

993 2751 1092 2812 quam
1115 2753 1178 2800 rex
1198 2739 1294 2799 Ozias
1313 2739 1464 2798 mortuus
1490 2739 1588 2800 esset.
1613 2739 1653 2801 nt
1672 2739 1794 2801 iterum

993 2834 1098 2894 isaias
1113 2855 1120 2894 :
1136 2839 1179 2896 16
1202 2850 1306 2908 anno,
1329 2835 1448 2913 166611,
1472 2851 1538 2910 quo
1559 2837 1720 2898 mortuus
1741 2837 1795 2898 eet

991 2946 1060 2992 rec
1088 2933 1298 3001 0616661111
1325 2936 1548 2994 Dominum...
1575 2932 1638 3013 (Is.
1666 2949 1711 3007 66,
1743 2931 1791 3013 1).

992 3029 1087 3090 Ozias
1102 3029 1341 3107 iuterpretatur
1355 3046 1493 3107 regnum
1506 3031 1646 3108 peccati.
1667 3031 1794 3093 Moria-

991 3127 1045 3188 tur
1068 3143 1148 3204 ergo
1172 3128 1206 3188 in
1234 3127 1330 3189 vohis
1362 3143 1501 3205 regnum
1525 3129 1663 3208 peccati,
1692 3128 1790 3201 idest,

991 3224 1106 3286 mundi
1141 3226 1427 3302 concupiscentia,
1464 3227 1497 3288 et
1523 3226 1602 3288 tuno
1636 3226 1792 3288 videbitis

991 3325 1095 3384 Deum
1109 3322 1291 3397 sedentem,
1305 3323 1402 3396 idest,
1417 3325 1642 3402 quiescentem
1661 3325 1697 3384 in
1712 3339 1794 3401 ope-

991 3419 1083 3481 ribus
1106 3422 1238 3482 6661616.
1264 3423 1334 3484 Η66
1356 3421 1456 3483 etiam
1471 3437 1610 3497 regnum
1632 3421 1791 3482 coelorum

991 3518 1138 3580 militans
1154 3518 1302 3580 Ecclesia
1317 3517 1516 3596 appellatur,
1536 3518 1577 3578 de
1590 3533 1657 3595 666
1673 3519 1791 3579 Domi-

991 3632 1054 3676 nus
1069 3631 1129 3692 per
1143 3616 1280 3692 angelos
1292 3631 1371 3677 suos
1384 3615 1541 3676 seandala
1557 3615 1701 3691 colliget,
1716 3631 1790 3676 cum

991 3713 1026 3773 in
1051 3712 1163 3775 tuturo
1182 3712 1322 3791 judicio,
1349 3711 1454 3774 bonos
1484 3728 1503 3773 6
1529 3711 1627 3793 malis
1650 3713 1708 3791 661
1734 3728 1792 3774 eos

992 3809 1303 3883 scandalizaverint,
1328 3809 1464 3883 (1161161,
1489 3810 1522 3873 et
1548 3811 1653 3873 malos
1675 3811 1712 3871 iu
1739 3810 1794 3872 iu-

991 3907 1120 3970 sernum
1135 3907 1298 3971 detrudet.
1316 3909 1409 3970 Unde
1419 3909 1454 3970 16
1465 3910 1640 3985 evangelio
1656 3909 1793 3971 :Mtttct

990 4009 1100 4068 Filius
1117 4011 1267 4070 hominis
1278 4013 1418 4084 angelos
1431 4021 1549 4068 suos...
1568 4006 1700 4086 (matth.
1715 4021 1791 4076 xnr,

990 4103 1055 4183 41).
1073 4106 1153 4167 Item
1169 4105 1202 4167 et
1215 4105 1250 4167 16
1265 4104 1331 4167 6116
1345 4105 1518 4181 evangelio
1533 4126 1541 4165 ε
1556 4105 1792 4166 cumvenerit

989 4206 1099 4264 itlius
1114 4207 1263 4266 hominis
1279 4206 1316 4265 16
1330 4202 1514 4275 maiestate
1526 4217 1603 4274 6116,
1620 4202 1654 4264 et
1672 4216 1792 4262 omnes

989 4303 1191 4374 6666116166
1203 4314 1281 4362 cum
1296 4313 1373 4361 eo...
1390 4297 1522 4378 (Metili.
1537 4313 1616 4370 xxv,
1633 4296 1699 4376 31).

1029 4396 1134 4457 Filius
1158 4395 1315 4467 hominis,
1339 4395 1428 4457 idest
1450 4395 1556 4456 Filius
1576 4394 1738 4471 Virginis,
1753 4393 1790 4455 in

991 4510 1052 4555 sua
1067 4495 1253 4572 majestate,
1268 4493 1355 4556 idest
1365 4494 1399 4555 in
1415 4493 1561 4570 potentia
1576 4509 1646 4554 suae
1668 4491 1794 4555 divini-

989 4592 1104 4654 tatis...
1120 4591 1295 4670 Separabit
1307 4589 1411 4654 malos
1423 4606 1443 4653 a
1457 4590 1565 4664 honis,
1580 4590 1666 4652 sicut
1677 4591 1794 4669 pastor

990 4693 1144 4767 segregat
1157 4706 1236 4752 oves
1260 4689 1302 4751 all
1325 4689 1443 4762 hoedis,
1470 4689 1502 4751 61
1517 4689 1639 4752 6161661
1657 4689 1790 4766 quidem

990 4803 1068 4849 ores
1092 4803 1112 4849 a
1139 4788 1278 4860 dextris,
1306 4787 1422 4849 hoedos
1449 4789 1559 4848 autem
1585 4803 1608 4848 a
1631 4787 1787 4848 sinistris.

133 4889 206 4958 616,
227 4887 380 4962 profecto
393 4889 554 4962 pervenit
573 4891 611 4948 io
625 4901 686 4948 nos
700 4902 849 4963 repnum
870 4891 935 4949 Dei
989 4888 1067 4946 Haec
1083 4886 1232 4948 Ecclesia
1246 4885 1396 4946 militans
1407 4884 1570 4947 honorum
1586 4884 1791 4947 etmalorum

135 4983 231 5061 (Luc.
245 4999 293 5056 ιι,
309 4982 374 5064 211).
385 4986 450 5045 Ρ66
461 4984 602 5061 digitum
613 4985 762 5060 intellige
774 4985 934 5062 Spiritum
990 4983 1162 5044 continens
1187 4983 1440 5044 uniuersitatem
1458 4981 1573 5042 decem
1587 4980 1788 5056 virginibus,

135 5082 305 5153 Sanctum,
322 5082 418 5160 66661
434 5081 541 5144 dicat:
560 5083 596 5143 Si
609 5082 644 5142 16
671 5082 796 5159 Spiritu
812 5083 934 5144 Sancto
990 5095 1129 5158 quarum
1144 5079 1289 5157 6616666
1300 5080 1378 5140 6661
1389 5078 1579 5156 prudentes,
1595 5077 1628 5138 et
1641 5077 1787 5155 6616666

134 5179 235 5255 611616
250 5177 426 5252 damonia,
443 5179 499 5258 661
511 5179 628 5241 tertius
644 5182 694 5243 est
708 5179 742 5241 in
758 5181 932 5253 Trinitale‚
989 5177 1101 5249 iatuae,
1126 5176 1246 5239 merito
1261 5177 1484 5253 comparatur,
1511 5177 1548 5237 ut
1566 5174 1725 5236 denarius
1748 5174 1790 5235 ad

135 5293 212 5338 cum
228 5277 328 5338 Pater
344 5277 389 5339 sit
409 5293 506 5349 unus,
523 5279 592 5354 Ego
611 5277 709 5351 alius,
734 5277 766 5340 et
791 5279 934 5355 Spiritus
990 5275 1241 5338 uniuersitatem
1262 5289 1389 5346 earum,
1417 5273 1473 5350 661
1498 5286 1636 5333 numero
1652 5275 1729 5333 sunt
1753 5271 1790 5333 in

135 5375 279 5436 Sanctus
303 5375 431 5448 tertius,
462 5373 610 5452 proiecto
637 5375 788 5452 pervenit
814 5375 849 5436 iu
874 5391 935 5438 vos
990 5373 1149 5446 Ecclesia,
1173 5372 1348 5452 quinarius
1366 5370 1553 5448 duplicatus
1577 5369 1619 5432 ad
1644 5371 1790 5448 quinque

132 5487 275 5548 regnum
308 5472 378 5544 Dei,
411 5472 506 5544 idest,
541 5471 623 5534 tides
655 5470 839 5545 Trinitatis,
876 5489 936 5550 per
991 5487 1109 5534 sensus
1123 5471 1272 5548 corporis
1293 5471 1360 5533 tam
1378 5467 1523 5530 ordinati
1544 5483 1642 5546 quam
1662 5467 1793 5530 inordi-

135 5569 698 5649 66666161161116666666111666.
714 5571 779 5632 Per
795 5569 934 5646 digitum
990 5572 1064 5634 nati
1088 5569 1296 5642 extendatur,
1324 5567 1358 5630 61
1375 5566 1524 5643 virgines
1547 5565 1725 5644 prudentes
1748 5567 1791 5630 ad

133 5668 225 5730 enim
250 5667 935 5747 116161666666666666116116611666616
990 5669 1125 5740 electos,
1144 5666 1243 5732 satuae
1263 5666 1304 5728 ad
1321 5665 1479 5745 reprobos
1495 5664 1694 5728 6616666166.
1719 5669 1790 5728 De-
