4200 6404
110 359 172 422 209
372 353 489 419 XVIII.
506 385 544 400 -
557 353 603 420 IN
624 354 878 420 Ninivinnsn
901 355 1049 418 siriani
1069 350 1246 438 ioannis
1267 345 1497 420 BAPTISTAE.
1697 361 1758 422 aio

108 519 158 582 tia
172 516 389 594 virginitatis,
417 515 561 580 secundo
579 533 640 596 pro
663 515 807 594 puritate
826 529 908 577 con-
960 514 1253 592 tempsitdelicias,
1275 517 1401 594 sprevit
1416 517 1543 596 epulas,
1565 519 1599 580 et
1617 517 1756 582 evitavit

108 614 333 688 versationis,
370 614 403 676 et
427 613 527 677 tertio
550 630 610 693 pro
626 613 767 678 veritate
781 628 908 674 annun·
961 611 1145 675 illecebras.
1169 613 1298 687 Castus,
1327 614 1469 688 sobrius,
1496 614 1670 692 benignus,
1691 631 1755 694 pa—

109 711 272 774 tiationis.
299 714 365 773 Pro
406 711 570 772 munditia
599 709 812 786 virginitatis,
829 707 907 786 quia
960 709 1047 772 tiens
1061 711 1095 773 ot
1112 711 1291 780 modestus,
1315 713 1371 788 qui
1390 713 1522 774 domurn
1540 731 1614 774 cum
1631 713 1756 775 divitiis

108 808 260 884 uirgines
283 807 411 884 angelis
434 809 512 894 sunt
529 805 666 881 similes,
681 806 774 868 'sicin
789 806 905 867 Domi·
961 807 1149 884 dereliquit,
1178 823 1324 870 eremum
1351 825 1430 870 vero
1462 827 1537 872 cum
1563 811 1756 888 paupertate

109 921 174 967 nus
198 905 280 966 dicit
303 905 338 966 in
357 904 562 982 Evangelio:
585 909 628 967 in
649 905 907 967 resurrectione
961 903 1125 982 quaesisit,
1142 907 1252 968 noluit
1266 907 1450 969 sacerdotio
1465 907 1558 984 sangi
1576 925 1635 986 pro
1649 910 1754 986 patre,

108 1017 220 1078 neque
245 1003 373 1064 nubent
391 1017 503 1077 neque
520 1003 703 1074 nubentur,
717 1005 778 1064 aad
803 1001 907 1063 crunt
961 1005 998 1064 nt
1011 993 1234 1066 sacerdotales
1254 1004 1287 1065 et
1304 1003 1429 1081 legales
1448 1006 1626 1082 proventus
1647 1006 1759 1084 perci·
1830 993 1831 998 ’
1887 985 1890 994 ’

106 1101 200 1161 stein
222 1102 335 1175 ancon
352 1101 416 1160 Det
430 1103 468 1160 in
486 1105 568 1162 coeio
585 1097 716 1179 (Matth.
735 1113 821 1171 xxii,
841 1095 905 1176 10).
962 1101 1064 1177 peret,
1081 1101 1237 1178 quoniam
1248 1103 1284 1164 ut
1299 1102 1586 1180 unumacoiperet,
1599 1103 1756 1166 universa

106 1200 249 1274 Semper
260 1197 311 1258 est
327 1195 416 1258 enim
429 1196 557 1272 angelis
570 1196 704 1273 cognita
715 1195 905 1272 virginitas.
962 1197 1098 1258 dimisit.

106 1311 125 1354 ιι
147 1295 235 1356 Nam
246 1294 282 1354 in
297 1307 408 1368 carne,
425 1295 461 1356 ut
475 1293 696 1372 Hieronymus
711 1293 769 1365 ait,
788 1293 908 1371 praeter
1003 1294 1168 1372 Scriptum
1180 1296 1231 1358 est
1243 1295 1418 1375 quippede
1429 1296 1499 1371 illo,
1513 1297 1599 1376 quod
1613 1296 1758 1360 habebat

107 1407 245 1454 carnem
259 1391 386 1464 vivere,
400 1389 497 1464 idest,
511 1392 643 1470 qnando
657 1392 755 1453 homo
771 1405 837 1451 non
851 1389 905 1450 ia·
961 1392 1194 1455 vestimentum
1207 1392 1247 1456 de
1262 1395 1340 1471 pilis
1355 1395 1570 1468 camelorum,
1586 1396 1619 1456 et
1639 1411 1756 1456 zonam

107 1489 154 1551 cit
169 1489 377 1552 voluntatem
397 1504 503 1561 suam,
532 1488 589 1550 sed
615 1488 818 1552 voluntatem
834 1487 906 1555 Dei,
962 1488 1135 1566 pelliceam
1163 1490 1254 1552 eirea
1277 1490 1406 1552 lumbos
1426 1507 1515 1552 suos.
1537 1495 1621 1553 Esca
1647 1496 1757 1553 autem

108 1602 176 1647 non
207 1586 390 1647 humanum
413 1586 474 1658 est,
489 1586 547 1648 sed
573 1585 802 1660 angelicum.»
827 1584 909 1655 Qui·
963 1588 1057 1648 erant
1071 1587 1208 1649 locustae
1219 1587 1252 1649 et
1267 1587 1330 1649 mei
1342 1588 1507 1649 silvestre.
1521 1591 1586 1650 Per
1596 1590 1756 1650 locustam

110 1698 255 1760 cumque
268 1683 342 1745 vult
360 1698 476 1745 veram
490 1682 688 1744 munditiam
707 1681 908 1758 virginitatis
963 1681 1119 1745 debemus
1147 1684 1335 1761 intelligere
1363 1685 1521 1762 gaudium
1553 1685 1759 1763 contempla-

111 1779 239 1842 hahere
253 1781 288 1840 in
308 1779 408 1842 conde
424 1795 496 1852 suo,
517 1779 659 1856 accipiat
672 1794 788 1840 zonam
808 1777 908 1855 pelli·
961 1780 1074 1842 tionis.
1091 1783 1157 1844 Pro
1183 1797 1222 1843 eo
1244 1782 1515 1859 quodmodlcnm
1541 1783 1631 1845 volat
1649 1785 1683 1846 et
1701 1784 1758 1845 dat

108 1893 205 1940 ceam
227 1879 269 1938 de
292 1877 413 1938 lumbis
441 1877 592 1949 ioannis,
617 1876 713 1938 tollat
740 1876 909 1950 cingulum
963 1875 1080 1940 breves
1095 1877 1210 1952 saltus,
1226 1879 1351 1941 idcirco
1366 1877 1758 1957 debemuscontemplare

108 1975 274 2037 castitatis
290 1973 616 2050 derenibusloseph,
627 1973 740 2035 teneat
754 1973 908 2050 populum
963 1974 1122 2037 coelestia.
1143 1977 1210 2038 Per
1227 1975 1293 2037 mel
1309 1977 1506 2052 intelligitur
1520 1977 1676 2053 gaudium
1695 1978 1759 2038 tri-

108 2072 281 2150 pudiciiiae
310 2071 351 2132 de
377 2071 462 2132 iacis
489 2074 662 2144 Susannae,
683 2070 778 2133 tollat
803 2070 908 2130 absti-
963 2071 1154 2134 bulationis.
1172 2072 1235 2135 Sed
1252 2073 1330 2151 quia
1350 2075 1609 2136 consentaneum
1628 2074 1679 2135 est
1695 2089 1759 2134 na-

108 2170 262 2232 nentiam
275 2169 384 2230 deora
397 2169 533 2246 Moysis,
543 2169 708 2247 jejnnium
723 2167 764 2229 de
778 2170 909 2244 mature
963 2171 1046 2231 turae
1066 2170 1211 2246 gandera
1235 2171 1397 2244 inbonis,
1423 2173 1584 2233 remotum
1604 2171 1714 2232 autern
1738 2187 1758 2232 a

103 2267 230 2339 Heliae,
258 2265 403 2328 esuriem
427 2266 467 2328 de
487 2266 617 2344 jejunio
639 2265 772 2338 Christi,
798 2265 832 2327 et
846 2266 911 2326 sta·
963 2267 1082 2329 natura
1094 2267 1240 2344 gaudere
1256 2267 1290 2329 in
1306 2267 1585 2340 tribulationibus,
1606 2267 1680 2329 ideo
1693 2267 1758 2330 mel

107 2366 209 2426 tuens
221 2364 365 2426 cultrum
379 2363 414 2424 in
435 2365 568 2440 gutture
581 2379 652 2436 suo,
670 2363 718 2425 sic
737 2362 910 2438 succingat
964 2364 1115 2426 silvestre
1134 2366 1273 2427 vocatur
1294 2366 1451 2442 gaudium
1473 2365 1507 2427 in
1530 2364 1756 2427 tribulatione.

107 2461 242 2523 lumbos
253 2477 343 2530 suos,
357 2463 394 2523 ut
408 2461 476 2522 sint
486 2459 589 2522 lumbi
602 2463 675 2538 ejus
689 2459 863 2536 praecincti
877 2462 910 2522 et
964 2460 1058 2524 Unde
1076 2460 1219 2524 Jacobus
1235 2464 1270 2523 in
1285 2463 1432 2539 Epistola
1447 2463 1608 2525 canonica
1623 2485 1631 2524 ι
1652 2465 1759 2525 Omne

107 2557 272 2620 esurienti
297 2558 418 2620 animae
448 2559 548 2619 etiam
577 2573 692 2619 amara
721 2557 832 2619 dulcia
857 2557 911 2618 vi·
962 2561 1128 2634 nandium
1142 2559 1354 2628 enisttmntc,
1372 2561 1515 2633 inatres,
1530 2573 1609 2620 cnm
1629 2562 1761 2620 incide-
1847 2625 1854 2642 ,

108 2657 264 2719 deantur.
277 2655 369 2717 Talis
381 2655 444 2717 init
459 2656 575 2716 beatus
586 2657 732 2718 ioannes
747 2653 907 2732 Baptista,
963 2656 1044 2717 ritis
1063 2657 1102 2718 tn
1116 2655 1372 2718 tribulationem
1388 2653 1472 2735 (Jac.
1488 2670 1512 2727 1,
1532 2654 1578 2734 2).
1595 2656 1635 2716 Et
1652 2659 1760 2732 Apos-

108 2755 168 2832 qui
198 2769 259 2831 pro
287 2753 449 2815 munditia
478 2769 547 2814 suae
562 2752 765 2828 virginitatis
788 2752 910 2814 meruit
963 2752 1049 2814 tolus
1066 2773 1074 2812 ε
1091 2755 1133 2814 in
1147 2751 1365 2814 innotatione
1373 2753 1562 2828 cameratas
1575 2749 1681 2824 (Rom.
1696 2763 1758 2820 xii,

109 2850 252 2926 angelus
264 2849 436 2926 appellari.
964 2850 1026 2928 12).
1043 2849 1082 2910 Bt
1098 2847 1180 2910 alibi
1197 2849 1396 2926 exprimitur
1408 2850 1585 2926 utrumqne
1599 2848 1758 2925 gaudium

154 2947 377 3024 Propnritate
390 2945 908 3025 conversationis,qniaioannes
962 2947 1030 3008 tarn
1056 2944 1212 3008 debonis
1232 2946 1390 3023 quamde
1410 2946 1518 3018 malis,
1535 2945 1591 3006 uhi
1615 2947 1758 3007 dicitnr:

108 3045 261 3121 Baptista
281 3043 390 3105 adhuc
412 3059 494 3121 puer
515 3043 686 3106 habitabat
708 3043 744 3105 in
765 3043 906 3114 deserto,
962 3047 1052 3106 Bsca
1072 3047 1218 3106 Jcannts
1232 3043 1333 3105 ararat
1346 3043 1485 3106 wenstan
1499 3045 1532 3106 et
1547 3049 1614 3106 met
1626 3041 1757 3123 (Matth.

109 3143 148 3204 nt
169 3141 388 3218 Evangelium
403 3142 555 3212 testatur,
571 3157 677 3219 usqne
699 3139 837 3202 indiam
853 3155 909 3202 os-
963 3157 1012 3214 ιιι,
1042 3139 1087 3220 4),
1113 3141 1208 3214 idest,
1227 3141 1386 3218 gaudium
1411 3139 1699 3218 contemplationis
1727 3141 1761 3203 et

106 3239 273 3302 tensionis
292 3254 361 3299 suae
389 3238 430 3300 ad
451 3239 564 3300 lsrael.
588 3238 678 3300 Beda
702 3237 793 3309 dicit,
819 3236 907 3314 quod
963 3239 1121 3315 gaudium
1138 3238 1372 3301 tribulationis.
1392 3239 1432 3300 Bt
1445 3239 1508 3300 hoc
1531 3239 1582 3300 est
1607 3239 1694 3315 qnod
1709 3239 1757 3300 ait

108 3336 286 3398 duodecim
298 3335 396 3396 annis
408 3331 560 3411 regnavit
573 3335 740 3412 Augustus
754 3335 828 3412 post
842 3350 907 3396 na·
963 3336 1139 3413 Apostolus
1152 3356 1159 3396 ι
1173 3339 1368 3398 Glorientur
1378 3351 1446 3398 non
1455 3339 1688 3410 soinmtnspc,
1699 3338 1761 3397 seat

107 3434 275 3496 tivitatem
287 3432 420 3504 Christi,
442 3433 476 3494 et
492 3431 645 3494 Tiberius
662 3432 815 3508 regnavit
835 3431 910 3509 post
963 3435 1070 3495 ettam
1083 3438 1121 3494 in
1133 3434 1410 3496 intentationibus
1423 3429 1530 3504 (Rom.
1547 3448 1578 3504 v,
1595 3434 1641 3504 2).
1658 3433 1697 3493 nt
1711 3433 1761 3492 is-

108 3533 307 3606 augustum.
329 3530 423 3592 Unde
445 3544 520 3590 cum
535 3543 623 3592 anno
645 3529 761 3606 quinto
780 3528 909 3591 decimo
963 3529 1020 3591 tud
1036 3529 1160 3607 duplex
1174 3529 1332 3606 gaudium
1344 3529 1528 3605 estduplex
1542 3528 1635 3589 cibus
1648 3530 1756 3591 ioan-

108 3628 245 3704 imperii
266 3627 390 3689 liherii
415 3626 602 3693 sitientum
616 3625 754 3688 verbum
777 3626 909 3688 Domini
964 3626 1027 3687 nis.
1061 3626 1154 3687 Unde
1182 3625 1358 3701 magnifice
1381 3625 1503 3686 meruit
1527 3641 1588 3701 pro
1614 3625 1759 3701 puritate

110 3740 214 3803 super
224 3727 397 3796 loannem,
408 3723 583 3785 sioutdicit
593 3725 699 3786 Lucas
709 3723 791 3802 (an
802 3739 852 3795 ιιι,
862 3721 907 3801 1),
964 3737 1034 3782 sues
1046 3721 1313 3784 conversationis
1328 3721 1465 3798 angelus
1478 3721 1653 3799 appellari.

110 3825 204 3901 patet
213 3821 299 3900 quod
310 3824 456 3885 ioannes
470 3821 607 3897 incoepit
620 3820 803 3896 praedicare
819 3820 910 3894 vige-
1006 3820 1072 3879 Pro
1083 3819 1224 3880 veritate
1238 3819 1512 3892 annuntiationis,
1529 3820 1607 3896 quin
1623 3820 1761 3897 angelus

111 3921 196 3981 simo
207 3919 324 3981 octavo
335 3933 421 3980 anno
433 3916 618 3991 nativitatis
631 3915 765 3989 Christi,
781 3916 835 3977 vel
849 3917 911 3977 cir·
964 3915 1201 3992 interpretatur
1213 3916 1366 3978 nuncius
1387 3917 1426 3978 Bt
1448 3921 1594 3980 loannes
1613 3917 1761 3995 Baptista

110 4019 205 4090 citer,
217 4017 251 4079 et
261 4017 342 4078 tuno
356 4014 593 4078 ostendebatur
602 4014 644 4075 ad
660 4013 777 4075 Israel.
793 4015 910 4086 Quam·
965 4014 1020 4090 qui
1036 4013 1202 4075 Christum
1228 4003 1350 4076 mundo
1374 4015 1596 4088 annuntiavit,
1620 4016 1760 4092 angelus

110 4115 162 4177 vis
191 4114 281 4176 enim
313 4113 406 4190 prius
434 4112 530 4174 multi
561 4110 602 4172 ad
638 4126 714 4172 cum
738 4111 911 4173 venissent
964 4111 1095 4173 Domini
1114 4111 1220 4173 dictus
1235 4112 1287 4173 est
1303 4113 1336 4174 et
1357 4112 1504 4174 nuntius.
1519 4113 1673 4188 Legimus
1692 4113 1761 4175 tres

110 4213 281 4289 tamquam
308 4210 349 4271 ad
375 4210 484 4272 virum
506 4210 668 4280 sanctum,
693 4211 805 4270 tamen
830 4210 910 4271 tunc
964 4209 1104 4271 nuncios
1118 4209 1329 4286 praecessisse
1342 4213 1419 4270 ante
1434 4209 1611 4271 Christum.
1628 4211 1761 4272 Primus

111 4309 250 4386 incoepit
263 4306 436 4369 manifeste
448 4305 641 4384 praedicare.
657 4305 779 4367 Dehac
799 4307 911 4368 osten·
964 4307 1108 4367 nuncius
1143 4305 1345 4382 praeparavit
1383 4304 1472 4367 viam
1502 4305 1760 4379 incarnationis,

112 4408 208 4469 sione
222 4406 304 4466 dicit
320 4407 446 4466 Lucas:
462 4404 544 4464 Fuit
557 4406 710 4464 loannes
724 4406 760 4463 in
774 4403 910 4464 deserto
964 4403 1130 4464 secundus
1163 4402 1253 4463 viam
1286 4401 1487 4475 nativitatis,
1523 4403 1640 4464 tertius
1673 4403 1762 4464 viam

111 4517 221 4578 usqne
246 4504 291 4562 ad
309 4504 400 4562 diem
423 4500 628 4562 ostensionis
645 4513 719 4560 saoce
735 4501 780 4560 cd
798 4502 912 4560 Israel
965 4499 1223 4578 praedicationis.
1249 4501 1314 4560 Per
1336 4500 1477 4576 primam
1498 4499 1587 4562 viam
1609 4503 1699 4563 venit
1720 4503 1762 4562 ad

112 4599 208 4679 (Luc.
224 4613 249 4666 1,
269 4595 334 4675 80).
360 4595 543 4672 Trigesimo
563 4610 651 4656 anno
674 4594 798 4657 Christi
817 4594 911 4656 venit
964 4596 1123 4674 templum
1145 4596 1312 4672 salutare3
1328 4611 1388 4674 per
1409 4597 1587 4659 secundam
1609 4598 1702 4660 venit
1720 4599 1762 4660 ad

112 4697 185 4774 ipse
204 4696 247 4757 ad
265 4698 439 4766 ioannem,
462 4694 495 4754 et
514 4692 699 4770 baptizatus
724 4693 774 4754 est
797 4691 908 4753 abeo.
965 4694 1124 4772 templum
1153 4694 1326 4757 materiale
1343 4716 1350 4770 ;
1367 4711 1428 4771 per
1449 4693 1581 4757 tertiam
1607 4697 1699 4759 venit
1721 4695 1763 4758 ad

113 4791 274 4871 Sequenti
288 4789 417 4853 Pascha
432 4792 548 4868 captus
567 4789 787 4863 estioannes,
811 4789 913 4852 etre·
965 4790 1126 4869 templum
1149 4792 1333 4869 spirituale.
1361 4791 1508 4854 Primum
1533 4793 1690 4871 templum
1714 4797 1766 4857 est

111 4890 228 4953 voluto
253 4903 341 4950 anno
356 4887 539 4949 decollatus
553 4887 615 4949 est.
632 4886 726 4949 Unde
740 4888 848 4964 potest
869 4901 911 4948 ex
966 4904 1043 4951 caro
1060 4889 1184 4950 Christi
1199 4889 1240 4950 ad
1258 4890 1344 4966 quod
1366 4889 1616 4952 venitVerhum
1641 4891 1763 4952 Patris.

110 4989 177 5049 hoc
191 4985 316 5063 colligi,
330 4985 417 5063 quod
435 4985 528 5047 tanto
550 4984 698 5061 tempore
716 4983 912 5061 praedicavit
965 4985 1026 5046 Vel
1050 4984 1132 5046 illud
1154 4985 1312 5062 templum
1333 4987 1384 5047 ost
1407 4985 1522 5047 uterus
1542 4986 1703 5063 Virginis,
1727 4988 1762 5049 in

110 5089 272 5157 ioannes,
290 5083 414 5160 quanto
431 5081 626 5158 praedicavit
639 5080 801 5154 Christus,
818 5080 912 5142 scili·
965 5098 1030 5160 quo
1052 5096 1187 5143 carnem
1202 5082 1331 5159 accepit
1349 5081 1456 5143 Filius
1478 5082 1537 5145 Dei
1557 5084 1678 5146 Patris.
1704 5087 1765 5148 Se-

110 5183 177 5256 cet,
192 5180 320 5244 duobus
335 5180 434 5241 annis
449 5179 483 5241 et
496 5177 646 5251 dimidio,
662 5177 715 5241 vel
727 5179 834 5256 quasi.
848 5177 910 5250 Qui
966 5178 1109 5241 eundum
1123 5178 1283 5255 templum
1304 5179 1355 5240 est
1369 5179 1409 5241 de
1430 5178 1595 5257 lapidibus
1610 5173 1765 5244 materia-

111 5295 195 5358 ergo
218 5279 411 5355 segregatus
430 5275 472 5337 ab
493 5274 685 5337 hominihus
708 5276 803 5349 vixit,
824 5276 912 5338 inter
966 5276 1065 5338 libus.
1081 5275 1229 5338 Tertium
1246 5275 1297 5336 est
1311 5277 1524 5352 congregatio
1539 5276 1697 5340 fidelium.
1714 5281 1763 5342 Ad

112 5377 252 5454 angelos
260 5374 549 5438 conversationem
559 5371 699 5434 Domino
715 5373 910 5450 conjunctus
964 5375 1029 5437 hoc
1040 5373 1209 5451 templum,
1219 5373 1306 5450 quod
1319 5372 1371 5435 est
1384 5372 1544 5445 Ecclesia,
1555 5375 1648 5436 venit
1665 5379 1763 5440 Jesns

113 5474 241 5537 hahuit.
259 5472 322 5545 Qui
340 5471 429 5533 enim
443 5472 558 5533 sancte
572 5469 606 5533 et
626 5469 782 5545 religiose
796 5469 912 5532 ιιιιιιιι
965 5488 1025 5550 per
1039 5471 1309 5549 praedicationem
1323 5470 1474 5534 ioannis.
1491 5473 1565 5548 lpse
1576 5471 1665 5534 enim
1678 5477 1765 5538 tam-

112 5575 150 5636 in
165 5569 376 5642 hosmundo,
390 5568 508 5631 merito
522 5561 635 5645 a'ngeli
650 5581 725 5629 esse
743 5565 909 5629 dicuntur.
966 5584 1064 5647 qnam
1080 5569 1206 5631 amicus
1221 5569 1335 5646 sponsi
1347 5566 1543 5643 introduxit,
1560 5568 1697 5644 scilicet,
1720 5574 1762 5636 ad

112 5658 205 5735 Talis
220 5667 285 5732 init
298 5669 413 5731 beatus
432 5669 578 5732 ioannes
590 5665 749 5745 Baptista,
767 5664 822 5745 qui
838 5680 913 5746 con·
968 5667 1149 5730 Ecclesiam
1172 5681 1265 5728 suam
1290 5681 1457 5744 sponsam,
1482 5683 1556 5745 quea
1574 5684 1653 5734 vere
1674 5671 1762 5735 tem·
