4162 6424
317 252 376 312 647

899 289 902 296 =
933 247 1108 316 HONORII
1130 251 1173 314 111
1196 248 1344 316 OPERA.
1929 253 1994 312 css

318 409 474 473 alteriue
489 409 664 474 Novavilla
679 411 712 471 et
726 409 909 473 redditibus
930 411 1008 473 aliis
1027 411 1117 473 assi·
1174 411 1353 472 tumaciter
1379 409 1612 481 resistendum,
1641 409 1725 472 falso
1747 424 1931 481 asserens,
1960 427 1997 472 se

318 509 427 584 gnatis
454 507 513 570 tibi
541 508 671 570 ratione
702 509 861 571 cantoriae
897 509 1063 586 praedictae
1098 525 1118 571 a
1172 522 1272 583 super
1288 507 1331 569 iis
1350 507 1435 569 velle
1451 507 1552 583 legati
1568 507 1718 584 predicti
1735 507 1914 585 subJ'ieere
1929 524 1997 568 vo-

317 605 413 668 bonae
442 607 612 667 memoriae
648 606 860 668 suessionen.
898 607 1053 685 episcopo
1086 607 1120 669 ei
1172 605 1303 675 lentati,
1328 607 1463 681 propter
1487 604 1573 681 quod
1594 603 1681 665 idem
1696 604 1828 680 legatus
1853 601 1927 680 ipsl
1960 609 1997 666 ut

319 703 503 764 verberabili
512 702 614 764 fratre
625 704 738 765 nostro
749 706 990 766 H.successore
999 703 1116 781 ipsius,
1173 701 1402 763 satisfacturus
1418 701 1517 778 juxta
1535 700 1676 761 formam
1690 701 1854 763 mandati
1877 706 1998 778 Apos-

320 801 405 862 sicut
424 817 462 860 ea
478 801 589 861 omnia
607 802 697 878 juste
712 801 873 878 possides,
890 803 923 862 et
938 801 1059 880 quiete,
1079 817 1118 863 ac
1172 798 1263 860 tolici
1278 813 1338 860 suo
1354 815 1390 858 se
1408 797 1599 874 conspectui
1619 799 1855 874 praesentaret,
1877 797 1997 875 injun-

319 899 354 958 in
366 891 784 976 dictorumepiscoporum,
801 901 833 962 et
844 899 981 977 capituli
999 898 1118 962 litteris
1172 896 1241 967 xit,
1271 895 1356 972 quod
1390 894 1500 956 faeere
1531 895 1663 972 penitus
1695 897 1896 970 recusarit:
1931 897 1994 955 sed

319 997 520 1068 continetur,·
543 997 740 1059 anctoritate
754 996 815 1059 tibi
836 997 1026 1074 Apostolica
1044 1013 1119 1058 con·
1173 993 1213 1053 ad
1228 993 1452 1054 damnationis
1468 1009 1536 1053 suae
1552 992 1719 1054 cumulum
1742 993 1843 1069 quasi
1869 993 1992 1054 clares

319 1093 490 1154 firmamus
518 1094 551 1155 et
585 1095 760 1171 praesentis
791 1094 907 1171 scripti
933 1093 1118 1172 patrocinio
1173 1089 1330 1151 Ecclesiae
1371 1089 1574 1166 vilipendat,
1618 1090 1992 1151 excommunicationis

319 1192 573 1252 communimus.
590 1190 682 1254 Nulli
702 1207 781 1268 ergo
797 1194 919 1254 nostrae
939 1191 1119 1268 protectio-
1173 1187 1371 1248 sententiam
1391 1185 1494 1247 multo
1513 1187 1662 1263 tempore
1675 1189 1746 1264 jam
1761 1187 1888 1264 elapso
1906 1203 1993 1248 con-

319 1291 371 1349 nis
382 1291 415 1350 et
424 1290 699 1361 confirmationis,
710 1290 772 1351 etc.
784 1289 819 1350 Si
830 1289 903 1367 quis
917 1290 1039 1363 autem,
1054 1290 1116 1350 etc.
1172 1284 1319 1361 tempsit3
1341 1283 1493 1360 laesitque
1512 1283 1547 1344 in
1573 1284 1702 1356 multis,
1728 1285 1818 1346 sicut
1841 1284 1990 1360 accepi-

319 1388 438 1449 Datum
473 1387 632 1450 Laterani
668 1387 784 1466 quinto
817 1387 978 1449 kalendas
1004 1387 1119 1449 martii

194 1497 196 1504 ·
319 1486 530 1561 pontificatus
546 1484 653 1547 nostri
666 1500 754 1547 anno
767 1485 922 1546 secunde.

622 1672 818 1760 CXLVIII

391 1827 444 1887 Ad
458 1827 754 1900 archiepiscopum
767 1826 1044 1901 cordunensem.

617 1955 651 2013 27
667 1954 722 2012 seb.
740 1955 819 2012 1218.

356 2071 474 2132 [Re-gast,
485 2071 530 2122 lih.
541 2071 573 2132 ll,
584 2069 670 2133 epist..
685 2070 740 2118 all.
752 2069 809 2119 hfss.
820 2068 856 2119 La
866 2067 983 2118 Portedu
994 2065 1088 2132 rhein]

407 2180 607 2254 Lugdunensis
620 2179 813 2237 archidiaconi
829 2177 1036 2251 depositionem

637 2268 810 2341 pronuntiat.

361 2387 541 2458 Honorius,
566 2387 643 2456 etc„
669 2383 854 2446 venerabili
874 2381 970 2446 fratri
990 2379 1122 2459 Lugdu·

324 2501 400 2546 nen.
418 2483 680 2560 archiepiscopo.

364 2583 457 2643 Sicut
474 2581 552 2652 tuae,
571 2596 610 2642 ac
634 2578 745 2641 dilecti
770 2577 829 2640 filii
846 2577 952 2640 nostri
975 2577 1011 2639 B.
1031 2575 1121 2639 tituli

324 2680 520 2742 Sanctorum
536 2676 699 2740 lobannis
716 2677 749 2738 et
769 2674 866 2737 Pauli
888 2675 1072 2752 presbyteri
1089 2674 1122 2734 et

321 2794 396 2838 ven.
419 2776 532 2837 fratris
559 2775 664 2836 nostri
687 2775 850 2835 Viennen.
878 2771 1122 2848 archiepiscopi

322 2876 442 2936 litterae
464 2871 656 2942 innuebant,
675 2872 805 2947 tempus
827 2869 1002 2931 advenisse
1025 2867 1122 2930 vide-

321 2975 388 3043 tur,
405 2969 578 3032 utsecuris
594 2967 635 3028 ad
648 2967 779 3028 radices
791 2967 873 3027 dous
887 2967 1023 3028 fatuae...
1040 2967 1123 3041 Lug-

323 3069 444 3130 dunen.
479 3065 636 3127 videlicet
663 3063 892 3126 archidiaconi
925 3065 1121 3140 apponatur,

322 3166 378 3245 qui
402 3163 628 3226 confusionem
652 3159 715 3222 sihi
733 3158 928 3236 jamdudum
949 3159 1122 3221 thesauri·

322 3262 410 3324 zarit
424 3261 457 3321 et
469 3261 565 3332 iram,
582 3257 695 3319 multis
708 3259 741 3319 et
752 3257 856 3318 variis
870 3255 1049 3317 horrendis
1062 3255 1124 3318 cri·

322 3358 466 3420 minibus
493 3355 677 3428 volutatus,
706 3355 741 3414 in
770 3354 889 3432 quibus
918 3353 1124 3430 consumpsit

322 3459 482 3519 hactenus
505 3454 577 3515 dies
597 3469 686 3525 suos,
703 3453 736 3513 et
751 3453 846 3529 quasi
859 3451 994 3513 omnino
1016 3450 1123 3512 divini

323 3555 468 3617 nominis
479 3567 626 3615 amorem
637 3550 807 3628 abjecerit,
820 3549 1024 3617 ettimorem,
1037 3547 1122 3626 quod

322 3657 357 3719 in
372 3654 484 3716 multIs
498 3652 750 3728 Redemptorem
764 3667 860 3711 suum
872 3649 1047 3710 offenderit
1057 3664 1123 3709 non

322 3751 515 3822 advertens,
527 3765 627 3826 quum
639 3764 743 3809 annos
763 3763 841 3808 suos
855 3747 889 3807 in
902 3745 1124 3832 amaritudine

322 3848 509 3924 recogitare
530 3844 676 3916 deberet,
705 3846 738 3905 et
764 3845 893 3920 tempus
916 3842 1124 3920 deperditum

324 3946 516 4022 deplorare,
533 3943 575 4004 ad
595 3957 669 4003 eam
692 3939 918 4017 insipientiam
940 3939 1125 4001 inebriatus

325 4042 438 4104 multis
450 4039 686 4102 ecclesiasticis
696 4036 878 4113 redditibus
889 4038 939 4098 est
951 4035 1123 4108 adductus,

327 4140 413 4220 quod
425 4139 462 4201 in
476 4139 553 4201 vitae
564 4140 635 4216 jam
649 4150 789 4213 vespera
804 4134 1013 4206 constitutus,
1035 4149 1074 4195 ac
1095 4133 1125 4194 si

324 4240 356 4302 ei
369 4255 435 4301 non
448 4237 613 4299 sufficeret
626 4233 857 4312 multipliciter
877 4248 897 4294 a
917 4232 1035 4295 semita
1054 4233 1123 4294 Do-

324 4337 408 4400 mini
423 4335 585 4407 deviasse,
607 4331 802 4411 participem
818 4345 855 4392 se
870 4329 1041 4392 constituit
1054 4327 1126 4390 bae-

325 4435 437 4496 reticae
457 4431 627 4502 traditatis,
652 4430 689 4490 ut
712 4427 914 4492 defensando
937 4427 1123 4498 haereticos,

326 4536 360 4593 et
376 4529 557 4592 catholicos
576 4525 818 4602 impugnando,
839 4525 993 4587 credatur
1014 4524 1127 4586 unita-

326 4630 391 4690 tem
409 4625 602 4688 orthodoxae
624 4623 702 4682 fidei
726 4620 899 4699 abjecisse.
918 4623 1006 4682 Sane
1025 4637 1125 4698 quum

326 4726 406 4788 olim
422 4739 441 4784 a
459 4725 494 4785 te
511 4718 730 4784 absolutionis
753 4718 951 4780 beneficium
972 4717 1048 4780 ficte
1071 4731 1127 4779 re-

325 4821 483 4904 quireret,
509 4818 595 4880 sicut
621 4815 776 4895 apparuit
799 4832 843 4877 ex
864 4814 1038 4893 postfacto,
1065 4830 1127 4876 nos

325 4918 471 4997 experiri
486 4917 635 4979 volentes
651 4929 692 4975 an
709 4912 818 4975 adhuc
839 4913 879 4974 de
901 4911 1047 4974 humano
1071 4913 1127 4973 in-

324 5018 459 5082 tellectu
480 5014 607 5092 aliquid
627 5011 798 5084 retlneret,
815 5010 888 5080 tibi,
909 5011 941 5073 et
961 5011 1124 5072 viennen.

326 5117 464 5196 praefato
501 5127 603 5190 super
637 5110 753 5174 eodem
786 5109 970 5172 direximus
1002 5109 1126 5186 scripta

326 5215 455 5288 nostra3
482 5211 539 5273 sed
554 5211 637 5288 ipse,
655 5209 740 5269 sicut
751 5209 819 5270 tam
832 5209 910 5279 tuae,
925 5223 1023 5284 quam
1038 5221 1127 5284 prae·

327 5313 406 5373 dicti
426 5306 670 5384 archiepiscopi
693 5305 821 5367 litterae·
840 5304 1063 5375 declararunt,
1090 5302 1128 5364 ut

327 5405 533 5470 satisfaceret
549 5405 647 5484 iuxta
671 5403 819 5463 mandati
843 5401 949 5464 nostri
973 5402 1127 5462 tenorem

327 5505 481 5577 monitus,
499 5503 728 5581 frequentare
752 5499 858 5572 vobis,
880 5497 1041 5578 oppositis
1052 5497 1128 5576 qui-

326 5601 465 5666 busdam
481 5599 609 5662 frivolis
625 5598 909 5670 excusationibus,
927 5595 1022 5658 duxit
1042 5611 1126 5658 con·

1172 1398 1264 1454 mus,
1301 1382 1555 1457 Lugdunensem
1589 1380 1765 1443 ecclesiam
1809 1382 1988 1444 veniendo

1173 1481 1288 1542 contra
1298 1481 1524 1556 juramentum
1546 1479 1727 1556 proprium,
1751 1479 1842 1557 quod
1862 1479 1902 1538 in
1919 1480 1992 1555 plu·

1172 1577 1265 1638 ribus
1284 1579 1335 1639 est
1355 1578 1596 1652 transgressus,
1614 1577 1653 1637 et
1676 1579 1892 1638 mercatores
1911 1577 1988 1637 Uti-

1173 1689 1245 1736 cen.
1269 1689 1375 1751 nuper
1402 1674 1436 1734 in
1461 1674 1564 1736 strata
1588 1673 1719 1750 publica
1741 1673 1926 1750 spoliavit,
1952 1690 1989 1734 ac

1174 1772 1319 1833 nondum
1339 1771 1527 1848 promoveri
1553 1771 1594 1831 ad
1616 1786 1730 1832 sacros
1752 1770 1903 1831 ordines
1930 1787 1990 1832 ro-

1173 1869 1246 1941 luit,
1261 1869 1327 1947 qui
1351 1870 1519 1946 tamquam
1544 1868 1771 1930 mercenarius
1802 1868 1989 1929 archidia-

1076 1977 1077 1980 ’
1174 1968 1328 2028 conatum
1341 1967 1489 2046 ejusdem
1504 1967 1655 2028 ecclesiae
1671 1966 1815 2041 triginta
1830 1965 1911 2027 fere
1927 1981 1989 2026 an-

1174 2065 1226 2125 uls
1241 2065 1365 2142 elapsis
1389 2065 1450 2124 sub
1476 2063 1704 2125 archidiaconi
1725 2063 1852 2124 umbra
1880 2064 1990 2124 tenrdi

1133 2177 1137 2253 5ss
1174 2164 1382 2239 occupatum.
1404 2159 1498 2224 Unde
1512 2161 1589 2238 quia
1603 2159 1803 2221 insanabilis
1819 2161 1879 2221 est
1900 2175 1988 2237 prae-
2044 2183 2045 2216 2

1175 2259 1325 2321 nunciati
1346 2257 1574 2321 archidiaconi
1590 2259 1699 2335 plaga,
1715 2259 1774 2335 qui
1799 2258 1910 2320 toties
1926 2259 1987 2319 de-

1175 2357 1272 2418 fluxit
1301 2356 1336 2417 in
1362 2355 1496 2429 vitium,
1523 2357 1556 2417 et
1586 2357 1754 2433 tamquam
1785 2357 1984 2433 jumentum

1175 2453 1376 2532 computruit
1393 2453 1429 2514 in
1453 2455 1599 2516 stercore
1618 2469 1679 2514 suo
1701 2469 1760 2530 per
1781 2455 1985 2530 voraginem

1175 2551 1416 2629 desperationis
1428 2551 1602 2628 absorptus
1615 2567 1715 2628 quum
1727 2550 1762 2610 in
1774 2550 1985 2628 profundum

1175 2649 1304 2711 venerit
1318 2652 1540 2726 peccatorum,
1566 2649 1599 2710 et
1622 2648 1701 2709 olim
1717 2649 1864 2724 propter
1884 2663 1985 2709 encr-

1176 2747 1242 2807 mia
1265 2745 1368 2807 multa
1390 2745 1570 2822 depositus,
1594 2746 1627 2807 et
1641 2746 1682 2807 de
1696 2761 1820 2820 magna
1846 2746 1986 2806 miseri-

1176 2843 1289 2906 cordia
1313 2843 1485 2905 restitutus
1501 2857 1559 2919 per
1581 2841 1838 2918 ingratitudinis
1864 2844 1983 2904 vitium

1174 2942 1276 3004 totius
1291 2940 1427 3002 offensae
1446 2939 1621 3016 praeteritae
1639 2954 1674 3000 se
1687 2939 1872 3002 constituit
1887 2941 1983 3005 dabi-

1176 3040 1292 3108 torem,
1311 3053 1364 3109 ne,
1383 3036 1412 3097 si
1428 3041 1500 3114 ejus
1521 3037 1613 3098 tanta
1628 3037 1777 3115 nequitia
1803 3039 1841 3099 et
1863 3039 1987 3099 notorii

1176 3135 1359 3197 tolerentur
1383 3150 1556 3205 excessus,
1589 3133 1721 3210 pariant
1745 3133 1852 3194 bonis
1881 3135 1987 3196 offen-

1177 3249 1247 3293 sam
1274 3230 1439 3303 scandali,
1479 3233 1512 3292 et
1539 3231 1638 3292 malis
1664 3231 1848 3292 materiam
1875 3232 1985 3293 delin-

1178 3329 1311 3407 quendi,
1336 3327 1538 3391 fraternitati
1563 3330 1640 3400 tuae,
1664 3327 1705 3389 de
1728 3344 1797 3404 qua
1826 3329 1987 3390 fiduciam
2044 3355 2045 3412 3

1177 3429 1323 3503 gerimus
1345 3426 1540 3503 pleniorem,
1566 3440 1625 3501 per
1643 3424 1840 3502 Apostolica
1863 3428 1987 3502 scripta

1177 3524 1383 3597 mandamus,
1410 3524 1572 3601 quatenus
1598 3522 1722 3585 addicti
1745 3523 1985 3585 archidiaconi

1178 3619 1417 3700 depositionem
1430 3621 1610 3697 procedere
1620 3637 1686 3681 non
1700 3621 1893 3696 postponas
1904 3625 1986 3697 ejus·

1178 3719 1262 3792 dem,
1287 3718 1328 3780 ab
1347 3718 1620 3781 archidiaconatu
1642 3717 1803 3794 praedicto
1828 3721 1866 3779 et
1890 3721 1986 3780 caete-

1177 3817 1226 3878 ris
1236 3814 1473 3877 ecclesiasticis
1486 3814 1655 3876 beneflciis
1666 3815 1890 3876 remorando.
1908 3819 1947 3876 Et
1960 3815 1984 3874 si

1178 3916 1250 3991 ejus
1261 3912 1468 3990 potentiavel
1478 3911 1605 3974 malitia
1616 3911 1753 3988 exsequi
1767 3911 1986 3989 libereapos

1178 4011 1314 4073 tolicum
1338 4010 1529 4071 mandatum
1551 4025 1617 4070 non
1641 4008 1779 4085 poteris,
1810 4024 1922 4086 super
1949 4009 1985 4070 iis

1178 4110 1246 4171 tarn
1265 4105 1431 4184 spirituali
1446 4123 1545 4185 quarn
1560 4106 1734 4183 temporali
1756 4105 1983 4173 districtione,

1179 4208 1293 4268 nostra
1312 4204 1417 4266 fretus
1438 4204 1635 4266 auctoritate
1652 4203 1826 4280 procedes
1860 4207 1986 4266 contra·

1179 4302 1337 4374 dictoreS,
1366 4302 1396 4363 si
1419 4301 1476 4379 qui
1502 4300 1626 4362 fuerint
1654 4300 1707 4361 vel
1731 4299 1898 4372 rebelles,
1932 4317 1985 4379 per

1180 4416 1354 4463 censuram
1369 4398 1629 4461 ecclesiasticam
1648 4396 1880 4476 appellatione
1895 4403 1983 4476 post-

1180 4499 1298 4575 posita,
1321 4495 1573 4577 compescendo.
1597 4496 1718 4557 Datum
1740 4495 1905 4556 Laterani
1923 4501 1985 4557 ter-

1179 4595 1226 4657 tio
1241 4593 1403 4656 kalendas
1422 4593 1545 4663 martii,
1557 4608 1645 4654 anno
1661 4592 1819 4654 secundo.

1503 4735 1657 4824 CXLIX

1199 4875 1251 4934 Ad
1264 4873 1466 4945 archicptsc.
1484 4873 1742 4939 Dubltncnsent,
1759 4869 1969 4944 apostolae

1454 4967 1726 5042 scarabeorum.

1469 5091 1503 5148 28
1518 5088 1587 5146 febr.
1607 5087 1686 5146 ills.

1337 5195 1465 5258 [Theman
1475 5197 1540 5246 tlon
1552 5193 1691 5252 Ilibernire,
1702 5193 1726 5251 b,
1736 5207 1762 5243 n.
1774 5194 1826 5258 ll.]

1181 5295 1329 5370 Significat
1337 5311 1368 5353 se
1376 5309 1493 5353 causam
1504 5295 1660 5352 electorum
1671 5289 1859 5350 Artfertensis
1871 5302 1901 5350 et
1913 5296 1982 5352 Lao-

1217 5385 1325 5442 niensis
1339 5383 1508 5458 quibusdam
1523 5381 1729 5440 commissariis
1753 5381 1981 5440 examinandam
2044 5395 2045 5428 l

1215 5473 1378 5532 tradidisse.

1221 5591 1387 5654 llonorius
1407 5591 1593 5669 episcopus,
1610 5587 1797 5650 venerabili
1812 5587 1913 5650 fratri
1929 5605 1987 5650 ar-
