4162 6424
67 301 137 357 ⁶29

30 449 35 458 '
68 457 184 518 Deum
204 453 263 537 (1).
288 455 448 528 Quocirca
463 451 656 514 discretioni
679 451 798 514 vestrae
819 463 880 526 per

30 551 34 640 '‚
68 554 270 630 Apostolica
286 551 408 628 scripta
424 549 631 620 mandamus,
649 548 812 626 quatenus
824 561 880 606 re-

30 701 31 704 ,
69 667 156 726 gem
184 652 291 728 ipsum
318 647 447 711 adhoc
477 646 640 708 moneatis
654 644 832 721 prudenter
846 646 879 704 et

30 749 34 830 {
70 748 261 809 efficaciter
286 745 462 807 inducatis.
489 743 633 816 Quodsi
662 757 729 804 nun
751 757 877 812 omnes,

30 831 32 856 ²
70 845 144 906 duo
168 847 327 916 vestrum,
344 847 407 904 etc.
424 842 543 904 Datum
562 839 729 910 Laterani,
744 841 789 900 lll
803 838 879 898 idus

69 940 175 1015 febr„
188 941 399 1019 pontificatus
415 939 522 1002 nostri
536 953 625 1000 anno
642 935 797 999 secundo.

115 1086 157 1145 In
184 1083 336 1145 eumdem
358 1082 491 1143 modum
513 1079 672 1158 scriptum
694 1078 745 1140 est
773 1077 879 1138 eidem

30 1249 32 1254 ,
69 1197 165 1256 regi.

397 1321 568 1408 CXXXV

30 1451 31 1454 Ἴ
105 1481 164 1540 Ad
178 1479 324 1550 eosdem,
341 1475 512 1549 0100100,
527 1472 663 1534 abbates
678 1473 855 1533 caracet-

370 1577 509 1644 leasem,
529 1572 592 1632 etc.

379 1701 410 1760 il
425 1702 494 1761 febr.
508 1702 586 1760 lais.

168 1820 303 1883 [Bouqust
312 1817 416 1870 Recueil
432 1817 476 1866 des
487 1817 590 1874 bisam.
601 1815 669 1874 xix,
686 1829 712 1879 p.
726 1812 774 1864 1113
785 1833 792 1872 ;

301 1900 400 1962 Regest.
413 1894 458 1947 lib.
470 1897 502 1954 ll,
515 1896 588 1961 epist.
597 1895 664 1956 9011]

74 2003 237 2062 Dissidlum
265 2002 389 2060 habente
416 2001 616 2062 Aurelianensi
646 2002 880 2073 episcopocum

113 2093 243 2166 quodam
262 2095 382 2161 Ioanne,
398 2091 598 2148 Aurelianensi
614 2089 713 2159 milite,
730 2089 809 2160 regis
832 2087 881 2143 110

112 2183 198 2239 mine
220 2181 299 2254 ligio,
320 2180 448 2254 episcopi
468 2193 586 2236 eausam
608 2178 670 2250 agit
684 2178 712 2236 ln
727 2173 783 2234 hac
802 2175 877 2248 epis·

113 2270 174 2331 tola
193 2269 335 2326 Honorius
346 2267 483 2325 adversus
497 2281 596 2340 regem
607 2281 671 2322 cum
684 2264 880 2322 moderamine

112 2365 216 2416 tamen
229 2365 257 2414 et
272 2357 393 2417 cautela.

118 2483 292 2546 Honorius
305 2483 516 2560 episcopus...
533 2481 661 2544 dilectis
672 2480 750 2542 liliis
766 2479 882 2541 Clare-

75 2581 239 2652 vallensi,
254 2579 514 2640 Morimondensi
527 2579 560 2640 et
573 2581 609 2639 B.
622 2579 739 2639 Mariae
754 2578 793 2638 de
804 2581 884 2638 Bur-

75 2679 237 2755 gomedio
263 2677 423 2749 Blesensi‚
449 2676 638 2748 abbatibus,
663 2673 883 2752 Lingonensis

75 2780 111 2839 et
126 2775 346 2837 carnotensis
358 2774 548 2844 dioecesum,
561 2774 622 2834 etc.

120 2872 280 2949 Suscepit
296 2885 376 2932 cura
390 2870 563 2945 regiminis
579 2883 639 2930 nos
659 2867 786 2929 anobis
801 2867 883 2927 adeo

74 2971 296 3048 peregrinari
305 2971 472 3045 compellit
482 2971 515 3031 et
523 2968 678 3030 distrahit
688 2969 727 3030 ad
738 2968 881 3037 diversa,

77 3070 116 3129 ut
141 3083 235 3145 saepe
258 3066 414 3128 membris
439 3067 702 3144 quiescentibus,
721 3066 883 3129 affectatae

79 3165 191 3244 quieti
211 3165 325 3226 noster
339 3179 455 3242 parum
470 3164 602 3226 animus
615 3164 818 3241 acquiescat,
829 3163 885 3224 in-

80 3264 197 3340 quieta
216 3261 311 3338 quasi
326 3260 549 3323 sollicitudine
562 3261 737 3336 rogitando
754 3277 826 3337 quae
842 3261 883 3321 ad

81 3358 339 3421 subventionem
360 3357 591 3428 ecclesiarum,
614 3373 729 3434 pacem
754 3357 883 3432 princi-

81 3475 163 3536 pum
187 3457 222 3518 et
244 3456 385 3517 salutem
406 3455 573 3530 pertinent
590 3455 797 3532 populorum.
822 3457 886 3514 Su-

82 3572 144 3632 per
174 3551 295 3630 quibus
324 3550 533 3612 carissimum
559 3551 594 3612 in
621 3550 751 3612 Christo
780 3549 885 3610 tilium

83 3653 239 3712 nostrum
253 3663 365 3723 regem
381 3649 584 3710 Francorum
606 3647 769 3709 illustrem
782 3647 886 3709 altec-

82 3751 182 3812 tuose
191 3763 359 3824 rogamus,
369 3746 499 3808 utinter
508 3745 592 3806 alias
604 3761 685 3822 quas
696 3745 888 3822 frequenter

84 3844 280 3908 celsitudini
290 3844 391 3920 regiae
403 3843 562 3906 mittimus
573 3843 711 3912 litteras,
720 3857 788 3914 eas,
802 3858 885 3920 quas

84 3941 276 4002 nuncvobis
288 3940 472 4016 dirigimus,
486 3940 677 4017 diligentius
688 3939 752 4002 sihi
765 3940 830 4016 legi
842 3940 887 4000 sa·

85 4041 155 4100 ciat
168 4039 202 4099 et
214 4038 347 4114 exponi,
365 4053 504 4114 quarum
523 4038 619 4100 10001
631 4037 759 4099 utinam
777 4037 887 4099 taliter

86 4136 257 4197 scribatur
267 4137 303 4196 in
314 4135 438 4196 scrinio
451 4136 562 4196 cordis
577 4136 640 4206 sui,
657 4137 692 4197 ut
705 4136 801 4197 famae
817 4151 885 4196 suae

86 4234 268 4294 consulens
296 4234 331 4322 et
348 4234 459 4305 saluti,
477 4233 548 4294 baec
573 4249 704 4309 semper
729 4233 886 4310 inopere

87 4331 254 4408 compleat
262 4349 335 4409 quae
344 4334 386 4395 ad
398 4331 529 4392 laudem
541 4331 885 4394 Deietexaltationem

83 4431 216 4504 regiam
238 4431 371 4494 suaderi
402 4430 465 4490 sibi
494 4431 633 4508 paterno
661 4429 886 4490 desideremus

84 4528 228 4590 01100101
243 4528 334 4589 Tecti
350 4527 439 4589 enim
455 4543 569 4588 sumus
584 4526 698 4590 dolore
710 4527 820 4588 cordis
833 4528 888 4588 in-

83 4626 262 4695 trinsecus,
285 4625 383 4702 quod,
411 4641 511 4702 quum
535 4640 640 4701 usque
664 4625 706 4686 ad
726 4625 886 4689 terminos

84 4721 178 4782 orbis
204 4721 302 4783 terrae
332 4722 542 4785 consueverit
572 4723 771 4800 praedicari,
798 4723 885 4800 quod

121 4907 164 4979 (l)
178 4907 237 4974 Qua
250 4907 359 4965 ratione
374 4908 523 4964 conciliata
541 4907 623 4966 luerit
633 4923 665 4966 ea
679 4909 884 4978 controversia,

83 4981 224 5038 discimus
238 4992 273 5034 ex
288 4977 414 5050 episcopi
429 4979 528 5035 litteris
564 4993 614 5034 uas
626 4980 886 5038 recitatllertenius

83 5061 154 5109 1001.
169 5052 180 5107 Ι
198 5049 312 5106 Collect.
332 5049 426 5120 Ampl.
440 5049 494 5105 col.
513 4993 599 5106 1an

122 5144 133 5171 ‹
148 5123 306 5186 llanasses,
317 5119 367 5176 Dei
380 5120 483 5192 gratia,
494 5119 708 5178 Aurelianensis
720 5121 883 5194 episcopus.

86 5215 96 5243 ι
119 5191 255 5319 plagibus
278 5197 434 5262 praesentes
454 5190 562 5246 litteras
582 5191 753 5264 inspecturis
764 5192 884 5250 salutem

86 5279 148 5319 «m
190 5275 298 5318 00000.

121 5357 132 5384 ι
155 5332 454 5390 Noverituniversitas
464 5337 558 5388 vestra
574 5330 651 5404 quod
664 5340 881 5390 0010100000-

87 5425 96 5451 ·
122 5420 202 5460 sores
220 5404 308 5460 nostri
327 5403 548 5462 Aurelianenses
569 5403 708 5530 episcopi,
723 5404 767 5459 vel
783 5404 821 5460 illi
836 5405 883 5476 qui

89 5495 98 5521 ι
121 5475 291 5531 nostrclocc
306 5481 399 5543 erunt,
415 5474 655 5530 excellentissimo
682 5475 884 5532 aminonestro

88 5565 98 5587 κ
122 5543 192 5600 Pbili
216 5560 252 5614 pc
270 5545 371 5603 illustri
393 5547 567 5602 Francorum
582 5545 655 5616 regi,
675 5545 718 5600 vel
732 5543 884 5617 eiuscertu

88 5633 99 5660 ‹
122 5559 265 5682 manXato,
282 5622 411 5673 tenemur
424 5615 551 5684 reddere,
566 5613 601 5674 ad
622 5631 759 5689 magnam
783 5617 845 5690 vini
857 5625 885 5675 et

705 287 932 350 EPISTOLAE.
957 287 1036 348 LIB.
1060 287 1101 346 11.

1668 289 1730 348 630

933 462 1074 524 regnum
1098 444 1249 506 Francius
1277 441 1473 506 defendebat
1500 458 1569 520 prae
1597 443 1728 506 caeteris

933 542 1048 604 mundi
1070 542 1183 617 regnis
1202 539 1463 602 eeclesiasticam
1476 539 1680 613 libertatem,
1696 543 1731 602 et

933 639 1093 701 ecclesias
1109 654 1148 700 ac
1163 637 1332 700 ministros
1346 653 1461 698 earum
1476 637 1511 696 in
1524 637 1593 698 suis
1608 637 1729 698 immu-

934 736 1093 798 nitatibus
1104 734 1311 806 confovebat,
1324 750 1390 796 non
1401 735 1508 796 solum
1521 733 1563 794 ad
1574 749 1650 794 suos
1664 750 1732 795 ma·

935 851 1013 894 num
1031 849 1099 895 suae
1117 832 1328 894 liberalitatis
1349 831 1543 904 extendens
1555 832 1613 893 sed
1628 832 1730 894 etiam
1766 895 1767 898 ,

934 932 975 992 ad
995 929 1161 1010 quoslibet
1172 929 1258 993 alios
1273 930 1331 1006 qui
1346 929 1611 1008 persecutionem
1622 930 1730 1005 patie-

933 1030 1054 1092 bantur
1063 1031 1199 1106 propter
1201 1027 1377 1106 justitiam,
1388 1042 1569 1102 eorumque
1583 1027 1730 1104 inopiam

934 1126 1113 1190 relevando
1140 1141 1275 1188 suarum
1294 1124 1497 1186 abundantia
1523 1123 1729 1200 facultatum,

934 1240 1033 1296 nnnc,
1059 1223 1203 1301 peccatis
1232 1221 1452 1298 exigentibus,
1478 1237 1520 1284 ue
1544 1221 1588 1282 sit
1612 1237 1730 1282 aurum

935 1338 1031 1384 suum
1043 1336 1241 1386 conversum
1259 1321 1450 1381 inaceriam
1466 1319 1499 1380 et
1510 1319 1655 1381 mutatus
1670 1335 1733 1396 op-

934 1419 1034 1481 timus
1053 1418 1146 1480 color
1169 1416 1252 1494 eius,
1283 1417 1401 1478 merito
1427 1416 1606 1488 dubitatur,
1630 1432 1731 1494 quum

934 1516 1062 1594 lapides
1091 1515 1273 1578 sanctuarii
1300 1514 1532 1591 dispergantur
1550 1513 1672 1575 ibidem
1696 1513 1731 1575 in

935 1615 1043 1692 capite
1074 1613 1222 1674 omnium
1257 1611 1453 1691 platearum,
1483 1611 1638 1673 sathanae
1668 1610 1733 1670 mi-

935 1710 1052 1772 nistris
1100 1711 1236 1787 impune
1281 1708 1549 1786 impugnantibus
1593 1723 1732 1786 sponsos

936 1809 1060 1870 sanctae
1079 1809 1140 1869 Dei
1162 1805 1318 1870 Ecclesiae
1338 1823 1377 1868 ac
1399 1805 1580 1868 ministros.
1601 1808 1651 1868 Ex
1670 1804 1733 1868 hoc

936 1922 1017 1968 sane
1041 1905 1202 1984 premitur
1229 1906 1261 1968 et
1290 1904 1443 1967 turbatur
1476 1904 1587 1965 anima
1619 1903 1733 1964 nostra

934 2001 1033 2064 valde
1042 2001 1142 2078 quod,
1153 2017 1253 2080 quum
1266 2003 1389 2078 praeter
1401 2015 1574 2062 commune
1586 1999 1732 2060 debitum

935 2112 1000 2176 quo
1015 2097 1128 2160 fideles
1148 2097 1317 2172 diligimus
1335 2097 1520 2167 universos,
1534 2094 1733 2157 excellentia

934 2195 1028 2270 regia
1050 2192 1094 2254 sit
1114 2194 1237 2254 nostris
1259 2192 1460 2254 inviscerata
1483 2191 1667 2254 visceribus
1691 2191 1733 2252 ab

935 2292 1071 2369 antiquo
1087 2291 1313 2354 inextricabili
1326 2290 1460 2352 vinculo
1476 2290 1638 2360 caritatis,
1654 2303 1734 2350 nos-

935 2390 1062 2464 traeque
1084 2387 1219 2450 deberet
1231 2387 1438 2462 benignitati.
1454 2386 1595 2458 deterre,
1612 2387 1679 2464 qui,
1701 2386 1734 2447 01

937 2485 1096 2562 quantum
1110 2500 1185 2546 cum
1200 2487 1268 2546 Deo
1283 2499 1457 2562 possumus
1473 2481 1662 2556 deferendo,
1679 2484 1734 2559 ip-

937 2597 1009 2642 sam
1023 2597 1154 2658 semper
1174 2581 1375 2642 intendimus
1388 2580 1553 2643 honorare
1566 2579 1732 2641 00001111-
1803 2613 1805 2616 -

938 2679 1048 2740 centia
1062 2677 1211 2755 speciali,
1228 2677 1317 2739 idem
1331 2693 1402 2748 rex,
1420 2678 1516 2755 quasi
1536 2678 1611 2754 plus
1624 2676 1733 2738 debito

938 2776 979 2836 de
993 2775 1107 2836 nostra
1122 2775 1299 2836 dilectione
1314 2773 1468 2846 confidat,
1488 2775 1543 2835 vel
1558 2774 1736 2850 pusillani-

939 2873 1046 2934 mitati
1059 2872 1226 2934 adscribat
1238 2873 1360 2933 nostrae
1375 2870 1735 2933 mansuetudinisleni-

938 2971 1038 3034 tatem
1050 2970 1086 3030 in
1101 2969 1207 3030 nostri
1221 2968 1471 3043 derogationem
1493 2968 1642 3037 honoris,
1659 2968 1732 3028 dis-

939 3067 1126 3128 simulando
1141 3065 1288 3129 creditur
1300 3065 1491 3142 permisisse
1504 3065 1618 3126 haecin
1630 3081 1734 3142 regno

939 3181 999 3226 suo
1014 3164 1138 3226 nostris
1148 3162 1351 3240 temporibus
1364 3163 1474 3223 minus
1490 3162 1735 3224 rationabiliter

939 3259 1736 3338 attentari,quaenonmeminimushactenustem·

940 3358 1077 3436 poribus
1091 3358 1233 3434 alicujus
1246 3355 1368 3417 ibidem
1383 3356 1487 3416 fuisse
1501 3359 1716 3434 praesumpta.

981 3455 1108 3516 Relatis
1122 3454 1272 3532 equidem
1288 3453 1384 3515 nobis
1397 3469 1503 3530 nuper
1514 3453 1648 3530 injuriis
1663 3469 1737 3529 gra·

940 3550 1036 3613 vibus
1056 3553 1089 3613 et
1112 3551 1279 3628 pressuris
1302 3565 1385 3627 quas
1398 3549 1645 3612 venerabilibus
1666 3550 1738 3612 ira-

940 3649 1048 3711 tribus
1074 3648 1199 3710 nostris
1233 3648 1416 3720 aniciensi,
1441 3647 1673 3710 suessionensi
1706 3649 1740 3710 et

940 3746 1156 3808 ambianensi
1171 3745 1346 3822 episcopis,
1371 3760 1409 3806 ac
1425 3760 1540 3806 eorum
1559 3745 1691 3806 clericis
1706 3747 1740 3808 et

941 3844 1093 3906 ecclesiis
1105 3845 1273 3920 irrogasse
1288 3843 1445 3905 dicuntur
1458 3842 1530 3915 tilii,
1550 3859 1616 3904 non
1631 3844 1739 3919 privi-

941 3943 1008 4016 gni,
1033 3941 1062 4002 si
1083 3943 1195 4002 tamma
1218 3940 1279 4001 filii
1296 3939 1416 4002 debent
1438 3940 1504 4002 dici
1524 3940 1591 4017 qui,
1617 3940 1740 4002 affectu

941 4039 1091 4116 deposito
1101 4037 1208 4106 liliati,
1221 4038 1374 4099 hostilem
1386 4039 1533 4099 animum
1548 4037 1737 4110 induerunt,

941 4135 999 4198 vix
1012 4136 1180 4212 respirare
1195 4135 1374 4212 potuimus,
1396 4151 1497 4210 quum
1512 4135 1657 4210 pulsavit
1676 4151 1738 4196 ve-

941 4232 1101 4296 nerabilis
1124 4231 1237 4292 fratris
1253 4230 1359 4292 nostri
1378 4231 1630 4292 Aurelianensis
1651 4232 1741 4308 epis-

942 4330 1016 4407 copi
1041 4328 1087 4408 (2)
1109 4329 1252 4406 gemitus
1272 4343 1371 4390 aures
1394 4329 1536 4400 nostras,
1561 4329 1617 4406 qui
1641 4329 1736 4390 nobis

941 4426 1020 4490 iecit
1045 4427 1222 4503 diligenter
1249 4426 1372 4503 exponi
1399 4426 1608 4503 tyrannidem
1637 4442 1736 4506 quam

941 4523 1110 4586 Jobannes
1134 4525 1229 4585 miles
1257 4523 1298 4584 de
1334 4523 1526 4584 Aurelianis
1560 4540 1635 4585 cum
1668 4525 1738 4584 suis

941 4621 1157 4698 complicibus
1178 4623 1213 4684 in
1228 4622 1337 4699 ipsum
1352 4623 1385 4682 et
1408 4622 1659 4682 commissarum
1674 4621 1740 4684 sibi

941 4719 1156 4782 ecclesia-rum
1172 4719 1382 4798 presbyteros
1395 4721 1429 4780 et
1448 4720 1617 4782 ministros
1637 4735 1740 4780 ausus

942 4923 954 5022 t
976 4899 1741 5045 tttltla{libltllbbbtttlfftllitati

942 5065 953 5092 ‹
975 5042 1156 5101 successores
1169 5045 1268 5112 00001,
1284 5046 1329 5100 vel
1346 5043 1384 5098 illi
1398 5043 1446 5114 qui
1467 5044 1529 5099 1000
1543 5043 1632 5100 nostri
1645 5051 1739 5111 erunt,

941 5135 953 5164 ι
975 5114 1011 5170 ab
1022 5116 1084 5187 ipso
1096 5115 1142 5172 vel
1152 5116 1214 5188 ejus
1227 5113 1361 5171 mandato
1374 5128 1461 5186 super
1475 5112 1530 5170 boc
1540 5111 1678 5170 fuerimus
1693 5129 1738 5170 re·

942 5205 953 5234 ι
975 5186 1086 5256 quisti,
1100 5186 1136 5242 ita
1148 5193 1244 5243 tamen
1254 5184 1339 5256 quod,
1351 5191 1482 5240 cessante
1495 5183 1612 5256 negotio
1623 5198 1674 5266 pro
1684 5199 1741 5256 quc

942 5275 953 5303 ι
975 5256 1076 5313 tradita
1092 5256 1185 5324 luerit,
1196 5257 1296 5314 turrim
1312 5253 1443 5312 eamdem
1456 5254 1610 5311 cumomni
1623 5261 1683 5310 mle
1706 5257 1742 5311 ri·

942 5345 952 5374 ι
976 5332 1032 5384 tate
1053 5343 1108 5400 qua
1126 5342 1191 5385 eam
1211 5327 1359 5398 receperit,
1378 5323 1461 5382 nobis
1478 5333 1508 5384 et
1525 5269 1742 5383 successoriXus

941 5416 952 5445 ι
975 5400 1090 5468 nostris,
1110 5399 1156 5456 vel
1174 5405 1271 5456 uestro
1295 5397 1339 5454 vel
1360 5411 1558 5454 successorum
1577 5405 1741 5454 nostrorum

940 5495 952 5526 ι
976 5467 1742 5552 mandatorestituat.ActumannogretioellCCXVlll,

941 5565 952 5593 ι
975 5557 1075 5602 mense
1090 5556 1181 5613 Junro.
1201 5561 1213 5592 i

974 5617 1016 5691 (1)
1032 5613 1182 5672 Manassis.
