4200 6404
131 323 203 386 309
487 327 618 388 xxvii.
634 351 676 372 ⁶-
689 325 733 387 ΙΝ
756 265 1100 390 ΙῖΕὸΤΙῖἸΤΑΤΙΒῐῖὸ
1121 279 1443 392 urosrotohttm.
1730 330 1792 398 aba

135 485 258 548 tontes
279 483 414 548 beatam
437 496 533 558 spera
557 485 592 546 et
611 485 798 547 adveutum
820 487 941 563 purte
996 488 1028 549 et
1055 485 1223 548 immobile
1255 485 1506 550 fundamentum
1531 488 1701 559 Ecclesiae,
1733 487 1790 567 qui

133 580 485 661 omentnmffltm,
505 580 568 661 13).
590 581 714 644 Civitas
729 581 942 646 istaJerusa·
995 583 1103 663 lnquit
1125 601 1133 641 :
1165 586 1293 648 Parati
1319 587 1466 647 reddere
1495 585 1670 649 rattouem
1695 591 1791 650 omui

135 679 207 742 lem
233 680 342 742 cincta
366 681 440 742 erat
466 681 592 758 triplici
612 695 782 743 murorum
802 679 938 743 ambitu.
990 687 1143 756 poscenti
1170 687 1212 745 de
1248 699 1290 746 ea
1312 697 1389 758 quea
1412 687 1449 744 tn
1472 687 1566 746 vobis
1592 687 1643 746 est
1667 687 1734 758 fide
1757 687 1792 748 θ1

138 779 237 842 Unde
256 777 380 854 legitur
397 778 433 839 in
456 777 541 841 libro
559 781 697 856 Regum,
726 779 811 856 qtlod
835 777 940 840 Holda
994 796 1055 855 spe
1075 778 1105 860 (Ι
1132 782 1220 842 Ρεῖι.
1246 793 1295 854 ιιι,
1325 780 1389 860 15).
1414 783 1534 844 Contra
1558 796 1690 844 murum
1719 782 1791 861 spei

139 875 353 956 prophetissa
368 891 455 938 uxor
470 877 594 937 Selium
610 875 826 938 habitabatin
840 878 941 938 Jeru·
996 878 1132 958 opponit
1146 877 1248 940 salsos
1264 878 1394 950 tratres,
1410 878 1619 942 dissuasores
1632 882 1665 944 et
1679 880 1794 942 adula-

18 985 20 988 ·
138 975 247 1038 salem
264 973 300 1034 in
319 971 476 1047 secunde,
499 975 586 1036 idest
601 973 637 1035 in
659 971 804 1036 secundo
828 988 942 1035 muro·
996 977 1096 1038 tores.
1112 977 1209 1039 Multi
1224 976 1312 1038 enim
1326 993 1368 1038 ex
1381 977 1448 1038 illis
1463 977 1595 1040 dicunt:
1616 980 1729 1052 «Quis
1742 995 1795 1041 os·

139 1087 218 1134 rum
233 1071 371 1145 ambitu,
387 1057 701 1150 dequa'sophonins
714 1071 822 1149 inquit
838 1093 845 1132 :
863 1073 942 1133 1111-
996 1069 1140 1136 «tendit
1167 1073 1264 1136 nobis
1288 1074 1374 1137 hona
1399 1075 1471 1150 illa,
1498 1091 1571 1154 quae
1590 1089 1652 1138 nec
1677 1073 1792 1138 oculus
1870 1091 1878 1104 ·

139 1173 233 1233 latua
253 1185 276 1231 e
294 1172 455 1232 secundo.
475 1171 564 1232 Bene
579 1169 661 1231 dicit
676 1170 827 1232 adortatus
840 1185 862 1230 a
880 1183 941 1230 se·
996 1187 1015 1232 c
1035 1171 1129 1243 vidit,
1145 1187 1206 1234 nec
1221 1161 1464 1246 auris‘audivit,
1490 1189 1552 1235 neo
1571 1173 1671 1236 etiam
1686 1173 1720 1234 in
1735 1189 1794 1236 cor

138 1270 266 1340 cundo,
287 1267 366 1344 quia
380 1267 503 1346 triplici
519 1283 614 1329 muro
628 1266 807 1330 roboratur
827 1267 941 1328 nostra
996 1283 1014 1327 c
1036 1261 1180 1330 hominis
1203 1268 1409 1330 ascenditsi
1431 1266 1461 1347 (Ι
1479 1271 1553 1330 Gor.
1579 1285 1615 1343 n,
1640 1265 1688 1348 9.)
1712 1272 1793 1346 Spes

138 1364 349 1428 Jerusalem:
376 1364 452 1438 lide,
481 1379 540 1442 spe
560 1365 595 1427 et
617 1364 791 1426 charitate.
820 1365 858 1426 In
884 1373 951 1441 spe¹
997 1377 1070 1442 quae
1092 1362 1255 1438 differtur,
1279 1365 1399 1442 aflligit
1417 1367 1573 1428 animam.
1599 1367 1682 1427 Ecce
1704 1366 1794 1427 ocull

140 1463 256 1524 autem
276 1463 327 1523 est
348 1461 500 1540 planctus
521 1463 555 1524 at
576 1461 733 1535 ululatus,
754 1461 833 1540 qula
857 1459 943 1523 siout
997 1459 1103 1526 nostri
1124 1461 1208 1524 nihil
1229 1463 1343 1525 rident
1368 1462 1408 1523 de
1434 1462 1487 1524 his
1513 1475 1585 1542 quae
1608 1479 1792 1541 speramus.
1911 1515 1917 1526 .

140 1560 226 1622 dicit
246 1560 423 1622 Salomon:
439 1562 524 1635 Spes
537 1575 615 1635 pute
634 1560 799 1636 dtffmtur
816 1557 943 1636 affltptt
998 1561 1062 1622 Sed
1077 1557 1112 1620 in
1126 1559 1190 1622 hoo
1202 1574 1298 1622 muro
1311 1560 1381 1623 tuta
1392 1561 1442 1623 est
1452 1560 1485 1622 et
1495 1560 1622 1622 munita
1633 1561 1791 1622 Ecclesia.

143 1662 303 1720 culmum
318 1655 431 1737 (Prot
447 1671 521 1730 ιιιιι,
539 1656 604 1738 12).
620 1658 664 1720 ut
684 1673 764 1734 ergo
783 1655 940 1730 diximus,
997 1655 1104 1720 Habet
1124 1659 1212 1720 enim
1237 1659 1431 1736 magistrum
1456 1659 1613 1720 custodiae
1638 1659 1793 1736 peritum,

143 1771 261 1818 murus
276 1755 404 1832 primus
418 1755 468 1816 est
481 1755 563 1816 ildes
575 1771 675 1832 quam
696 1769 828 1832 semper
841 1753 943 1816 debe-
996 1760 1158 1821 ioannem
1173 1757 1328 1819 videlicet
1342 1754 1435 1817 illum
1447 1757 1504 1835 qui
1517 1773 1591 1818 cum
1603 1757 1703 1834 sup'ra
1713 1773 1795 1833 pec-

139 1869 219 1914 mus
229 1852 407 1915 anteferre
420 1849 514 1915 Unde
523 1853 700 1930 apostolus
712 1869 720 1908 t
733 1855 776 1914 iu
786 1855 943 1914 omuibus
996 1857 1050 1918 tus
1067 1854 1198 1916 Domini
1214 1853 1248 1915 ln
1263 1868 1357 1916 onena
1377 1855 1539 1928 recubuit,
1559 1853 1599 1916 de
1619 1853 1691 1932 ipso
1707 1855 1796 1916 sonte

138 1949 373 2032 preferentes
385 1951 522 2012 scutum
536 1951 616 2024 fidet
631 1949 728 2030 (Eph.
744 1962 788 2023 ιι,
807 1948 870 2030 lo).
889 1953 944 2011 Se·
998 1953 1162 2015 Dominici
1178 1951 1321 2030 pectoris
1334 1951 1529 2030 profundius
1545 1967 1668 2014 arcana
1681 1952 1796 2013 divina

142 2048 464 2142 cundusaiumsest
477 2064 564 2127 spes.
578 2047 753 2110 Nouenim
767 2063 943 2126 possumus
997 2047 1134 2129 patavii,
1158 2049 1191 2112 et
1211 2049 1252 2111 de
1275 2049 1328 2112 his
1347 2063 1420 2127 quae
1436 2049 1581 2126 gustavit
1602 2047 1697 2111 nobis
1718 2064 1798 2126 pro-

136 2125 265 2238 ebech
269 2161 416 2224 sperare
429 2161 495 2208 ιιιει
506 2146 598 2224 prms
614 2145 779 2208 credimus
789 2137 848 2206 1lla
857 2161 941 2208 esse
998 2145 1121 2226 pinat
1111 2147 1287 2226 inquiens:
1311 2151 1433 2220 Ftttolt,
1458 2149 1610 2209 noudum
1633 2147 1798 2222 apperuit

143 2249 193 2307 De
212 2244 276 2306 hoc
298 2259 392 2306 muro
411 2244 520 2322 inquit
537 2243 743 2322 Apostolus.
766 2247 834 2317 Spe
856 2259 945 2320 pau-
998 2247 1086 2320 uuod
1110 2249 1253 2307 erimus.
1271 2247 1356 2308 Cum
1380 2243 1597 2321 apperuerit,
1612 2247 1743 2306 strutus
1765 2243 1798 2306 θῖ

141 2343 276 2405 dentem
292 2342 423 2404 Tertius
443 2357 559 2404 murus
573 2343 647 2420 post
663 2340 763 2403 istum
784 2342 835 2402 est
858 2341 943 2404 cha·
999 2347 1132 2405 erimus
1147 2342 1177 2422 (Ι
1191 2346 1287 2405 toan.
1305 2355 1356 2415 ιιι,
1370 2339 1415 2422 2).

143 2441 241 2502 ritas.
263 2442 345 2501 (lum
367 2440 456 2502 enim
476 2439 643 2502 credimus
666 2439 780 2517 eliqua
801 2453 886 2511 essa,
912 2439 945 2500 et
1039 2441 1160 2502 Contra
1175 2456 1306 2502 murum
1320 2439 1493 2502 charitatis
1508 2439 1701 2501 manifestos
1716 2452 1797 2515 per-

143 2553 319 2616 speramus
336 2553 397 2600 nos
412 2537 596 2611 habituros,
613 2537 792 2614 incipimus
810 2551 851 2598 ea
868 2533 946 2597 dili·
1000 2539 1169 2598 secutores
1198 2537 1352 2614 opponit,
1387 2538 1416 2596 si
1451 2535 1536 2598 rorte
1563 2551 1657 2614 aquae
1686 2535 1798 2597 multae

144 2653 239 2713 gere.
255 2637 294 2699 nt
306 2637 369 2698 iste
383 2651 498 2697 murus
520 2637 570 2698 est
582 2635 783 2697 eminentior
798 2634 832 2697 et
845 2633 946 2695 altior
1000 2635 1197 2710 extinguere
1230 2635 1365 2697 valeant
1399 2633 1608 2695 charitatem.
1638 2631 1732 2694 Unde
1763 2633 1799 2692 in

140 2735 298 2813 reliquis.
312 2735 407 2797 Unde
418 2735 595 2812 Apostolus
610 2751 618 2789 ι
635 2732 779 2795 «adhuc
789 2733 945 2794 eminen-
1001 2733 1128 2810 psalmo
1152 2753 1159 2792 :
1188 2735 1287 2808 sape
1308 2732 1599 2807 camoenaeeruut
1621 2743 1676 2792 me
1699 2731 1800 2802 ajat-

144 2849 167 2894 «
188 2834 307 2895 tiorem
330 2832 420 2894 viam
439 2829 533 2893 vobis
547 2831 748 2892 demonstro.
768 2829 804 2892 Si
822 2829 945 2906 linguis
1001 2831 1141 2892 oeutute
1154 2845 1232 2891 meu
1248 2828 1317 2910 (Ρε.
1336 2830 1404 2902 128,
1429 2827 1472 2907 1).
1494 2827 1558 2889 Sed
1581 2829 1613 2889 et
1627 2827 1689 2888 hoc
1704 2841 1800 2888 muro
1934 2897 1938 2906 ¹

146 2949 168 2990 «
189 2921 361 2992 hominum
379 2929 497 3007 loquar
513 2926 549 2991 et
569 2929 775 3005 angelorum,
799 2925 948 2990 charita·
1001 2927 1197 3004 magistrum
1213 2928 1372 2990 custodiae
1391 2925 1552 2990 habemus
1566 2923 1798 2990 exercitatum.

144 3043 168 3089 ι
187 3027 254 3094 tam
274 3026 385 3088 autem
400 3041 466 3088 non
480 3023 633 3098 habeam,
650 3023 756 3086 iactus
771 3021 948 3088 surnvclut
1001 3027 1111 3087 Fortis
1135 3023 1276 3088 bellator
1304 3025 1364 3098 est,
1395 3025 1428 3087 et
1453 3021 1603 3086 victoriae
1632 3021 1799 3085 multoties

147 3139 401 3196 «assonant,
441 3123 499 3185 aut
530 3119 708 3184 cimbalum
740 3121 947 3186 tinniens.»
1002 3122 1170 3200 expertus.
1188 3121 1309 3184 Saulus
1331 3122 1389 3184 ille
1407 3121 1464 3199 qui
1482 3122 1561 3183 olim
1582 3119 1646 3183 luit
1667 3121 1799 3198 spirans
1882 3159 1892 3174 .

149 3221 180 3300 (1
195 3225 269 3283 Cor.
293 3236 354 3294 ιιιι,
379 3217 446 3300 el.)
466 3221 528 3287 iiic
549 3221 600 3281 est
620 3219 787 3282 funiculus
810 3218 946 3297 triplex,
1002 3219 1169 3282 minarum
1196 3221 1229 3282 et
1253 3219 1352 3282 caedis
1379 3219 1414 3280 ln
1441 3217 1622 3296 discipulos
1656 3217 1799 3290 Domini,

147 3319 207 3397 qui
219 3318 515 3396 juxta'sapicntem
526 3317 660 3378 difficile
675 3315 851 3394 rumpitur.
1003 3317 1119 3396 postea
1135 3319 1260 3379 Paulus
1271 3317 1377 3382 iactus
1392 3315 1524 3379 fortiter
1541 3315 1702 3394 pugnavit
1717 3331 1801 3378 con-

187 3415 294 3479 Habet
307 3415 340 3478 et
358 3415 431 3476 haec
452 3414 571 3476 civitas
590 3413 778 3478 Jerusalem
801 3413 950 3491 quatuor
1003 3417 1055 3478 tra
1070 3415 1194 3478 bestiae
1214 3414 1443 3493 liphesiorum.
1467 3415 1577 3491 Inquit
1591 3413 1701 3474 enim:
1722 3415 1803 3480 ouis

148 3513 268 3586 latera,
296 3513 478 3575 secundum
505 3511 592 3592 quod
620 3511 704 3575 vidit
737 3513 884 3574 Joannes
914 3510 949 3571 ln
1004 3512 1474 3589 uesseporehtteotarttatc
1488 3512 1640 3572 Cbrtsttt
1654 3511 1803 3571 imbum-

149 3610 362 3690 Apocalypsi.
375 3607 840 3687 Unumlatusestprudentia,
857 3607 949 3670 aliud
1005 3612 1065 3684 lto,
1076 3613 1305 3687 onaupustta,
1320 3625 1366 3670 eu
1378 3607 1585 3682 persecutio,
1593 3609 1803 3684 auptodiust

148 3709 445 3786 esttemperantia,
462 3708 596 3772 tertium
609 3706 777 3780 tortitudo,
794 3707 949 3784 quiartum
1004 3711 1114 3785 (Rom.
1135 3722 1206 3780 rur,
1227 3705 1294 3786 35.)
1322 3709 1472 3784 Ipsorum
1496 3705 1606 3767 autem
1633 3719 1804 3766 murorum

147 3808 290 3887 justitia.
316 3807 366 3869 ad
391 3807 479 3868 hanc
502 3805 758 3883 expugnandam
786 3804 952 3866 venerunt
1005 3803 1444 3875 tundamentumestillnd,
1470 3803 1599 3883 dequo
1627 3800 1803 3879 apostolus

58 3961 60 3966 ,
151 3905 338 3983 Babylonii,
367 3903 453 3965 idest
480 3893 658 3966 deamones.
684 3900 832 3978 Babylon
860 3900 949 3962 enim
1005 3903 1092 3964 ait:
1107 3883 1395 3964 Fundamentum
1431 3903 1525 3963 atteret
1558 3911 1659 3962 nemo
1688 3899 1806 3976 potest

152 4001 305 4065 conlusio
333 4000 581 4080 interpretatur.
618 3999 713 4061 Unde
747 3999 948 4077 Apostolus.
1002 4015 1144 4076 uouere,
1157 4001 1293 4074 prater
1307 4001 1342 4062 m
1360 4001 1447 4074 arrad
1460 4000 1612 4074 positum
1634 3999 1697 4070 est,
1715 3995 1803 4072 quod

152 4119 171 4162 c
192 4103 268 4163 Non
281 4099 331 4162 est
340 4099 436 4162 nobis
448 4097 638 4161 colluctatio
648 4098 777 4162 tantum
790 4095 950 4158 adversus
1006 4099 1058 4160 eet
1071 4099 1228 4160 Christus
1237 4101 1339 4160 lesus
1351 4095 1379 4176 (I
1390 4097 1464 4160 Cor.
1476 4109 1526 4168 ιιι,
1541 4087 1604 4175 11),
1615 4094 1711 4167 idest,
1723 4093 1804 4155 tides

153 4217 173 4258 a
194 4213 328 4262 carnem
344 4198 377 4261 et
388 4197 597 4274 sanguinem,
614 4195 670 4257 sed
688 4196 848 4257 adversus
864 4196 952 4274 prin·
1006 4194 1141 4257 Christi.
1158 4195 1246 4256 Muri
1266 4195 1411 4256 ciuitatis
1431 4194 1507 4254 sunt
1525 4194 1674 4254 universi
1690 4191 1805 4252 fideles

154 4315 172 4358 c
194 4298 285 4374 cipes
300 4297 334 4360 et
352 4296 531 4374 potestates
554 4293 766 4357 tenebrarum
786 4294 951 4356 herum.»
1006 4293 1262 4371 superedificati
1282 4307 1383 4369 super
1396 4291 1646 4352 fundamentum
1660 4289 1805 4366 Aposto-

155 4394 252 4476 (liph.
269 4411 315 4467 vl,
329 4391 393 4464 12.)
407 4391 448 4455 Hi
465 4394 578 4455 autem
595 4404 726 4469 semper
740 4392 781 4452 ad
804 4393 951 4453 nostram
1006 4392 1114 4452 lorum
1136 4391 1168 4453 et
1188 4389 1440 4467 Prophetarum.
1457 4390 1504 4450 Dc
1527 4387 1646 4466 quibus
1662 4387 1710 4449 ait
1728 4401 1807 4464 pro-

154 4491 384 4555 coniusionem
399 4489 548 4553 tendunt.
566 4493 687 4552 contra
701 4505 783 4572 quos
796 4489 843 4550 ait
857 4490 953 4552 tere-
1006 4489 1107 4567 pheta
1125 4507 1133 4549 ε
1161 4489 1275 4563 Super
1288 4501 1409 4550 muros
1430 4487 1506 4548 tuos
1525 4489 1722 4548 Jerusalem
1737 4497 1804 4560 po·

153 4591 258 4656 mies:
274 4589 605 4664 commemoraturum
616 4587 950 4662 nwperseuuuntur‚
1006 4590 1063 4649 sut
1084 4586 1240 4650 auronae
1265 4583 1323 4666 (is.
1341 4599 1423 4659 nnn,
1447 4583 1492 4664 6).
1510 4583 1573 4645 Sed
1598 4585 1632 4646 et
1654 4583 1806 4646 Christus

153 4689 186 4752 el
213 4701 283 4750 uon
302 4687 496 4766 commender
510 4701 608 4762 epo...
636 4687 768 4761 (ierem.
792 4699 861 4756 xm,
886 4683 950 4762 18).
1008 4685 1059 4746 est
1078 4699 1193 4745 murus
1214 4699 1396 4757 murorum,
1418 4683 1537 4761 dequo
1561 4682 1705 4760 legitur:
1723 4683 1808 4744 Urbs

154 4787 275 4849 Contra
289 4784 376 4846 hanc
391 4783 558 4846 civitatem
572 4783 684 4846 varias
699 4781 872 4846 machinas
892 4795 954 4844 ex·
1007 4783 1225 4859 fortitudinis
1252 4783 1383 4844 uestro
1407 4783 1500 4843 stou.
1523 4782 1682 4843 Ponetur
1702 4782 1739 4842 tu
1763 4793 1808 4841 cc

155 4883 232 4948 tulit
255 4881 387 4945 Lucifer
408 4881 475 4954 ille,
492 4881 549 4962 qui
569 4881 620 4944 est
640 4897 701 4943 rex
718 4895 817 4958 super
838 4894 952 4942 omnes
1008 4897 1133 4959 murus
1152 4881 1186 4943 θῖ
1207 4881 1424 4942 antemurale
1447 4877 1504 4958 (is.
1527 4893 1621 4950 xxm,
1649 4877 1693 4958 1).
1715 4877 1808 4939 Inter

155 4981 323 5061 principes
352 4979 516 5058 superbiae
543 4981 576 5042 et
605 4977 822 5041 contusionis.
853 4979 954 5040 Tam·
1008 4971 1200 5042 hos'muroe
1222 4978 1317 5056 quasi
1338 4978 1441 5039 turris
1460 4977 1634 5038 elevantur
1654 4973 1805 5052 perlecti,
1859 4965 1862 4972 ’

154 5095 253 5160 quam
276 5077 417 5142 callidus
439 5077 647 5154 expugnator
667 5076 818 5138 diversos
848 5091 955 5154 expu-
1010 5076 1263 5154 praeeminentes
1275 5075 1473 5136 excellentie
1489 5087 1670 5145 murorum,
1683 5073 1723 5133 de
1738 5072 1809 5149 qui-

154 5183 312 5255 gnatores
326 5175 475 5254 opponit.
496 5174 617 5237 Contra
639 5189 770 5236 murum
793 5173 870 5241 ildel
894 5191 956 5254 op-
1009 5173 1070 5234 hus
1084 5173 1193 5250 inquit
1208 5171 1385 5235 Psalmlsta
1405 5172 1507 5234 :Fiat
1522 5187 1599 5248 pao
1618 5173 1656 5232 tu
1676 5169 1807 5232 otrtute
1878 5161 1881 5169 ’

155 5276 249 5355 ponit
271 5273 465 5343 hereticos,
492 5270 549 5348 qui
570 5268 759 5332 subintrant
778 5271 954 5349 explorare
1010 5271 1555 5333 tuuetebuudouttetuturrthua
1568 5270 1636 5330 tute
1652 5266 1721 5349 (Ps.
1738 5268 1806 5340 121,

154 5373 342 5434 libertatem
355 5371 514 5432 nostram.
533 5367 626 5431 Unde
643 5367 678 5433 in
692 5368 857 5431 canticis:
873 5372 956 5432 Fttti
1009 5367 1055 5450 7).
1082 5369 1145 5432 Sed
1170 5369 1203 5431 et
1217 5369 1367 5430 christus
1392 5369 1443 5430 est
1463 5366 1567 5429 turris
1586 5365 1741 5437 turrium,
1767 5365 1808 5426 de

154 5473 284 5537 matris
323 5484 412 5530 mene
450 5466 696 5544 mcpucvauut
735 5467 858 5530 contra
900 5482 956 5530 me
1010 5483 1075 5547 quo
1090 5469 1231 5545 legitur:
1247 5453 1375 5530 Factus
1391 5465 1535 5539 astupeo
1549 5465 1680 5537 nostru,
1695 5465 1810 5528 turris·

157 5569 265 5648 (cant.
283 5583 306 5640 1,
321 5566 366 5646 ὅ).
385 5565 447 5629 Sed
462 5567 497 5627 in
516 5565 580 5628 hoc
594 5579 690 5626 muro
705 5564 864 5642 Magister
879 5581 957 5627 ous—
1009 5568 1226 5642 fortitudinis
1237 5582 1259 5627 θ
1273 5567 1362 5642 sucta
1374 5567 1507 5626 iutmtct
1522 5562 1591 5643 (Ps.
1607 5563 1658 5634 60,
1673 5561 1717 5642 4).

156 5667 257 5729 todia
277 5665 328 5726 est
349 5663 479 5736 Petrus,
499 5662 665 5736 uidelicet,
692 5663 844 5741 peritum,
871 5661 956 5722 torte
990 5665 993 5672 ’
1051 5665 1159 5726 Portae
1184 5665 1329 5728 civitatis
1346 5663 1433 5726 'suut
1462 5663 1615 5724 doctores
1639 5659 1807 5732 Ecclesiae,
