4234 6442
116 328 171 387 481
745 322 973 386 EPISTOLAE.
997 322 1074 382 LIB.
1098 321 1139 382 11.
1709 323 1768 382 482

116 484 212 558 grato
251 483 486 546 concurrentes
520 498 679 556 assensu,
716 481 912 546 electionem
966 480 1142 544 exhiberes
1171 481 1204 542 et
1235 481 1277 544 ad
1297 484 1410 543 Terrae
1443 481 1573 542 sanciae
1599 480 1768 556 negotium

116 582 235 657 ipsam,
255 582 341 644 sicut
353 581 405 642 est
421 580 581 642 canonice
596 579 778 653 celebrata,
792 580 912 643 aucto·
967 579 1098 650 auxilii,
1111 595 1177 640 noa
1192 579 1419 656 impedimenti
1431 593 1549 639 manus
1558 577 1767 647 extenderes,

116 679 215 740 ritate
223 678 412 756 apostolica
423 677 770 740 confirmamusNulli
780 692 910 754 ergo...
967 677 1001 738 et
1025 676 1177 754 placares
1192 676 1329 738 servitio
1345 677 1531 749 Dominum,
1558 691 1624 736 uon
1643 676 1769 753 injuria

119 776 156 836 Si
169 775 241 853 quis
252 775 373 848 autem,
386 777 449 838 etc.
463 777 583 837 Datum
592 775 773 848 Ferentini,
785 773 915 853 pontill-
967 789 1179 852 provocares.
1198 773 1262 836 Sed
1281 774 1426 836 vidimus
1440 773 1626 835 evidentem
1641 775 1674 836 te
1690 773 1770 835 dare

116 873 210 934 catus
225 873 332 934 nostri
345 888 434 934 anno
448 871 607 934 secundo.
968 872 1155 941 materiam,
1184 872 1218 933 et
1250 871 1461 934 manifestam
1494 887 1640 944 causam,
1668 872 1705 932 ut
1727 872 1770 934 ad

969 967 1197 1032 ulciscendum
1225 970 1288 1032 hoc
1311 968 1442 1031 facinus
1472 969 1507 1030 in
1534 969 1587 1042 te,
1617 984 1657 1030 ac
1681 969 1768 1042 tuos,

486 1051 543 1138 IX
969 1067 1276 1143 crucesignatorum
1298 1068 1467 1129 exercitus
1491 1065 1713 1139 convertatur,
1738 1065 1772 1130 et

240 1205 293 1264 Aa
315 1205 526 1266 modorum
541 1205 764 1264 emmenum
970 1165 1018 1226 sic
1038 1165 1125 1226 ultro
1145 1165 1178 1227 te
1196 1164 1365 1242 periculis,
1383 1167 1416 1226 et
1429 1167 1553 1226 terram
1568 1165 1658 1227 tuam
1677 1165 1772 1227 dam-

469 1323 475 1336 ,
765 1240 775 1262 ’
970 1262 1023 1323 nis
1043 1262 1194 1340 exponis.
1220 1261 1284 1323 Sed
1309 1261 1422 1324 videat
1450 1265 1548 1336 Deus,
1578 1263 1613 1325 et
1631 1262 1769 1340 judicet,

418 1324 453 1383 ²⁸
465 1324 516 1398 ¹¹¹¹·
534 1325 613 1384 ¹²¹⁷·
971 1360 1049 1438 quia
1063 1359 1284 1440 supersedere
1298 1375 1365 1421 non
1379 1375 1566 1437 possumus,
1585 1375 1647 1422 nec
1666 1360 1771 1421 dissi-

147 1437 286 1505 [nepsam.
296 1437 408 1490 ΑΜ
423 1438 638 1500 animaretur
654 1453 716 1491 ⁸⁰¹¹·
728 1437 788 1488 ¹²¹⁷
799 1437 812 1503 Ι
822 1437 872 1501 ¹³]
970 1457 1099 1518 molare
1114 1457 1281 1528 dehemus,
1303 1458 1382 1534 quin
1396 1474 1496 1534 super
1510 1457 1573 1520 hoc
1587 1459 1772 1520 excitemus

116 1558 191 1614 Eum
218 1555 384 1614 exhortatur
407 1563 440 1615 ut
469 1555 640 1629 apostolice
668 1553 749 1614 sedis
777 1556 914 1630 legatum,
971 1553 1147 1616 adversum
1173 1556 1206 1616 te
1225 1553 1320 1627 tales,
1343 1555 1376 1616 et
1397 1555 1518 1626 tantas,
1535 1555 1622 1632 quod
1637 1555 1773 1618 erittihi

150 1644 327 1702 cardinalem
343 1644 414 1704 tituli
425 1644 453 1703 S.
467 1643 614 1714 Praxedir,
626 1646 780 1718 captivum,
797 1644 916 1702 liberum
972 1665 1048 1712 sera
1074 1651 1269 1729 poenitentia
1293 1653 1368 1730 post
1388 1653 1532 1714 ruinam,
1556 1655 1680 1716 Verum
1695 1654 1773 1731 quja

152 1741 180 1792 at
193 1733 313 1790 ”imum
329 1748 395 1791 0⁰³1
409 1734 469 1792 ⁸⁰1⁸
483 1731 576 1791 ῑθᾶῑῐθ
589 1733 742 1806 permittat.
971 1749 1007 1810 in
1015 1748 1136 1811 talibim
1148 1747 1271 1812 bonum
1278 1749 1546 1812 commonitionis
1561 1752 1662 1814 Sedes
1671 1756 1773 1829 Apos-

157 1853 240 1912 Rem
253 1850 382 1923 duram,
404 1866 475 1912 rem
493 1865 654 1923 amaram,
670 1866 741 1912 rem
757 1849 919 1927 pernicio—
971 1846 1074 1907 tolica
1084 1847 1285 1923 praemittere
1299 1863 1365 1909 non
1377 1849 1560 1921 consuevit,
1571 1849 1773 1925 qaumiilius

113 1963 189 2008 sam
210 1947 374 2025 exemplo,
403 1963 473 2009 rem
498 1948 593 2010 multi
613 1947 777 2025 dispendii
804 1963 840 2008 es
863 1962 919 2022 ag·
972 1943 1090 2012 vicem,
1106 1944 1186 2005 iicet
1199 1945 1368 2016 immeriti,
1381 1961 1535 2021 geramus
1546 1947 1702 2018 interris,
1716 1947 1773 2024 qui

113 2061 264 2122 gressus,
282 2044 457 2106 Dominum
472 2060 539 2106 nou
556 2045 717 2117 metuens,
734 2045 917 2106 Ecclesiam
972 2041 1157 2117 peccatoris
1174 2043 1294 2117 quaerit
1308 2041 1462 2115 reditum,
1479 2043 1691 2104 etneminem
1703 2045 1775 2106 nult

112 2142 336 2219 vilipendens,
361 2142 569 2219 contemptor
588 2140 703 2214 famae,
726 2143 825 2203 terrae
851 2143 917 2204 tuae
972 2138 1093 2216 perire,
1111 2139 1261 2239 quefnvis
1276 2154 1343 2200 nou
1358 2138 1551 2201 exhibueris
1566 2155 1668 2218 opera
1693 2141 1772 2216 illii3

113 2239 258 2316 periculi
272 2255 339 2300 non
354 2239 517 2317 provisor.
534 2241 617 2301 Ecce
630 2238 824 2301 detestabile
835 2237 919 2301 faci·
972 2251 1033 2297 uas
1047 2235 1159 2298 mmen
1175 2237 1483 2299 noientesomittere
1495 2238 1581 2315 quod
1593 2241 1643 2302 est
1655 2239 1771 2317 patris,

116 2353 195 2408 nus,
217 2335 354 2414 quadiu
376 2335 532 2398 dilectum
555 2335 660 2397 lilium
681 2337 833 2398 nostrum
851 2339 915 2397 1....
973 2331 1129 2394 dilectum
1152 2333 1257 2395 tilium
1276 2334 1443 2397 Andream
1466 2335 1716 2408 subdiaconum,
1742 2340 1776 2398 et

110 2432 205 2496 tituli
215 2431 418 2494 S.Praxedis
429 2431 815 2510 presbyterum,card.A.
825 2434 858 2495 S.
867 2435 916 2505 Ia,
973 2429 1181 2506 capellanum
1191 2432 1340 2492 nostrum
1349 2432 1578 2510 virumutique
1587 2434 1772 2509 providum,

112 2545 237 2592 manus
252 2528 448 2591 temerarias
464 2529 658 2601 extendisti,
679 2545 746 2591 nan
761 2544 919 2606 expaves·
973 2527 1006 2588 et
1028 2526 1158 2588 ildelem
1185 2531 1321 2604 propter
1335 2529 1398 2590 boc
1413 2529 1629 2602 destinantes,
1648 2530 1775 2591 nobili-

111 2643 198 2688 oens
209 2642 284 2687 eum
299 2626 746 2703 detinerecaptivum.Porrc
759 2626 920 2688 credeba—
971 2625 1074 2686 tatem
1086 2629 1178 2686 tuam
1193 2641 1376 2698 monemus,
1393 2628 1426 2688 et
1439 2627 1656 2692 exhortamur
1667 2628 1701 2688 in
1715 2631 1775 2690 Do·

110 2728 173 2787 tur
198 2722 369 2796 hactenus,
398 2723 484 2801 quod
510 2724 676 2801 sapientia
699 2725 856 2800 regnaret
883 2725 918 2786 in
973 2721 1075 2795 mino,
1092 2722 1255 2800 quatenus
1269 2711 1512 2800 recognoscens
1529 2727 1631 2786 Deum
1647 2727 1778 2788 creato-

112 2819 256 2892 Graecis,
271 2819 329 2880 sed
351 2822 386 2881 tu
404 2835 469 2897 qua
483 2821 675 2882 maturitate
693 2821 837 2893 consilii,
853 2835 917 2898 qnia
973 2834 1044 2880 rem
1059 2820 1151 2881 tuum
1167 2821 1200 2882 et
1214 2823 1398 2882 Romanam
1411 2822 1610 2895 Ecclesiam,
1628 2839 1702 2901 quae
1715 2823 1778 2886 tibi

110 2917 327 2997 providentia
340 2918 482 2979 rationis
503 2918 536 2979 id
553 2918 672 2980 nedum
692 2918 727 2978 in
746 2919 919 2980 executio·
973 2931 1048 2978 esse
1076 2917 1208 2995 poterit,
1233 2917 1262 2978 si
1286 2934 1346 2994 per
1371 2920 1401 2980 te
1424 2935 1492 2981 non
1513 2921 1653 2994 steterit,
1669 2921 1777 2998 pluri-

109 3031 192 3077 nem
206 3014 295 3088 tacti,
311 3015 482 3077 sedetiam
496 3015 531 3076 in
546 3014 819 3078 deliberationem
835 3033 917 3094 pro·
972 3029 1061 3074 mum
1086 3012 1268 3089 fructuosa,
1295 3016 1489 3093 praedictum
1505 3017 1708 3080 cardinalem
1731 3020 1776 3080 ii-

108 3113 217 3191 positi
246 3111 410 3174 deducere
437 3113 699 3191 praesumpsistii
733 3113 919 3176 Prudenter
971 3109 1098 3184 berum,
1115 3112 1148 3174 et
1158 3113 1312 3182 illaesum,
1328 3129 1403 3174 cum
1419 3115 1489 3176 suis
1503 3115 1557 3178 nel
1573 3117 1684 3178 redire
1698 3133 1777 3194 per·

109 3209 248 3288 quidem
273 3209 410 3286 egisses,
438 3211 467 3271 si
487 3223 721 3273 conservasset
741 3208 802 3273 tibi
819 3210 917 3273 favo·
971 3208 1095 3282 mittas,
1112 3210 1148 3270 in
1161 3209 1224 3273 hoc
1238 3211 1309 3284 tibi,
1327 3228 1367 3273 ac
1380 3213 1447 3274 tuis
1462 3212 1641 3276 salubriter
1655 3216 1775 3290 provi-

106 3323 186 3369 rem
203 3306 297 3367 Sedis
320 3307 518 3384 apostolice
533 3308 725 3385 specialem,
742 3311 838 3386 crpus
851 3309 918 3370 aii·
972 3306 1092 3380 dendo,
1107 3310 1303 3385 cumjacere
1318 3325 1385 3370 non
1396 3309 1527 3382 debeas.
1545 3311 1602 3372 ubi
1614 3328 1657 3373 ne
1670 3313 1774 3374 cade-

109 3403 248 3484 quando
282 3405 505 3482 patrocinium
534 3405 633 3466 clarae
659 3405 829 3467 memoriae
856 3405 919 3466 Mi·
971 3419 1026 3464 res
1054 3405 1201 3465 metuere
1225 3405 1379 3478 debuisti,
1405 3406 1554 3484 alioquin
1578 3409 1638 3470 tibi
1657 3409 1773 3481 babes,

108 3501 222 3574 chael,
239 3500 345 3563 frater
369 3503 457 3573 tuus,
475 3517 534 3578 pro
549 3504 593 3573 te,
611 3503 697 3564 sicut
709 3518 769 3578 pro
792 3518 827 3564 se
842 3502 915 3580 ipse
973 3499 1058 3577 quod
1074 3500 1226 3576 imputes,
1244 3517 1341 3578 quem
1357 3503 1495 3565 monitio
1521 3519 1588 3565 uon
1612 3505 1685 3568 sine
1709 3522 1774 3584 pa·

109 3615 177 3678 per
191 3599 356 3660 solemnes
370 3599 512 3660 nuncios
524 3598 714 3675 specialiter
729 3599 915 3660 invocavit:
972 3598 1067 3658 terna
1091 3597 1348 3660 comminatione
1374 3601 1553 3677 praemunit
1573 3599 1632 3682 (1).
1655 3603 1775 3666 Datum

107 3695 173 3760 sed
197 3711 274 3757 ecce
292 3711 390 3772 paras
403 3696 642 3767 adversariam,
658 3712 757 3774 quam
778 3695 917 3758 deberes
973 3693 1155 3756 Ferentini.

108 3808 353 3870 recognoscere
378 3796 534 3866 matrem,
557 3793 591 3854 et
611 3795 647 3854 ia
667 3809 708 3854 ea
740 3793 833 3854 illum
859 3793 917 3855 tihi

110 3892 256 3970 opponis
284 3891 500 3962 contrarium,
527 3891 584 3968 qui
605 3892 656 3952 est
669 3893 806 3967 Regum,
830 3891 864 3954 et
882 3891 916 3952 in
1354 3839 1390 3926 Χ

109 4005 220 4065 reguo
235 3988 408 4050 hominum
422 3988 621 4049 dominator.
649 3991 736 4050 Sane
757 4005 825 4050 noa
844 3991 918 4052 erat
972 3988 1025 4048 Ad
1041 3989 1216 4063 episcopos
1233 4003 1298 4062 per
1313 3993 1540 4067 Campaniam
1558 3995 1772 4058 carnalitates

111 4085 222 4147 nostri
235 4085 397 4162 propositi
417 4085 478 4158 tibi
496 4101 534 4147 ac
555 4086 622 4147 tuis
644 4086 787 4166 alicujus
799 4086 918 4176 turba·
1275 4111 1310 4170 29
1321 4111 1375 4185 iul.
1391 4113 1471 4172 iiii.

111 4182 218 4246 tionis
239 4181 350 4244 mouri
374 4181 559 4260 dispendi&
579 4185 636 4245 sed
652 4184 813 4257 d⁰l⁰mu⁸’
835 4201 918 4263 quo'
1016 4219 1157 4286 [Livaraui
1172 4223 1336 4288 spicilegium
1354 4225 1529 4282 Libonianum.
1544 4227 1599 4288 iia,
1618 4243 1643 4278 ῃ.
1661 4230 1691 4279 ia
1703 4236 1729 4280 et

112 4281 206 4342 niam
222 4281 258 4342 tu
270 4281 453 4358 compellis.
470 4282 566 4343 Certe
581 4281 659 4359 quid
675 4282 753 4345 tacti
766 4282 915 4344 detesta-
1298 4303 1353 4363 721,
1363 4303 1447 4370 aaa]

111 4380 162 4442 tio
173 4379 296 4454 infigat,
306 4379 336 4440 Si
345 4379 614 4456 presumptionis
626 4379 831 4442 immensitas
839 4381 917 4442 inte
972 4389 1021 4448 Eis
1038 4389 1165 4460 mandat,
1189 4398 1219 4449 ut
1234 4392 1294 4450 suis
1313 4391 1433 4451 subditis
1452 4393 1601 4454 inhibeant
1620 4411 1657 4455 ne
1672 4397 1773 4458 tratres

112 4493 183 4538 non
196 4476 332 4539 abstulit
344 4477 655 4555 rationis-judicium
669 4477 782 4539 videre
793 4477 916 4555 poteris
1010 4479 1039 4536 S.
1053 4477 1254 4537 bartholomei
1267 4479 1302 4538 de
1312 4481 1446 4552 Trisulta,
1455 4483 1644 4543 cartusiensis
1654 4487 1773 4558 ordinis,

111 4590 174 4650 per
188 4576 221 4636 te
236 4575 354 4651 ipsum.
372 4575 564 4647 Considera,
580 4575 755 4637 considera
770 4575 799 4637 si
815 4575 916 4636 Sedes
1007 4566 1055 4640 qui
1071 4573 1135 4639 past
1149 4569 1363 4642 ⁸⁰³⁰0i¹i⁰¹1⁰¹¹¹
1379 4568 1537 4630 habitaret
1552 4571 1775 4649 simillimi&-

110 4670 304 4748 Apostolica
324 4671 360 4734 in
375 4671 477 4734 tautae
493 4672 761 4750 praesumptionis
777 4689 915 4735 excessu
1007 4655 1119 4713 ⁸¹⁰⁰0¹¹¹
1134 4655 1171 4714 ὅθ
1183 4657 1245 4730 ipsa
1260 4657 1406 4729 ¹0⁰0d¹¹¹¹¹=
1417 4661 1567 4740 ῐθῦῑΡῑθΡῑ·

112 4783 250 4828 manum
266 4768 401 4830 ultiouis
423 4770 594 4831 remittere
615 4769 743 4844 debeat,
774 4787 917 4847 praeser-
1010 4773 1178 4835 Honorius
1191 4775 1365 4852 episcopus
1387 4793 1503 4839 servus
1518 4793 1690 4842 servorum
1713 4783 1772 4844 Dei

112 4866 175 4926 tim
191 4880 290 4940 quum
305 4865 340 4924 ia
356 4865 419 4926 isto
434 4867 568 4941 negotio
587 4869 733 4930 atrocem
755 4868 915 4947 injuriam
970 4869 1218 4932 venerabilibus
1232 4871 1391 4934 tratribus
1410 4875 1574 4952 episcopis
1591 4893 1651 4953 per
1669 4879 1771 4940 Cam-

113 4963 335 5038 persequatur
358 4961 428 5032 Dei,
454 4963 655 5025 universalis
684 4963 853 5039 Ecclesia,
876 4983 915 5029 ac
970 4967 1105 5045 paniam
1122 4969 1322 5042 constitutis,
1343 4971 1484 5033 salutem
1504 4974 1537 5034 et
1555 4973 1772 5050 apostolicam

112 5060 216 5121 totius
231 5057 358 5120 ordinis
378 5059 554 5120 clericalis.
969 5062 1245 5127 benedictionem.

155 5159 278 5218 Verum
294 5157 321 5217 si
333 5153 516 5218 catholicus
531 5171 633 5229 esses,
649 5173 749 5237 opera
759 5159 914 5222 catholici
1008 5161 1128 5224 Dilecti
1143 5158 1205 5223 lilii
1223 5162 1345 5229 tratres
1356 5167 1463 5228 sancti
1477 5167 1713 5230 Bartholcmaei
1728 5170 1769 5232 de

131 5287 192 5371 Uti)
212 5290 313 5371 Petrus
331 5285 374 5372 de·
388 5288 550 5372 coarto-nai,
570 5301 669 5345 comes
683 5289 912 5374 antissiodoren·
969 5299 1023 5361 est,
1039 5298 1069 5349 et
1081 5289 1115 5376 ‚in
1142 5293 1265 5353 vinculis
1278 5296 1426 5380 remansit.
1448 5296 1503 5380 Sed
1525 5305 1675 5391 postquam
1690 5315 1768 5358 mar-

113 5373 165 5427 sis,
182 5373 259 5444 regn
274 5361 402 5418 Francia
424 5358 690 5444 Philippuhugustr
715 5360 913 5433 consobrinus,
969 5371 1034 5421 tuus
1048 5361 1100 5421 iun
1112 5365 1222 5435 Petrus,
1235 5367 1375 5425 ioannem
1387 5368 1516 5426 liberavit
1529 5367 1703 5439 theodorus,
1719 5373 1768 5446 qui

114 5430 223 5487 eiectus
237 5437 391 5514 imperator
412 5431 743 5512 Cousmnuuapohtanus
758 5438 822 5504 post
836 5447 911 5491 mar·
968 5435 1062 5493 timuit
1071 5449 1108 5491 ne
1120 5435 1149 5492 iu
1161 5450 1194 5493 se
1207 5445 1419 5497 concamaratur
1428 5440 1570 5500 exercitus
1587 5443 1770 5515 crucesigna-

116 5506 173 5555 tem
199 5503 323 5570 henrici,
350 5515 436 5574 quum
463 5501 491 5558 in
519 5501 656 5560 Graeclam
678 5502 740 5572 iret,
761 5503 914 5562 comitante
968 5512 1075 5562 torum.
1101 5506 1299 5566 ohedientiam
1331 5510 1449 5584 insuper
1480 5511 1611 5584 promisit
1632 5511 1769 5572 Ecclesiae

115 5570 226 5628 iconae
251 5573 376 5630 calonna
400 5571 479 5630 card.
501 5571 609 5702 Ιεῖειο,
630 5587 646 5630 a
666 5571 815 5631 Theodoro
836 5576 913 5647 Epiri
970 5577 1116 5635 Romame.

116 5642 254 5715 principe,
283 5643 332 5716 qui
358 5645 533 5717 cognomina
553 5651 616 5703 atur
638 5644 784 5719 Angelus,
814 5653 914 5718 captus

259 5779 373 5824 ramat.
394 5781 467 5825 roua
486 5769 523 5827 ii.
1578 5777 1612 5835 le
