4234 6442
339 195 399 254 423

339 351 560 416 prohibemus
576 351 714 430 insuper
738 351 773 414 ut
795 350 878 412 nulli
900 349 1040 414 fratrum
1063 365 1140 412 166-

337 454 478 524 trorum,
504 453 578 530 post
596 449 717 512 factam
743 449 778 510 in
801 450 1002 512 monasterio
1026 449 1138 512 166116

339 549 590 628 professionem,
602 546 652 608 fas
667 547 711 610 sit
720 547 793 609 siue
803 545 931 609 abbatis
940 548 990 609 sui
1002 548 1138 609 licentia

338 649 379 709 de
407 646 521 709 eodem
548 646 621 707 1666
645 645 815 706 discedere
832 662 840 705 :
857 644 1044 708 discedente
1058 661 1137 706 vero

339 745 463 823 absque
488 743 713 806 communium
741 742 928 805 litterarum
951 743 1138 805 vestrarum

338 843 505 913 cautione,
533 840 646 902 nullus
673 840 793 902 audeat
818 841 983 916 retinere;
1008 840 1138 918 quodsi

338 941 412 1018 quis
439 939 523 1002 forte
550 939 695 1002 retinere
719 939 979 1016 praesumpserit,
1009 938 1138 1000 licitum

336 1039 431 1102 robis
444 1039 478 1100 in
494 1039 584 1114 ipsos
595 1035 776 1098 monachos
786 1037 839 1098 161
850 1051 1029 1098 6611161666
1043 1051 1140 1111 regu·

337 1137 443 1198 larem
458 1135 656 1198 sententiam
671 1133 893 1212 promulgare.
905 1133 991 1194 Illud
1005 1133 1140 1194 distric-

337 1235 403 1296 tius
433 1233 621 1295 inhibentes
648 1248 691 1294 ne
720 1233 848 1304 terras,
878 1247 937 1293 seu
972 1230 1142 1309 quodlibet

338 1332 536 1394 beneficium
552 1330 705 1392 ecclesiae
722 1331 842 1392 vestrae
858 1329 1025 1401 collatum,
1040 1329 1140 1390 liceat

338 1430 440 1491 alicui
450 1427 672 1506 personaliter
687 1425 771 1498 dari,
785 1426 934 1487 61166116
949 1426 1046 1488 modo
1061 1425 1141 1487 alie·

338 1529 425 1599 nari,
453 1527 578 1603 absque
602 1540 766 1586 consensu
791 1522 1139 1601 16116666611611,161

338 1625 475 1704 majoris
500 1626 559 1685 aut
580 1622 724 1684 sanioris
739 1622 843 1700 partis
866 1621 983 1698 ipsius.
1010 1621 1139 1699 Siqua

338 1738 418 1784 1616
432 1721 627 1783 donationes
635 1719 689 1781 161
699 1718 919 1780 alienationes
930 1719 1030 1780 aliter
1041 1735 1139 1796 quam

339 1820 537 1883 dictumest
564 1817 660 1880 factae
689 1817 823 1889 fuerint,
855 1832 912 1879 eas
932 1817 1047 1880 irritas
1066 1832 1140 1878 esse

339 1933 525 1982 censemus.
552 1916 601 1978 Ad
628 1914 700 1977 haec
726 1916 827 1976 etiam
856 1915 1069 1992 prohibemus
1097 1931 1140 1975 ne

338 2016 460 2093 aliquis
476 2012 657 2077 monachus
679 2012 749 2074 6116
771 2011 1041 2085 conversasset
1062 2029 1141 2088 pro-

338 2113 485 2176 fessione
499 2113 621 2174 1661116
637 2111 753 2171 domus
768 2110 957 2182 adstrictus,
974 2110 1047 2171 sine
1060 2125 1142 2172 con-

341 2227 442 2272 sensu
463 2210 496 2271 et
518 2207 653 2272 licentia
672 2206 802 2269 abbatis
821 2207 854 2269 et
875 2209 1012 2284 majoris
1035 2207 1140 2285 partis

341 2307 479 2386 capituli
494 2306 608 2378 166111,
628 2305 813 2383 proaliquo
828 2303 1016 2382 fidejubeat,
1030 2305 1084 2367 vel
1099 2305 1140 2367 ab

341 2407 454 2482 aliquo
468 2404 645 2482 pecuniam
660 2404 774 2464 mutuo
795 2402 937 2480 accipiat
956 2402 1043 2464 ultra
1058 2418 1139 2480 pre·

340 2505 423 2566 tium
435 2501 572 2579 capituli
580 2501 682 2562 166111
691 2499 902 2578 61611161161
912 2501 1138 2572 constitutum,

340 2601 407 2663 nisi
423 2602 556 2678 propter
570 2596 780 2662 manifestam
796 2597 912 2659 domus
934 2600 1053 2661 vestrae
1069 2597 1139 2660 uti·

342 2699 467 2772 litatem
482 2719 491 2773 ;
508 2695 636 2774 quodsi
652 2694 738 2758 forte
752 2693 863 2757 facere
879 2696 1137 2773 praesumpsero,

340 2813 408 2858 non
421 2797 576 2858 teneatur
584 2791 767 2854 conventus
780 2808 839 2870 616
852 2792 905 2853 his
929 2793 1140 2871 aliquatenus

341 2892 553 2970 respondere.
576 2889 718 2952 Licitum
742 2892 905 2968 praeterea
929 2890 973 2951 sit
994 2890 1087 2952 vobis
1104 2891 1140 2951 iu

341 2991 454 3054 causis
469 2987 624 3066 propriis,
642 2987 712 3048 6116
727 2988 869 3058 civilem,
887 2987 1140 3064 6116611666-

341 3088 407 3148 lem
420 3085 613 3147 contineant
623 3084 850 3161 quaestionem,
863 3084 1001 3146 fratrum
1011 3087 1142 3148 vestro-

341 3200 416 3246 rum
428 3182 630 3246 testimoniis
647 3182 706 3254 uti,
723 3198 765 3243 ne
779 3198 839 3259 616
855 3180 984 3243 defectu
1005 3182 1140 3244 testium

338 3285 395 3361 jus
412 3282 559 3344 vestrum
574 3280 610 3341 in
626 3279 739 3358 aliquo
765 3280 876 3341 valeat
891 3279 1053 3357 deperire.
1080 3283 1139 3342 ln-

342 3379 652 3457 6666166616111616
676 3377 866 3456 Apostolica
888 3377 1077 3440 inhibemus
1098 3394 1140 3442 ne

341 3479 430 3540 ullus
445 3477 631 3554 episcopus,
647 3475 702 3538 161
720 3474 878 3554 quaelibet
894 3476 961 3538 alia
984 3493 1138 3554 persona,

340 3576 382 3638 ad
398 3574 543 3654 synodos
564 3574 617 3636 161
633 3574 818 3636 conventus
840 3573 991 3635 forenses
1004 3591 1063 3636 166
1077 3575 1138 3648 116,

341 3674 394 3736 161
415 3670 544 3750 judicio
554 3671 709 3734 saeculari
720 3671 761 3732 de
776 3671 887 3732 166116
900 3671 1034 3749 6166116
1049 3672 1142 3736 subs·

341 3771 458 3842 tantia,
475 3769 528 3832 161
547 3768 814 3846 possessionibus
829 3769 949 3831 vestris
969 3769 1141 3847 subjacere

342 3866 547 3943 Ι6666611616
573 3880 635 3926 nec
663 3866 704 3926 ad
728 3864 843 3928 domos
869 3867 1011 3938 1661166,
1040 3883 1141 3930 causa

342 3964 477 4027 ordines
498 3960 706 4032 celebrandi,
731 3977 850 4024 causas
878 3963 1060 4036 tractandi,
1087 3967 1141 4028 161

342 4062 473 4138 aliquos
511 4059 694 4121 conventus
735 4057 883 4136 publicos
918 4061 1139 4135 convocandi,

341 4159 457 4221 venire
468 4160 662 4235 praesumat3
678 4171 739 4218 nec
748 4157 938 4234 regularem
946 4157 1141 4220 electionem

342 4256 472 4320 abbatis
495 4255 598 4318 vestri
619 4253 789 4332 impediat,
805 4255 863 4316 aut
884 4255 925 4316 de
940 4256 1141 4320 instituendo

342 4355 395 4416 161
406 4353 607 4415 removendo
618 4369 657 4414 eo
668 4353 724 4431 qui
734 4351 1142 4430 protemporefueritcon-

341 4454 395 4514 tra
416 4453 541 4513 statuta
562 4451 792 4512 cisterciensis
812 4451 937 4512 ordinis
955 4467 991 4512 se
1010 4452 1142 4529 aliqua-

342 4553 439 4610 tenus
454 4547 665 4608 intromittat.
679 4548 714 4607 Si
724 4563 803 4608 1616
814 4548 1031 4625 episcopusin
1047 4553 1141 4628 cujus

343 4644 504 4724 parocbia
517 4643 634 4704 demus
647 4644 757 4706 166116
772 4643 908 4708 fundata
923 4648 1068 4719 osteum
1083 4648 1142 4709 hu-

343 4743 485 4806 militate
510 4758 549 4803 ac
571 4741 745 4803 devotione
769 4759 834 4820 qna
856 4744 1010 4806 convenit
1027 4745 1142 4822 requi·

344 4843 438 4913 situs,
472 4838 686 4902 substitutum
714 4839 866 4903 abbatem
886 4840 1083 4924 benedicere
1108 4845 1142 4904 et

343 4940 490 5016 allaquae
504 4937 544 4999 ad
559 4936 704 4998 officium
717 4937 863 5016 episcopi
874 4939 1039 5016 pertinent
1047 4939 1141 5001 vobis

343 5036 495 5100 conferre
519 5035 678 5108 renuerit,
696 5036 823 5099 licitum
839 5037 882 5099 sit
895 5037 1002 5098 eidem
1018 5037 1139 5108 abbati,

343 5137 372 5198 si
386 5139 497 5198 tamen
524 5135 681 5196 sacerdos
704 5134 815 5206 fuerit,
833 5135 984 5213 proprios
999 5135 1141 5197 novitios

341 5233 549 5305 benedicere,
578 5233 611 5294 et
635 5231 702 5293 alia
727 5249 800 5310 quae
826 5233 867 5294 ad
886 5233 1031 5295 officium
1046 5249 1141 5294 suum

343 5331 510 5409 pertinent
532 5345 703 5402 exercere,
727 5332 759 5391 et
781 5329 876 5391 vobis
892 5331 1003 5392 omnia
1019 5329 1060 5391 ab
1075 5330 1141 5392 alio

343 5430 498 5508 episcopo
526 5428 697 5506 percipere
728 5443 801 5506 quae
831 5445 851 5490 a
879 5430 991 5490 166116
1019 5427 1143 5492 fuerint

343 5527 490 5590 indebite
519 5525 691 5601 denegata.
716 5525 800 5586 Illud
829 5525 1024 5604 adjicientes
1050 5527 1142 5590 utin

959 191 1134 254 HONORII
1156 191 1200 255 111
1221 191 1370 253 OPERA.

1936 196 1999 258 tal

1193 348 1394 426 recipiendis
1409 348 1673 427 professionibus
1689 367 1763 428 quae
1776 369 1796 412 a
1811 350 2001 416 benedictis

1194 447 1245 509 161
1268 446 1503 510 benedicendis
1525 446 1698 510 abbatibus
1714 448 1935 524 ‚exhibentum
1957 469 2000 514 ea

1194 545 1261 607 sint
1276 545 1423 622 episcopi
1441 545 1547 607 forma
1567 547 1600 608 et
1614 547 1830 622 expressione
1849 547 2001 611 contenti

1194 659 1267 720 quae
1291 643 1333 704 ab
1359 643 1490 720 origine
1509 643 1638 706 ordinis
1654 646 1803 706 noscitur
1817 644 1976 708 instituta
1990 669 1999 721 ;

1194 741 1230 801 ut
1244 739 1373 803 scilicet
1383 740 1520 802 abbates
1533 741 1598 818 ipsi
1613 741 1706 804 66116
1720 742 1835 804 ordine
1850 760 1912 806 suo
1919 761 2003 822 616-

1194 837 1282 898 111611
1297 837 1450 909 debeant,
1476 841 1509 900 61
1524 838 1639 901 contra
1661 840 1782 902 statuta
1802 841 1931 902 ordinis
1944 844 2001 902 sui

1194 935 1321 996 nullam
1345 936 1587 1014 professionem
1606 935 1716 998 facere
1740 939 2000 1015 compellantur.

1194 1034 1259 1094 Pro
1275 1031 1525 1096 consecratione
1545 1049 1624 1096 1616
1649 1034 1805 1096 altarium
1819 1037 1872 1097 161
1886 1037 2005 1100 66616-

1195 1130 1331 1204 6161616,
1357 1131 1430 1194 6116
1454 1147 1514 1208 616
1536 1132 1609 1194 6166
1632 1133 1758 1204 sancto,
1775 1134 1827 1195 161
1850 1134 2004 1212 quolibet

1194 1228 1422 1290 ecclesiastico
1449 1230 1670 1302 sacramento,
1699 1230 1810 1292 nullus
1837 1248 1856 1292 a
1885 1233 2000 1304 vobis,

1195 1324 1331 1388 obtentu
1350 1326 1600 1390 consuetudinis
1614 1327 1668 1388 161
1683 1326 1750 1389 6116
1765 1329 1874 1398 modo,
1893 1331 2001 1407 quid-

1195 1439 1294 1500 quam
1303 1424 1425 1486 audeat
1435 1426 1644 1504 extorquere,
1655 1426 1794 1488 sedhaec
1803 1429 1914 1489 omnia
1924 1445 2003 1504 gra-

1194 1521 1237 1582 116
1260 1521 1353 1583 161116
1373 1523 1549 1600 6616666116
1576 1523 1785 1586 dioecesanus
1808 1525 2001 1602 impendat3

1195 1619 1344 1696 alioquin
1352 1620 1452 1682 liceat
1466 1620 1559 1681 vobis
1579 1620 1852 1700 qualemcumque
1866 1623 2003 1684 malue-

1195 1716 1269 1778 ritis
1284 1717 1484 1780 catholicum
1498 1718 1591 1780 adire
1601 1719 1794 1791 antistitem,
1804 1721 1948 1796 gratiam
1966 1723 2003 1782 61

1196 1815 1460 1878 communionem
1479 1817 1678 1892 apostolicae
1696 1817 1790 1878 Sedis
1804 1817 2001 1890 habentem,

1196 1912 1252 1988 qui
1263 1913 1376 1975 nostra
1392 1912 1497 1974 fretus
1510 1914 1707 1976 auctoritate
1716 1913 1810 1976 vobis
1823 1915 1910 1992 quod
1924 1932 2002 1994 pos-

1195 2010 1322 2072 tulatur
1335 2009 1515 2088 impendat.

1236 2108 1327 2180 Quod
1354 2108 1383 2170 si
1409 2109 1505 2171 sedes
1533 2108 1714 2171 dioecesani
1737 2111 1885 2190 episcopi
1910 2111 2002 2174 16116

1195 2206 1376 2278 166616111,
1398 2206 1531 2268 interim
1553 2208 1664 2268 omnia
1684 2208 1910 2271 ecclesiastica
1935 2226 1999 2270 sa-

1196 2304 1364 2366 cramenta
1383 2303 1424 2364 de
1445 2305 1565 2366 vicinis
1590 2305 1756 2382 episcopis
1778 2306 1931 2383 accipere
1953 2308 2002 2368 li-

1195 2401 1273 2463 bere
1292 2401 1325 2464 et
1348 2401 1474 2479 absque
1496 2403 1757 2465 contradictione
1781 2404 1927 2482 possitis,
1946 2407 1999 2466 sic

1194 2501 1306 2562 tamen
1320 2499 1357 2560 ut
1368 2515 1411 2560 ex
1425 2499 1488 2560 hoc
1506 2501 1542 2560 in
1557 2500 1726 2577 posterum
1745 2502 1889 2580 propriis
1904 2503 1999 2580 epis-

1195 2597 1287 2673 66616
1300 2596 1427 2658 nullum
1444 2597 1672 2674 praejudicium
1694 2601 1881 2674 generetur.
1910 2601 1998 2673 Quia

1195 2709 1274 2755 1616
1287 2693 1453 2756 interdum
1465 2695 1674 2772 propriorum
1688 2696 1918 2774 episcoporum
1933 2715 1998 2758 co-

1195 2792 1283 2868 piam
1298 2808 1364 2854 non
1380 2791 1520 2860 habetis,
1543 2792 1573 2853 si
1588 2809 1685 2870 quem
1705 2793 1908 2872 episcopum,
1925 2797 2001 2858 Ro-

1195 2904 1301 2950 manae
1325 2889 1430 2962 Sedis,
1450 2891 1486 2951 ut
1507 2890 1662 2962 diximus,
1688 2892 1832 2967 gratiam
1850 2893 1883 2955 et
1902 2909 1999 2955 com-

1195 2987 1385 3048 munionem
1411 2986 1599 3060 habentem,
1637 2988 1670 3050 et
1698 2987 1738 3050 de
1769 3005 1833 3067 quo
1861 2990 1998 3067 plenam
2087 3001 2088 3054 t

1196 3085 1347 3146 notitiam
1373 3084 1536 3158 babeatis,
1561 3102 1620 3163 per
1643 3102 1703 3147 166
1719 3087 1864 3148 11666116
1886 3088 1999 3150 conti-

1194 3182 1291 3259 gerit,
1307 3181 1348 3243 ab
1366 3198 1404 3244 eo
1426 3183 1674 3246 henedictiones
1688 3200 1846 3246 vasorum
1865 3185 1899 3246 et
1918 3202 2001 3247 166-

1195 3279 1287 3352 tium,
1304 3281 1573 3342 consecrationes
1584 3280 1752 3353 altarium,
1767 3282 1999 3345 ordinationes

1196 3379 1433 3440 monachorum
1458 3379 1655 3440 auctoritate
1678 3380 1877 3456 Apostolicae
1899 3381 1998 3442 Sedis

1195 3475 1344 3552 recipere
1358 3476 1510 3537 valeatis.
1533 3479 1636 3538 Porro
1653 3476 1681 3537 si
1697 3477 1845 3555 episcopi
1866 3478 1997 3540 1616111

1196 3573 1411 3636 ecclesiarum
1427 3575 1574 3635 rectores
1595 3575 1629 3634 in
1654 3576 1894 3638 monasterium
1918 3593 1999 3637 166-

1196 3673 1293 3744 trum,
1314 3671 1366 3732 161
1391 3687 1552 3748 personas
1574 3670 1657 3732 inibi
1681 3673 1888 3746 constitutas,
1916 3691 1997 3734 sus-

1196 3769 1751 3847 pensionis·excommunicationis,
1761 3771 1815 3831 161
1826 3769 1997 3833 interdicti

1197 3867 1398 3928 seutentiam
1422 3867 1716 3944 promulgaverint,
1744 3868 1815 3929 sire
1836 3869 1939 3931 etiam
1959 3868 1996 3930 in

1196 3964 1419 4026 mercenarios
1441 3967 1580 4036 1661166,
1597 3981 1657 4042 616
1678 3981 1717 4028 66
1733 3965 1819 4043 quod
1833 3965 1994 4038 decimas,

1197 4060 1282 4122 sicut
1296 4060 1419 4123 dictum
1436 4063 1495 4134 est,
1513 4079 1579 4124 non
1592 4062 1832 4139 persolveritis,
1850 4063 1921 4125 6116
1936 4064 1998 4124 611·

1197 4176 1261 4236 qua
1294 4159 1469 4221 occasione
1494 4175 1705 4237 eorumquae
1732 4160 1773 4221 ab
1805 4161 1997 4238 Apostolica

1196 4256 1399 4332 benignitate
1424 4255 1519 4318 vobis
1540 4256 1671 4319 indulta
1693 4259 1781 4330 sunt,
1805 4274 1865 4320 seu
1887 4258 1995 4320 bene-

1196 4354 1338 4416 factores
1358 4355 1486 4416 1661166
1508 4371 1567 4432 616
1592 4371 1632 4417 66
1656 4355 1741 4433 quod
1766 4356 1879 4434 aliqua
1901 4356 1996 4418 vobis

1196 4452 1368 4525 beneficia,
1385 4453 1439 4514 161
1454 4452 1625 4530 obsequia,
1642 4468 1685 4514 ex
1699 4453 1839 4516 caritate
1860 4455 1996 4532 praesti-

1196 4551 1307 4623 terint,
1333 4550 1387 4612 161
1414 4549 1456 4610 ad
1484 4548 1703 4612 laborandum
1731 4551 1932 4629 adjuverint,
1957 4554 1994 4614 tn

1195 4649 1263 4708 illis
1285 4647 1400 4710 diebus
1422 4648 1458 4709 in
1482 4648 1601 4725 quibus
1626 4665 1685 4710 166
1705 4648 1864 4712 laboratis
1879 4652 1914 4712 et
1936 4649 1995 4710 alii

1197 4745 1368 4818 feriantur,
1393 4745 1542 4806 eamdem
1562 4747 1762 4808 sententiam
1781 4748 1993 4823 protulerint,

1197 4843 1302 4920 ipsam
1315 4844 1484 4920 tamquam
1495 4844 1609 4905 6611116
1626 4843 1721 4905 Sedis
1735 4844 1936 4922 Apostolicae
1947 4844 1996 4905 in·

1197 4939 1287 5002 dulia
1317 4939 1480 5018 prolatam
1507 4940 1661 5002 duximus
1689 4942 1898 5014 irritandam,
1933 4957 1995 5003 nec

1196 5037 1315 5101 litterae
1331 5037 1519 5101 firmitatem
1537 5037 1682 5102 habeant
1697 5055 1789 5116 quas,
1811 5040 1913 5102 tacito
1933 5056 1994 5100 no-

1197 5135 1285 5198 mine
1307 5135 1536 5198 Cistercieusis
1558 5135 1695 5208 ordinis,
1713 5136 1746 5199 et
1765 5137 1880 5200 contra
1904 5137 1995 5198 teno-

1196 5249 1267 5295 rem
1295 5233 1553 5310 apostolicorum
1580 5233 1844 5312 privilegiorum,
1866 5234 1996 5296 consti-

1196 5331 1275 5394 terit
1299 5331 1482 5408 impetrari.
1511 5335 1690 5406 Praeterea,
1721 5348 1797 5393 cum
1821 5347 1994 5394 commune

1197 5429 1408 5492 interdictum
1429 5431 1528 5492 terrae
1554 5428 1665 5502 fuerit,
1691 5429 1791 5492 liceat
1815 5428 1909 5492 robis
1937 5430 1994 5490 ni-

1197 5525 1377 5592 hilominus
1410 5527 1445 5588 in
1468 5529 1580 5589 166116
1608 5527 1822 5600 monasterio,
1848 5527 1994 5590 exclusis
