4214 6400
147 202 207 262 420
710 197 887 259 HONORII
914 197 1040 258 PAPAE
1063 199 1108 260 111
1130 199 1239 258 VITA.
1531 213 1533 219 '
1740 207 1801 266 430

148 358 338 436 talibusque
349 357 496 432 abegato
507 355 723 434 suspensione
733 355 894 430 mulctati,
905 371 947 417 ne
1002 373 1020 418 «
1042 359 1168 434 partem
1183 357 1386 420 decimarum
1397 359 1450 420 161
1460 359 1607 422 aliarum
1623 359 1799 425 obventio·

148 456 185 518 iu
200 455 355 532 ambigua
372 455 456 516 tanti
477 453 627 516 criminis
643 454 740 532 culpa
760 454 883 516 divinis
898 471 945 526 se,
1002 471 1020 514 6
1041 471 1120 516 num
1132 456 1452 526 Ecclesiastioarum,
1464 458 1500 519 in
1513 457 1633 536 quibus
1644 462 1701 537 J'us
1713 459 1800 523 obti-

149 570 279 615 summo
294 553 411 616 salutis
424 553 583 629 periculo,
597 553 841 626 immiscerent;
864 569 946 630 pro·
1002 569 1020 612 c
1045 555 1124 615 nent
1138 554 1342 630 patronatus,
1356 555 1419 615 sibi
1435 557 1626 629 retinentes,
1647 559 1800 635 expecto

149 651 292 728 lectique
308 652 446 712 Romam
460 650 547 722 sunt,
573 649 694 726 quibus
723 649 947 712 itinerationis
1002 652 1282 728 ‹repraesentant
1307 652 1446 716 clericos
1472 654 1513 714 ad
1544 655 1696 730 easdem3
1723 655 1802 718 huic

148 765 260 810 comes
284 747 391 810 factus
418 747 468 810 est
495 747 568 825 ipse
593 747 782 809 Eriderious
809 746 946 808 sceleris
1002 749 1172 810 «vulneri
1199 765 1359 812 cancroso
1385 752 1418 812 et
1444 751 1626 813 simoniaco
1650 769 1801 816 censurae

147 847 267 908 auctor
297 846 332 906 in
361 858 500 922 eamque
533 859 625 921 spem
656 859 770 906 omues
799 845 946 906 animum
1002 845 1167 908 «ferrum
1178 848 1386 925 apponimus,
1397 848 1624 922 decernentes,
1640 851 1726 913 6161
1737 868 1800 930 quo
1866 865 1867 870 ’

133 943 307 1006 erexerat
325 943 484 1015 futurum,
504 943 541 1004 ut
557 941 727 1004 Pontificis
743 941 947 1018 benignitate
1002 960 1021 1003 6
1041 945 1229 1007 constiterit
1243 947 1417 1023 patronum
1433 947 1625 1025 hujusmodi
1638 949 1801 1025 flagitium

147 1041 290 1118 quaestio
322 1055 438 1102 eorum
477 1039 590 1101 mitior
624 1039 754 1116 agenda
791 1039 876 1102 toret
914 1041 948 1100 et
1002 1045 1263 1120 «perpetrasse,
1284 1045 1496 1106 anathemate
1511 1045 1661 1119 feriatur,
1682 1050 1715 1108 et
1729 1049 1802 1124 ejus

145 1139 312 1200 immunes
327 1137 871 1215 6161161166616116116166161,
889 1136 947 1198 sed
1002 1154 1022 1199 ‹
1041 1141 1132 1202 terra
1148 1145 1355 1218 supponatur
1365 1143 1599 1205 Ecclesiastico
1613 1144 1800 1217 interdicto,
1819 1189 1823 1195 -

145 1252 206 1312 spe
221 1236 372 1298 frustrati
386 1235 474 1298 suut.
1002 1238 1148 1300 «donec
1173 1237 1354 1300 Ecclesiam
1380 1239 1518 1302 liberam
1547 1257 1621 1303 cum
1644 1257 1706 1303 suo
1725 1245 1802 1320 jure

186 1335 335 1396 Aderant
349 1337 421 1411 jam
432 1335 545 1396 Romae
561 1332 809 1395 coloniensium
824 1332 947 1394 civium
1002 1349 1021 1394 c
1043 1333 1187 1397 dimittat
1201 1337 1294 1397 salvo
1305 1339 1382 1414 jure
1393 1338 1599 1413 patronatus,
1614 1339 1700 1417 quod
1713 1339 1743 1400 61
1760 1340 1801 1400 de

146 1433 317 1504 Ecclesiae,
339 1447 404 1509 que
425 1431 527 1493 161166
548 1432 692 1508 patroni,
713 1445 854 1508 quorum
873 1429 948 1491 stu·
1003 1449 1021 1492 a
1042 1433 1272 1494 misericordia
1286 1449 1509 1508 reservamus
1523 1437 1579 1513 qui
1595 1439 1802 1515 possuntper

146 1531 239 1592 dium
254 1529 459 1608 praecipuum
473 1528 556 1590 illud
573 1531 646 1590 erat
664 1530 701 1591 ut
718 1527 945 1606 parricidium,
1002 1547 1020 1591 s
1038 1531 1125 1607 jnrls
1137 1531 1293 1594 excusari
1303 1531 1564 1607 ignorantiam».
1582 1534 1708 1596 Deinde
1720 1549 1802 1597 1616

146 1628 235 1706 quod
250 1628 293 1689 ad
308 1627 407 1688 Urbis
422 1643 552 1704 quoque
566 1643 636 1689 sum
650 1625 867 1702 ignominiam
882 1641 947 1703 pa·
1002 1629 1111 1706 capite
1125 1629 1377 1703 decimotertio,
1394 1630 1499 1692 laicos
1514 1631 1571 1709 qui
1586 1647 1660 1693 curn
1676 1633 1803 1694 sancti-

145 1727 272 1788 tratum
288 1725 408 1796 iuerat,
424 1723 615 1801 Apostolica
629 1721 950 1786 auctoritatavindi-
1002 1725 1202 1788 monialibus
1231 1727 1301 1788 sola
1320 1727 1556 1790 sollicitatione
1578 1731 1758 1806 peccarint,
1782 1745 1802 1792 a

146 1823 293 1886 caretur.
310 1822 396 1893 Quin
410 1823 512 1883 etiam
521 1825 593 1899 jam
603 1821 643 1882 ad
655 1821 839 1882 Houorlum
853 1820 949 1896 prin·
1003 1825 1150 1901 corporis
1167 1825 1202 1886 ot
1215 1825 1389 1900 sanguinis
1404 1825 1615 1903 perceptione
1630 1825 1778 1889 excludit
1792 1849 1800 1902 ;

145 1921 259 1998 cipum
285 1920 411 1997 aliquot
435 1919 556 1981 litterae
584 1919 702 1980 delatoe
717 1918 861 1987 1661661,
891 1915 948 1995 qui
1002 1937 1060 1982 eos
1079 1936 1159 1983 vero
1179 1921 1236 1999 qui
1257 1923 1356 1984 stiam
1379 1923 1505 1984 crimen
1527 1924 1800 1995 consummarint,

146 2021 307 2094 urgerent
321 2019 448 2079 tantum
464 2017 590 2079 crimen
605 2015 859 2078 conniventibus
873 2030 949 2076 ocu·
1002 2019 1168 2096 ipsoiueto
1179 2021 1803 2083 excommunicationissententiainno-

148 2115 195 2176 lis
224 2130 292 2177 non
314 2131 388 2176 esse
416 2113 744 2192 praetermittendum.
770 2115 818 2175 Re
845 2113 949 2188 igitur
1002 2118 1096 2179 datos
1109 2118 1372 2180 66666666111611.
1385 2119 1482 2180 Extat
1492 2119 1645 2196 synodus
1659 2119 1802 2181 11666-

147 2213 398 2275 consultissime
413 2213 546 2288 cognita
558 2212 691 2274 tandem
712 2212 748 2272 in
769 2212 860 2289 ipsos
886 2211 947 2273 bos
1002 2219 1054 2277 cil.
1071 2216 1171 2277 tomo.

146 2311 324 2389 episcopos
334 2311 497 2388 judicium
519 2309 684 2388 prolatum
710 2311 771 2382 est,
797 2310 947 2386 quicum
1042 2313 1082 2374 Et
1105 2313 1238 2391 quidem
1271 2313 1509 2392 deplorandum
1537 2317 1588 2376 est
1609 2315 1803 2394 hujusmodi

146 2409 360 2486 purgationis
390 2408 538 2471 subsidio
562 2425 697 2470 causam
725 2423 820 2468 suam
847 2407 948 2468 tutari
1003 2411 1141 2482 crimen,
1158 2411 1438 2489 quandoquidem
1457 2411 1800 2473 inGermanianimis

147 2508 391 2586 nequivissent,
421 2507 518 2568 ambo
553 2507 686 2569 sedibus
722 2505 792 2566 suis
829 2505 949 2582 dejecti
1004 2507 1159 2585 frequens
1172 2507 1353 2569 admissum
1373 2509 1585 2580 memoratur,
1608 2509 1694 2587 quod
1711 2511 1801 2571 certe

149 2601 948 2679 6661.111161166666161616166161161666,66611
1003 2606 1088 2666 iram
1112 2605 1173 2667 Dei
1198 2605 1235 2668 ut
1261 2605 1342 2667 lldes
1370 2607 1493 2667 Christi
1520 2621 1560 2668 ac
1584 2606 1704 2683 religio
1726 2607 1804 2668 inde

147 2703 281 2765 nullum
317 2702 381 2764 sibi
421 2702 612 2779 coniugium
649 2701 947 2772 animadvertisset,
1003 2703 1175 2764 eliminata
1199 2703 1251 2776 sit,
1281 2703 1383 2764 illatis
1407 2703 1602 2775 haeresibus,
1635 2704 1803 2767 exarsisse

147 2802 237 2864 clam
253 2803 358 2863 Roma
373 2801 520 2872 secessit,
535 2800 735 2877 tandemque
746 2798 860 2860 Leodii
876 2813 950 2874 cap-
1003 2816 1070 2862 non
1089 2800 1279 2862 dubitarim.
1300 2785 1384 2862 Nam
1413 2803 1447 2863 et
1466 2803 1613 2863 loannes
1637 2802 1802 2877 Ligranus

147 2900 215 2970 tus,
224 2897 597 2975 coloniamquedelatus
608 2898 947 2975 equuleosuspensus,
1004 2898 1067 2960 hoc
1100 2898 1261 2960 Pontifice
1294 2900 1453 2972 Honorio,
1488 2915 1563 2960 cum
1598 2899 1804 2977 frequentius

149 3013 250 3076 quam
266 2996 385 3058 Rotam
397 2995 517 3072 vulgus
532 2998 711 3072 nuncupat,
725 2993 947 3065 excruciatus,
1005 2997 1281 3058 sanctimoniales
1297 2996 1486 3059 sollicitatae
1500 2997 1534 3058 in
1550 2997 1735 3060 Brubantia
1752 2998 1806 3059 di-

149 3093 268 3156 auibus
282 3094 318 3154 in
333 3109 444 3156 escam
462 3093 619 3154 dimissus
639 3095 689 3154 est
708 3091 806 3171 (ibid.
830 3091 886 3152 lib.
906 3093 948 3162 ΙΙ,
1004 3095 1218 3165 vexarentur,
1236 3109 1296 3154 nec
1311 3094 1424 3170 posset
1445 3093 1583 3155 alterius
1603 3095 1804 3157 auctoritate

150 3189 262 3271 617).
294 3191 415 3252 Postea
438 3189 480 3252 ab
502 3188 717 3252 interioribus
740 3187 950 3267 pontificibus
1005 3191 1054 3253 rei
1081 3207 1267 3264 occurrere,
1285 3190 1326 3251 ad
1346 3192 1569 3268 apostolicam
1597 3192 1714 3254 sedem
1739 3192 1802 3253 sibi

151 3289 223 3364 ipse
244 3287 463 3364 Engelbertus
486 3287 720 3350 161616666166
739 3288 790 3348 est
811 3285 948 3356 relatus,
1005 3289 1261 3364 confugiendum
1274 3288 1478 3360 decreverat,
1495 3289 1553 3349 sed
1568 3289 1692 3366 optimo
1705 3305 1804 3351 cona-

150 3385 288 3465 diesque
310 3386 369 3448 illa
388 3385 492 3448 festus
506 3387 720 3463 praeseriptus
735 3387 795 3457 est,
811 3383 950 3460 septima
1005 3385 1056 3447 tui
1081 3401 1169 3446 mors
1189 3385 1371 3446 'immatura
1396 3385 1596 3446 intercessit.
1622 3385 1803 3448 Delunctus

150 3482 348 3545 Novembris
385 3482 625 3562 (Martyrolop.
661 3481 774 3557 Rom.)
808 3480 951 3542 conradi
1006 3483 1145 3544 enimin
1164 3479 1390 3560 itinereluit(
1411 3481 1436 3561 ).

150 3583 263 3643 autem
283 3580 386 3658 legati
407 3581 552 3658 synodus
568 3581 602 3642 in
618 3580 795 3641 Germania
811 3578 951 3654 insignis
1046 3583 1281 3656 Hungarorum
1305 3581 1456 3656 reginam
1485 3595 1559 3640 cum
1589 3579 1804 3642 Oradiensem

151 3680 213 3740 est.
230 3678 310 3741 Erat
322 3679 353 3740 is
366 3678 464 3740 valde
473 3678 630 3754 religioni
638 3677 800 3749 addictus,
813 3691 953 3752 corrup·
1006 3677 1181 3740 ecclesiam
1197 3677 1387 3738 consecrari
1402 3677 1573 3750 audiisset,
1591 3693 1699 3756 neque
1714 3694 1807 3740 com-

151 3777 294 3854 telaeque
306 3793 436 3838 morum
459 3777 643 3838 acerrimus
655 3775 789 3836 vindex.
810 3774 901 3846 Quod
916 3773 952 3834 in
1006 3775 1155 3853 petentes
1170 3773 1297 3836 tructus
1309 3773 1553 3851 adscripsisset‚
1570 3775 1657 3837 unde
1669 3775 1714 3836 ali
1730 3775 1807 3837 Gle-

149 3875 354 3936 mouacbatu
382 3875 482 3936 etiarn
508 3873 642 3936 titulum
677 3871 886 3936 exercuisset
916 3871 952 3932 in
1006 3888 1064 3934 rus
1076 3871 1288 3948 Ecclesiaque
1300 3872 1458 3934 exornari
1470 3888 1510 3933 66
1519 3874 1806 3948 restaurari30um

150 3971 305 4034 instituto
330 3972 545 4034 cisterciensi
575 3969 677 4049 probe
707 3969 882 4037 servando,
918 3973 954 4032 61
1006 3969 1808 4049 respostulareposset;obindotatameameecle·

151 4069 275 4132 surius
302 4071 464 4131 memorat
488 4069 522 4130 in
547 4071 591 4130 lV
613 4071 843 4131 conciliorum
861 4068 951 4129 tomo
1008 4069 1092 4130 siam
1108 4068 1216 4130 clerus
1239 4069 1280 4130 ad
1295 4069 1479 4129 Honorium
1500 4083 1569 4129 rem
1594 4067 1805 4130 deferendam

151 4167 215 4228 sub
234 4168 383 4230 Honorio
408 4170 465 4230 111.
483 4170 578 4228 Auno
593 4166 697 4242 igitur
715 4165 846 4227 Domini
862 4165 951 4235 1225,
1007 4165 1147 4238 censuit,
1167 4166 1204 4227 ut
1226 4166 1344 4242 regina
1365 4165 1405 4226 ad
1423 4164 1625 4241 implendum
1641 4165 1674 4225 id
1696 4153 1806 4226 minus

151 4266 273 4343 quarto
295 4265 371 4326 ldus
391 4264 594 4336 Decembris,
613 4265 716 4324 multa
731 4263 952 4324 (1616161616-
1008 4264 1208 4340 adigeretur.
1230 4263 1397 4322 Honorius
1417 4261 1503 4322 datis
1522 4261 1653 4322 adeam
1672 4261 1804 4336 litteris,

151 4362 245 4424 tione
260 4361 342 4422 cleri
357 4360 537 4422 salubriter
553 4359 736 4432 constituit,
753 4374 828 4437 quae
853 4360 886 4421 et
910 4357 953 4418 ab
1008 4361 1136 4422 monuit
1145 4361 1179 4420 in
1195 4360 1268 4420 baec
1282 4357 1384 4419 verba
1401 4380 1409 4418 ε
1426 4375 1443 4418 e
1458 4359 1538 4419 Cum
1555 4357 1640 4420 sicut
1654 4375 1697 4420 ex
1711 4359 1805 4420 rela-

151 4458 307 4521 omuibus
319 4458 591 4536 archiepiscopis,
603 4474 643 4520 ao
657 4472 773 4520 eorum
785 4457 953 4532 66111616-
1008 4458 1098 4519 tione
1128 4456 1266 4533 capituli
1294 4455 1487 4518 Oradiensis
1521 4455 1617 4516 nobis
1650 4456 1804 4529 innotuit,

152 4557 244 4628 nais,
275 4555 465 4628 abbatibus,
501 4557 600 4632 atque
629 4555 705 4616 aliis
740 4553 951 4632 quibuslibet,
1008 4552 1809 4633 quodeorumlecerit,ecclesiamconsecrari3et

151 4658 224 4717 tum
235 4653 378 4726 clericis,
389 4656 459 4715 tum
471 4652 681 4730 regularibus
694 4643 857 4714 servanda
867 4666 956 4729 prae-
1008 4669 1074 4714 uon
1097 4651 1141 4713 sit
1162 4651 1315 4724 66616616,
1337 4651 1402 4712 6161
1425 4651 1465 4712 de
1485 4651 1561 4713 dote
1585 4653 1753 4729 provisum
1775 4653 1807 4714 61

152 4752 254 4828 cepit,
270 4753 303 4814 et
317 4752 353 4813 in
367 4751 411 4812 iis
426 4751 519 4812 luere
534 4751 567 4816 61
576 4750 738 4815 adversus
753 4751 856 4812 laicos
875 4765 955 4828 pro-
1009 4751 1120 4823 luerit,
1134 4749 1371 4821 consecranda,
1389 4765 1429 4810 eo
1448 4749 1621 4812 liberalius
1634 4750 1675 4811 ad
1689 4750 1809 4812 dotan-

152 4849 312 4925 mulgatae
327 4849 592 4922 constitutiones,
610 4865 750 4927 quarum
765 4848 848 4909 duas
862 4863 953 4925 prae·
1009 4849 1085 4910 dam
1113 4848 1305 4927 praedictam
1330 4847 1508 4908 ecclesiam
1533 4847 1664 4924 aperire
1688 4863 1808 4908 munus
1836 4855 1840 4864 ’

153 4947 273 5023 cipuas
284 4962 461 5009 recensere
475 4946 571 5021 libet3
586 4947 693 5024 capite
705 4945 792 5007 enim
803 4961 891 5007 nono
906 4945 955 5006 sic
1009 4943 1245 5007 munificentiae
1258 4945 1323 5006 tuae
1332 4944 1442 5016 debes,
1455 4943 1540 5021 quod
1549 4943 1590 5004 ad
1599 4944 1661 5005 hoc
1675 4944 1806 5015 1611166,

153 5045 257 5107 babet
271 5067 279 5105 :
295 5043 485 5119 «Quoniam
499 5044 535 5105 in
550 5043 746 5122 quibusdam
762 5043 846 5106 locis
875 5042 955 5104 lile-
1009 5045 1177 5120 tamquam
1192 5055 1236 5102 ex
1248 5039 1357 5102 debito
1365 5043 1436 5117 jam
1446 5041 1570 5101 teneris
1582 5038 1641 5119 (2).
1660 5044 1809 5118 Progen-

153 5159 173 5203 6
197 5141 353 5215 manniae,
370 5140 562 5204 fundatores
577 5141 800 5203 Ecclesiarum
811 5140 865 5203 161
880 5140 954 5201 hae·
1010 5141 1112 5212 sibus,
1130 5155 1205 5201 cum
1220 5137 1399 5217 aliquando
1410 5137 1623 5199 conscientiae
1634 5139 1809 5214 scrupulus

153 5257 175 5300 6
196 5240 294 5302 redes
328 5241 477 5317 ipsorum
511 5239 685 5316 potestate,
719 5237 755 5299 in
792 5253 857 5316 qua
898 5253 955 5299 eos
1010 5239 1158 5300 animum
1171 5235 1375 5308 verberaret,
1399 5235 1427 5295 si
1447 5250 1522 5296 cnm
1542 5235 1664 5296 natalis
1686 5235 1810 5300 Christi

154 5337 348 5400 «Ecclesia
377 5337 548 5415 bucusque
570 5336 738 5408 sustinuit,
762 5334 953 5408 abutuntur,
1010 5332 1808 5402 diesinsextamieriamincidissetcarnibustum

194 5469 236 5544 (l)
251 5469 375 5528 Thomas
389 5467 651 5597 1161111Ᾱ1616661616
667 5469 732 5527 Vita
752 5469 779 5526 S.
802 5467 957 5541 letgardis
1047 5466 1089 5540 (2)
1101 5466 1141 5527 Cl.
1157 5483 1236 5540 supr.
1254 5466 1360 5535 061616
1377 5465 1554 5550 Gompilotio,
1571 5463 1619 5548 lib.
1636 5466 1687 5535 lll,
1705 5467 1747 5526 111.
1764 5467 1809 5538 23,

158 5542 301 5612 11161616,
317 5540 367 5599 lib.
383 5543 419 5609 ll,
435 5555 460 5598 6.
498 5582 506 5609 ,
523 5539 598 5613 apud
613 5540 725 5598 Surium
736 5547 806 5596 tour.
820 5541 846 5597 3.
1011 5554 1037 5602 6.
1048 5541 1137 5610 6616,
1154 5541 1209 5596 col.
1221 5539 1289 5609 ³173
1306 5537 1392 5609 Greg.
1409 5535 1457 5606 lll,
1471 5535 1518 5592 nb.
1533 5538 1573 5594 lll
1584 5543 1626 5594 ut.
1638 5537 1683 5595 lo.
