4162 6424
358 225 417 283 627

397 385 432 446 Si
455 400 613 460 personas
626 385 802 461 religiosas
822 385 961 462 diligere
984 403 1023 448 ac
1044 387 1153 448 hono-v

357 497 433 542 rare
457 481 592 553 curetis,
616 485 683 542 Deo
698 481 752 542 cui
772 481 899 544 servire
923 493 1065 558 regnare
1088 483 1148 556 est,

357 577 439 638 satis
454 580 583 652 gratum
598 577 791 655 obsequium
807 579 983 642 exhibetis.
998 580 1054 658 qui
1065 577 1152 657 quod

357 675 415 735 uni
430 691 471 734 en
486 673 631 736 minimis
646 675 716 738 suis
733 677 784 748 ru,
807 675 869 737 sibi
885 677 958 738 lteri
972 677 1150 739 assererat.

357 773 523 848 Rogamus
550 773 688 849 proinde
717 773 924 836 devotionem
948 776 1093 837 vestram
1121 773 1154 836 ot

356 869 530 932 hortamur
566 873 700 944 attente,
739 889 798 950 per
833 871 1022 950 apostolica
1038 903 1042 910 ·
1058 872 1152 934 robis

356 966 480 1043 scripta
499 967 692 1030 mandantes
708 969 870 1048 quatenus
892 967 1010 1032 fratres
1026 969 1152 1031 ordinis

357 1065 628 1138 Praedicatorum,
653 1081 792 1145 quorum
816 1067 897 1130 utile
919 1062 1150 1140 ministerium,

357 1163 390 1223 et
403 1159 598 1239 religionem
613 1164 779 1226 credimus
798 1165 865 1227 Deo
882 1162 1023 1242 gratam,
1045 1165 1080 1227 in
1096 1182 1154 1227 eo-

356 1275 430 1320 rum
441 1261 608 1338 proposito
619 1262 779 1324 laudabili
793 1261 1016 1336 confoventes
1029 1259 1155 1325 babea-

356 1357 399 1418 tis
411 1373 469 1436 pro
483 1358 595 1421 nostra
607 1359 638 1422 et
649 1361 845 1438 apostolicae
862 1358 956 1422 Sedis
967 1356 1153 1424 reverentia

358 1455 614 1530 commendator,
640 1457 675 1517 in
692 1457 761 1518 suis
781 1458 1034 1519 necessitatibus
1050 1458 1155 1518 assis-

356 1553 455 1614 tendo
469 1553 525 1630 qui
540 1551 676 1614 verbum
694 1554 826 1616 Domini
839 1556 944 1632 gratis
959 1555 992 1616 et
1013 1553 1155 1616 fideliter

357 1653 588 1728 proponentes,
602 1650 800 1714 intendendo
814 1649 1014 1730 profectibus
1025 1650 1157 1714 anima-

357 1763 442 1821 rum,
468 1749 574 1825 ipsum
594 1749 768 1810 Dominum
793 1749 900 1812 solum
924 1750 1040 1822 secuti,
1068 1766 1155 1827 pau-

359 1845 496 1921 pertatis
506 1845 872 1924 titulumpraetulerunt,
886 1864 1003 1924 preces
1015 1847 1047 1910 et
1059 1863 1157 1908 man-

360 1941 473 2004 datum
489 1941 640 2007 nostrum
652 1944 764 2006 taliter
777 1945 958 2022 impleturi,
978 1947 1014 2007 ut
1028 1945 1063 2006 in
1083 1941 1156 2006 dis-

360 2037 450 2100 tricti
466 2036 631 2100 examinis
649 2039 702 2100 die
716 2041 814 2118 positi
833 2042 875 2102 ad
894 2039 1066 2102 dexteram
1082 2058 1156 2102 cum

359 2134 474 2197 electis
484 2151 623 2211 regnum
635 2153 709 2197 cum
720 2137 768 2198 eis
781 2137 973 2216 percipiatis
982 2139 1154 2210 aeternum,

359 2247 426 2292 non
456 2232 601 2293 audituri
630 2233 855 2296 damnationis
879 2235 1076 2296 sententiam
1098 2251 1156 2295 re-

359 2329 553 2405 proborum,
572 2347 652 2407 quos
670 2347 730 2409 pro
750 2331 937 2408 contemptu
956 2329 1073 2393 talium
1088 2329 1157 2410 ipse

359 2427 457 2498 Deus
477 2427 532 2504 qui
555 2445 590 2488 se
612 2427 646 2487 in
669 2443 785 2489 eorum
807 2429 927 2492 asserit
948 2425 1158 2506 despectione

359 2521 536 2596 contemni,
553 2525 712 2602 perpetuo
725 2521 879 2587 incendio
895 2525 1076 2604 deputabit.

398 2621 516 2683 Datum
538 2619 693 2684 Laterani
714 2621 758 2683 ΙΙΙ
774 2603 848 2683 idu's
865 2621 1025 2688 februarii
1044 2625 1158 2702 ponti-

361 2717 477 2782 ficatus
494 2719 599 2781 nostri
612 2736 701 2782 anno
717 2720 873 2782 secundo.

666 2887 858 2976 CXXXIV

380 3031 431 3092 Ad
444 3031 580 3092 abbates
596 3033 880 3093 clarevallensem
895 3032 929 3092 et
946 3034 1140 3093 Mormon-

641 3131 791 3200 deusem,
816 3131 878 3190 etc.

661 3243 692 3300 lt
706 3241 761 3299 feb.
780 3242 858 3300 lala.

447 3348 582 3412 [bouquet.
599 3349 699 3400 Recuoss
712 3348 755 3400 des
767 3349 838 3407 bist,
847 3353 868 3400 t.
886 3349 953 3410 lllll,
967 3364 992 3414 p.
1005 3349 1071 3410 etth

572 3430 671 3494 Regest.
683 3429 728 3481 lib.
740 3429 772 3489 ll,
784 3429 857 3494 epist.
873 3429 941 3496 9074

360 3525 429 3584 Cum
448 3541 496 3583 rex
516 3525 673 3600 Philippus,
694 3527 850 3584 soliacensi
863 3534 956 3586 castro
980 3527 1016 3585 ab
1028 3527 1158 3586 Aurelia·

395 3616 477 3672 uenat
487 3615 609 3673 ecelesia
625 3615 661 3674 ad
671 3623 919 3692 tempusacceplo,
932 3624 1042 3675 turrem
1052 3616 1164 3674 ibicis*

394 3705 537 3772 traxisset,
545 3704 1009 3778 reclamanteblanasseepiscopo,
1017 3707 1160 3764 Honorius

396 3807 496 3863 rogem
521 3791 556 3848 ab
577 3790 631 3849 illis
646 3793 755 3849 moueri
766 3793 856 3865 jubet,
871 3802 911 3865 ut,
928 3793 1036 3852 reddito
1055 3803 1159 3864 castro,

396 3877 701 3937 ecclesiaesaltsfacial.

401 3995 570 4058 Honorius
592 3996 818 4074 episcopus...,
839 3997 967 4062 dilectis
992 3998 1070 4060 tiliis
1085 4000 1163 4060 Gla-

360 4094 539 4156 revallensi
556 4091 617 4173 (a),
634 4095 894 4158 Morimondensi
910 4094 969 4176 (b),
986 4097 1019 4158 et
1032 4098 1068 4158 B.
1085 4099 1161 4158 Ma-

362 4191 421 4253 riae
444 4193 483 4253 de
497 4193 719 4268 Burgomedio
734 4193 884 4254 Blesensi
898 4190 955 4273 (c),
974 4193 1158 4268 abbatibus,

362 4291 582 4366 Lingonensis
605 4291 638 4352 et
659 4291 872 4352 carnotensis
892 4292 1084 4366 dioecesum,
1098 4294 1159 4354 etc.

402 4387 518 4448 Oblata
546 4387 642 4448 nobis
672 4387 872 4450 venerabilis
912 4387 1025 4450 fratris
1055 4391 1162 4450 nostri

360 4484 610 4544 aurelianensis
622 4484 769 4560 episcopi
777 4482 826 4562 (d)
838 4485 1045 4561 querimonia
1056 4484 1163 4550 decla·

360 4579 449 4641 ravit
462 4581 560 4656 quod,
577 4596 652 4641 cum
669 4581 705 4639 in
729 4596 829 4640 manu
854 4597 914 4643 sua
930 4582 1100 4645 sasivisset
1114 4581 1161 4661 (e)

362 4677 508 4738 castrum
534 4677 713 4748 soliacum,
740 4675 872 4738 feodum
896 4678 1051 4740 videlicet
1067 4697 1163 4742 suum

363 4773 491 4850 ligium,
501 4773 782 4836 utderedditibus
792 4775 824 4836 et
835 4775 1163 4854 proventibusipsius

361 4873 541 4935 resarciret
558 4871 754 4950 quibusdam
777 4871 1017 4934 mercatoribus
1043 4874 1162 4937 damna

362 4987 423 5032 sua
437 4987 510 5048 quae
524 4970 647 5032 nobilis
658 4970 709 5032 vir
720 4969 884 5032 Henricus
898 4972 1047 5049 ejusdem
1063 4955 1164 5035 castri

361 5067 1162 5147 dominusirrogarateisdem,tandemepiscopus

359 5165 431 5242 ipse
457 5165 562 5227 voluit
587 5166 623 5227 et
641 5166 819 5234 concessit,
848 5165 940 5228 salvo
964 5167 1074 5228 tamen
1085 5169 1162 5244 jnro

363 5261 614 5324 Aurelianensis
630 5261 828 5324 ecclesiaeac
843 5278 915 5335 suo,
927 5261 1013 5342 quod
1027 5265 1165 5326 carissi-

363 5375 436 5421 mus
449 5361 484 5422 in
498 5359 629 5422 Christo
641 5359 730 5421 filius
746 5361 858 5422 noster
875 5376 937 5422 rex
960 5361 1164 5423 Francorum

978 227 1152 290 uoaoau
1175 230 1219 290 111
1242 231 1388 292 orsas.
1982 248 2034 302 ,ps

1205 388 1362 463 illustris,
1392 393 1449 469 qui
1477 393 1541 456 boc
1567 395 1725 460 affectare
1748 397 1979 469 videbatur,
2007 404 2034 462 ta

1206 503 1306 548 manu
1318 503 1378 550 sua
1389 489 1535 553 castrum
1546 491 1631 554 illud
1647 496 1788 570 teneret,
1802 497 1931 558 donec
1951 511 2033 559 esset

1206 581 1445 649 mercatoribus
1461 589 1679 662 satisfactum,
1696 594 1775 670 quia
1801 609 1875 672 per
1893 610 2032 656 manus:

1207 683 1280 758 ejus
1299 683 1332 744 id
1349 683 1448 746 citius
1468 687 1598 762 poterat
1621 691 1786 766 expediri.
1804 694 1903 752 Cum
1920 696 2031 752 auten

1207 780 1352 842 castrum
1378 782 1460 844 illud
1490 785 1539 846 sic
1563 786 1722 850 traditum
1745 789 1871 852 dictus
1904 805 1976 850 rex
2004 795 2029 851 i.

1207 892 1307 939 manu
1323 894 1383 940 sua
1397 881 1537 955 teneret,
1553 882 1586 945 et
1601 883 1641 945 de
1655 883 1752 947 bonis
1765 886 1846 946 suis
1863 891 2031 948 mercato¹

1206 972 1298 1036 ribus
1318 977 1535 1042 satisfecisset
1560 980 1696 1053 eisdem,
1723 985 1981 1060 sumptuosam
2006 998 2028 1045 a

1207 1087 1361 1150 magnam
1372 1075 1492 1136 turrim
1504 1077 1576 1138 lteri
1587 1079 1622 1139 in
1633 1081 1742 1141 castro
1753 1080 1834 1158 ipso
1847 1085 2027 1158 praecep-it,

1208 1162 1440 1246 praedictorum
1475 1174 1623 1253 episcopi
1652 1178 1706 1239 vel
1746 1177 1889 1238 domim
1929 1185 2026 1240 castrt

1209 1267 1357 1344 ejusdem
1382 1269 1518 1332 minime
1549 1273 1709 1352 requisito
1738 1290 1942 1338 consensu.
1966 1280 2027 1347 Qus

1209 1363 1332 1438 audito,
1344 1366 1432 1429 idem
1448 1369 1634 1448 episcopus,
1649 1374 1804 1436 metuens
1818 1389 1871 1436 ne
1880 1379 2025 1436 castrum

1209 1464 1309 1527 vellet
1320 1461 1384 1528 sibi
1394 1481 1455 1527 rex
1470 1469 1685 1546 appropriare
1699 1465 1930 1548 praedictum,
1949 1490 2024 1533 con-

1210 1561 1347 1622 siliariis
1363 1563 1443 1636 suis,
1459 1580 1540 1641 quos
1566 1564 1732 1644 adipsum
1756 1569 1925 1640 miserat,
1959 1588 2023 1631 cun

1210 1660 1315 1736 ipsius
1329 1662 1539 1738 praesentiam
1555 1663 1679 1726 babere
1689 1682 1756 1727 non
1770 1671 1939 1744 possent,
1953 1685 2023 1727 nua-

1210 1759 1354 1820 claritat
1374 1757 1519 1823 inhibuit
1537 1778 1579 1823 ne
1598 1759 1693 1824 fleret
1705 1764 1815 1826 turris
1831 1765 1915 1836 illa,
1934 1783 2022 1842 quaa

1209 1856 1320 1917 tamen
1347 1857 1564 1920 nibilominus
1587 1859 1690 1938 incipi
1712 1863 1746 1922 et
1760 1862 1941 1939 compleri
1957 1864 2021 1922 ferit

1212 1953 1509 2016 contradictorum
1535 1948 1660 2019 domini
1680 1959 1787 2020 castri
1815 1960 1854 2020 et
1880 1960 2022 2036 episcopt

1211 2051 1425 2112 voluntatem.
1454 2053 1534 2113 Cum
1556 2055 1765 2130 postmodum
1795 2057 1921 2118 dictus
1944 2059 2020 2133 epi·-

1212 2163 1313 2225 copus
1326 2149 1360 2210 in
1369 2148 1475 2226 regali
1487 2149 1603 2213 fuisset
1610 2154 1793 2229 praesentia
1803 2155 2017 2217 constitutus.

1212 2244 1245 2306 et
1272 2247 1421 2322 paratam
1445 2241 1509 2308 sibi
1532 2245 1668 2310 offerret
1684 2250 1894 2325 pecuniam,
1912 2251 1955 2312 de
1970 2269 2018 2326 qu

1213 2341 1423 2405 satisfecerat
1434 2345 1673 2406 mercatoribus
1694 2347 1904 2420 antedictis„
1922 2348 2018 2408 bunu-

1213 2439 1288 2500 liter
1303 2439 1519 2518 supplicando
1537 2441 1573 2505 ut
1587 2443 1732 2504 castrum
1757 2443 1884 2520 ipsum
1914 2447 1960 2517 ei,
1979 2449 2018 2505 ret

1213 2536 1300 2598 dicto
1312 2535 1414 2597 nobili
1428 2535 1616 2614 quideipso
1631 2535 1730 2601 homo
1742 2555 1830 2601 suus
1848 2541 1960 2617 ligius
1970 2547 2016 2604 est.
2042 2557 2043 2618 p

1212 2633 1389 2696 restituere
1414 2635 1617 2710 dignaretur,
1634 2635 1666 2696 id
1681 2633 1822 2698 efficere
1838 2641 1961 2700 noluit
1974 2656 2016 2715 pm

1213 2746 1282 2791 suae
1297 2730 1438 2792 arbitrio.
1450 2731 1643 2793 voluntatis.
1661 2733 1743 2794 Cum
1766 2733 1950 2810 igiturex
1972 2737 2017 2796 ba·

1214 2827 1298 2904 quod
1323 2827 1481 2904 praefatus
1496 2844 1558 2890 rex
1571 2829 1718 2890 detineat
1731 2829 1857 2892 taliter
1882 2836 2016 2894 castruu

1214 2925 1333 3002 ipsum,
1357 2925 1444 3002 quod
1468 2929 1529 2996 est,
1547 2927 1583 2989 ut
1609 2927 1739 3000 asserit,
1770 2929 1943 2993 ecclesiae
1964 2948 2015 2990 sua

1213 3021 1396 3084 membrum
1410 3022 1532 3094 nobile,
1549 3025 1582 3084 et
1599 3025 1841 3100 episcoporum
1871 3029 2015 3088 Aurelia·

1214 3120 1368 3182 nensium
1384 3121 1557 3182 consuevit
1571 3136 1644 3182 esse
1662 3120 1837 3200 refugium
1869 3126 2013 3202 speciale,

1214 3232 1280 3279 non
1305 3218 1469 3280 modicum
1498 3217 1530 3279 ei
1557 3216 1688 3280 videtur
1715 3221 1749 3280 et
1774 3219 1945 3283 ecclesiae
1963 3239 2014 3282 sua

1215 3315 1446 3392 praejudicium
1460 3317 1628 3390 generari,
1640 3317 1833 3392 praesertim
1859 3335 1945 3382 cum
1964 3337 2013 3380 uo-

1214 3409 1290 3472 bilis
1320 3411 1506 3475 antedictus
1541 3413 1747 3475 incessanter
1779 3417 1946 3494 requirat
1969 3433 2013 3493 per

1214 3510 1311 3570 tidem
1329 3525 1423 3572 suam
1438 3511 1638 3587 episcopum,
1657 3511 1833 3587 tamquam
1856 3513 2010 3574 dominun

1215 3624 1311 3669 suum
1337 3607 1465 3683 ligium,
1496 3609 1532 3668 ut
1554 3607 1617 3668 sibi
1640 3607 1799 3672 restituat
1814 3611 1876 3672 vel
1900 3613 2009 3676 restim

1215 3704 1316 3767 faciat
1336 3706 1481 3766 castrum
1508 3721 1615 3778 suum,
1645 3703 1757 3766 refusa
1771 3710 1930 3783 pecunia
1954 3725 2007 3770 me

1215 3804 1355 3862 morata.
1795 3865 1803 3878 ,

1256 3898 1474 3960 serenitatem
1486 3901 1558 3976 ejus
1569 3914 1625 3976 per
1640 3899 1772 3960 nostras
1783 3900 1923 3964 litteras
1933 3919 2005 3978 roga·

1215 4013 1289 4058 mus
1316 3995 1475 4058 attentius
1499 3997 1531 4057 et
1545 3996 1757 4057 obsecramus
1772 3997 1811 4058 in
1828 4001 1967 4060 Domino
1982 4010 2002 4056 u

1215 4093 1262 4155 ita
1278 4109 1378 4169 super
1392 4093 1455 4156 boc
1470 4093 1624 4171 episcopo
1638 4091 1827 4157 satisfaciat
1842 4098 2001 4158 antedicto.

1216 4191 1421 4251 restituendo
1433 4194 1577 4252 castrum
1588 4181 1695 4266 ipsum
1706 4190 1817 4252 eidem
1828 4194 1886 4254 vel
1897 4195 2000 4256 bombi

1217 4305 1276 4348 suo
1292 4287 1461 4365 praedicte,
1478 4287 1592 4349 refusa
1613 4287 1658 4347 ibi
1678 4290 1821 4364 pecunia
1843 4307 1944 4366 quam
1960 4307 2002 4351 ex·

1200 4447 1202 4450 .
1217 4386 1315 4446 solvit
1329 4383 1585 4458 mercatoribus;
1602 4383 1654 4446 rel
1666 4383 1695 4444 si
1710 4401 1811 4464 quam
1826 4387 1925 4460 alias,
1934 4388 2002 4448 bona

1217 4481 1291 4555 tide,
1301 4483 1490 4546 necessario
1504 4483 1540 4543 in
1554 4481 1784 4546 observati-one
1795 4483 1907 4560 ipsius
1920 4483 2004 4546 centri

1217 4579 1384 4657 expendit,
1402 4579 1485 4656 quod
1501 4579 1542 4640 ad
1563 4578 1650 4640 boua
1664 4578 1885 4641 ecclesiarum
1898 4583 1931 4642 iu
1946 4587 2002 4658 eju·-

1217 4677 1417 4756 injuriam,a
1432 4693 1496 4754 quo
1511 4675 1598 4738 bona
1609 4678 1727 4737 cuncta
1743 4679 1937 4754 procedunt,
1951 4696 2003 4739 uon

1218 4775 1371 4837 videatur
1385 4773 1509 4836 babere
1529 4789 1647 4835 manus
1670 4774 1785 4835 aridas
1805 4777 2001 4838 eterianus.

1218 4872 1386 4951 Alioquin,
1405 4873 1706 4950 quantumcrunque
1729 4873 1941 4935 serenitatem
1962 4891 2004 4935 re-

1218 4971 1308 5048 giam
1322 4969 1504 5033 babeamus
1524 4969 1741 5040 carissimam,
1758 4969 1855 5047 eique
1866 4973 2001 5034 velimus

1219 5069 1378 5146 quantum
1400 5065 1580 5144 poterimus
1598 5083 1673 5126 cum
1700 5068 1768 5128 Deo
1792 5067 1932 5140 deferre,
1953 5071 2002 5130 sili
2042 5071 2043 5118 3

1218 5169 1327 5228 tamen
1343 5181 1410 5228 non
1426 5165 1508 5226 adeo
1524 5163 1722 5236 deferemus,
1737 5165 1773 5226 nt
1787 5169 2002 5244 aequanimiter

1217 5265 1378 5326 toleretur
1401 5278 1421 5323 a
1444 5261 1550 5334 nobis
1577 5261 1606 5322 si
1631 5260 1732 5342 (quod
1754 5261 1879 5344 absitt)
1907 5265 2002 5325 taliter
2042 5317 2043 5334 ,

1219 5359 1455 5422 aurelianensi
1490 5357 1669 5438 injurietur
1708 5360 1860 5423 ecelesiae
1903 5364 2002 5424 contra

399 5557 440 5634 (a)
456 5561 616 5620 Gulllelmo.
649 5561 687 5636 (l)
704 5561 836 5620 Guidoni.
864 5561 902 5637 (c)
918 5564 1040 5622 llervao.
1073 5562 1113 5636 (d)
1128 5563 1294 5624 llanasssis.
1325 5563 1359 5638 (e)
1373 5561 1556 5622 scribendum
1571 5561 1740 5620 saisivisset.
