4214 6400
953 351 1129 414 souonu
1151 351 1196 414 1u
1218 348 1366 413 ornan.
1944 355 1975 415 sa
2046 333 2047 424 ξ

654 518 816 606 XXXVI
1189 511 1262 587 quis
1291 510 1402 572 autem
1434 507 1498 570 hoc
1523 507 1689 570 attentare
1722 511 1972 586 praesumpserit,

1188 607 1451 685 indignationem
1467 605 1704 682 omnipotentis
1729 606 1792 667 Dei
1814 608 1848 667 et
1872 607 1974 670 beato-

360 699 444 782 'Ad
458 723 804 784 Girolttumobbotcm
823 724 857 785 ct
876 726 1082 786 collocutum
1187 719 1258 767 ΓΘΗ]
1274 705 1367 766 Petri
1382 702 1522 765 &Pauli
1538 703 1769 780 apostolorum
1791 705 1864 781 ejus
1880 721 1913 766 ⁸0
1927 723 1976 768 ¹10·
2046 765 2047 792 ;

610 823 859 882 maniacense&
1187 802 1274 864 verit
1286 803 1509 862 incursurum.
1526 801 1644 862 Datum
1660 800 1835 872 Laterani,
1849 803 1869 862 3
1883 817 1975 865 nonas

637 933 737 991 lboct.
756 934 835 993 42¹6·
1188 899 1360 970 februarii,
1385 898 1596 976 pontificatus
1623 899 1733 960 nostri
1757 914 1847 960 anno
1874 901 1975 964 octauo

1188 997 1327 1058 decimo.
1342 995 1466 1058 »Nulli
1483 1011 1573 1072 ergo,
1589 997 1650 1058 etc.
1673 995 1801 1057 Datum
1823 998 1973 1069 Laterani,

1188 1094 1297 1155 idibus
1325 1093 1479 1168 octobris,
1507 1093 1721 1172 pontificatus
1745 1093 1872 1168 nostri,
1900 1111 1975 1156 anuo

338 1187 453 1251 Giroldo
467 1187 561 1247 abboli
575 1196 606 1247 et
618 1191 775 1248 conventui
784 1190 1018 1250 cluniacensibus
1027 1191 1130 1250 conllr-
1188 1192 1306 1269 primo.

372 1283 432 1334 mat
452 1279 623 1336 sententiam
646 1294 731 1350 super
748 1280 889 1337 electione
910 1288 939 1337 et
955 1281 1133 1338 institutione

374 1364 476 1436 prioris
488 1365 517 1421 iu
533 1367 707 1424 monasterio
725 1366 760 1424 de
775 1367 917 1427 charitate
936 1367 972 1426 eb
988 1371 1130 1426 innocen·
1492 1359 1676 1448 XXXVII

372 1452 412 1510 tio
422 1454 462 1510 lll
473 1468 524 1526 pro
539 1455 581 1512 eis
595 1455 693 1512 latam.

388 1053 498 1118 meges.
515 1053 560 1106 lib.
574 1055 595 1116 l,
607 1054 680 1120 epist.
688 1055 727 1106 36.
739 1057 797 1108 llss.
814 1057 849 1108 Le
859 1058 931 1109 Porlc
944 1057 978 1108 dn
992 1057 1086 1120 Thell]

282 1619 286 1626 ·
377 1579 545 1640 Honorius
558 1579 869 1658 episcopusservus
882 1583 1131 1655 servorumllei,
1256 1541 1308 1600 Ad
1321 1537 1573 1601 mmmmm
1597 1540 1917 1600 mmmmm

338 1672 468 1734 dilectis
493 1674 572 1735 illlis
603 1676 737 1738 Giroldo
763 1676 874 1739 abbati
897 1678 931 1739 et
956 1678 1132 1740 conventui
1486 1639 1522 1697 S·
1543 1637 1681 1696 Marioe·

337 1769 610 1860 Cluniaceusibus
633 1773 821 1836 salutemet
837 1775 1052 1852 apostolicam
1073 1775 1134 1836 be·
1478 1747 1512 1804 ld
1531 1754 1586 1805 ⁰⁰¹·
1611 1746 1691 1805 ¹²¹⁶·

337 1867 569 1930 nedictionem'
1188 1895 1280 1962 [Lami,
1294 1902 1388 1946 sancte
1400 1895 1509 1948 ecclesiae
1519 1895 1672 1947 Florentino
1688 1899 1869 1955 monumenta,
1882 1910 1905 1960 p.
1915 1895 1972 1959 dull]

377 1965 481 2027 ausus
510 1967 690 2043 petentium
715 1968 890 2030 desideriis
918 1970 1053 2046 dignum
1081 1969 1133 2031 est
1824 2037 1830 2050 ,
1956 2038 1962 2050 ,

338 2075 400 2120 nos
414 2059 544 2123 facilem
554 2063 703 2139 praebere
719 2067 1096 2143 assensumetvotaquae
1112 2082 1132 2127 a
1187 2039 1351 2097 Tutclsmet
1361 2038 1569 2112 protectionem
1579 2037 1847 2112 apostolicaesedis
1857 2035 1972 2094 concedit

337 2157 480 2219 rationis
490 2159 622 2222 tramite
632 2176 698 2222 non
714 2161 915 2235 discordant,
930 2163 1050 2224 effectu
1060 2180 1133 2240 pro·
1221 2142 1378 2229 ⁰m⁰,e⁸q¹¹³
1402 2142 1465 2228 Ψ
1488 2141 1688 2228 p⁰⁸⁸⁰ff⁸¹⁰ne⁸
1707 2126 1843 2228 ³⁰.b⁰.⁰⁰
1866 2140 1971 2225 qu⁰f¹¹ff¹¹

339 2255 496 2331 sequente
520 2257 695 2334 complere·
716 2261 764 2320 Ea
789 2261 933 2336 propter,
959 2260 1071 2323 dilecti
1096 2262 1131 2320 in
1221 2217 1341 2318 plurima
1354 2215 1469 2273 exhibet
1486 2229 1607 2289 proprus
1622 2215 1786 2286 vocabulis,
1797 2229 1861 2288 pure
1876 2228 1907 2271 ao
1919 2229 1967 2286 pu·

338 2351 478 2413 Domino
498 2353 569 2426 tilii,
593 2355 712 2416 vestris
732 2357 832 2434 justis
856 2357 1009 2434 precibus
1033 2357 1133 2419 inoli-
1220 2304 1326 2378 wlegm
1341 2304 1501 2362 ‘mmm'

338 2447 408 2509 nati
430 2448 841 2514 detlnitivamsententiam
856 2470 957 2530 super
971 2454 1131 2516 electione
1225 2447 1392 2510 Honorius
1435 2448 1626 2526 episcopus,
1664 2463 1787 2510 seruus
1815 2461 1969 2507 servorum

338 2559 378 2606 ac
399 2545 644 2610 institutione...
668 2550 789 2628 prioris
806 2551 1006 2613 decoritate
1021 2552 1133 2614 aseli—
1185 2545 1261 2618 Dei,
1282 2545 1411 2607 dilectis
1435 2545 1513 2606 tiliis
1544 2543 1654 2606 abbati
1678 2543 1876 2606 monasterii
1898 2541 1969 2602 Val-

337 2642 385 2704 cis
395 2645 564 2707 memoriae
579 2648 772 2710 Innocentio
789 2664 875 2726 papa
886 2649 1130 2726 praedecessore
1185 2642 1401 2716 lumbrosassb
1420 2645 1557 2720 ejusque
1569 2641 1743 2715 tratribus,
1756 2644 1824 2703 tam
1837 2653 1969 2716 lllaesess·

337 2742 461 2813 nostro,
474 2759 534 2818 pro
543 2743 776 2820 vousjusuua
792 2747 945 2824 exigente
956 2748 1128 2823 prolatam,
1184 2739 1403 2818 libusuam
1427 2740 1559 2812 suturis,
1580 2739 1773 2816 regularem
1787 2738 1886 2800 viem
1899 2750 1968 2813 pro-

337 2835 425 2897 sicut
438 2837 473 2896 in
488 2839 635 2915 ejusdem
651 2841 905 2917 praedecessoris
922 2843 1027 2905 nostri
1037 2843 1132 2906 litte-
1185 2837 1282 2898 lessis
1292 2838 1326 2898 in
1340 2838 1545 2916 perpetuum.

338 2932 385 2993 ris
400 2934 598 3008 continetur,
622 2938 819 3000 auctoritate
842 2939 1031 3014 apostolica
1051 2954 1132 3002 con·
1226 2935 1429 3011 Religiosam
1438 2933 1541 2995 vitam
1552 2933 1755 3010 eligentibus
1769 2929 1967 3008 apostolicum

338 3027 520 3102 firmamus,
544 3034 577 3093 et
601 3035 775 3110 praesentis
808 3036 924 3112 scripti
946 3036 1130 3113 patrocinio
1185 3031 1467 3093 convenitadosse
1482 3030 1685 3109 praesidium,
1704 3045 1747 3090 ne
1769 3027 1852 3090 sorte
1867 3028 1967 3102 quus·

338 3128 597 3205 communimus;
614 3129 655 3190 ad
669 3130 720 3192 rei
730 3131 841 3192 autem
855 3132 1054 3194 evidentiam
1065 3133 1132 3210 ple·
1184 3127 1264 3191 libet
1276 3129 1471 3190 temeritatis
1486 3128 1651 3199 incursus,
1666 3128 1727 3188 aut
1739 3142 1796 3188 eos
1818 3141 1837 3185 a
1857 3135 1965 3200 propo-

337 3223 465 3284 niorem
494 3225 821 3304 sententiam-ipsam
852 3229 1071 3306 praesentibus
1090 3230 1130 3292 de
1185 3226 1248 3287 sito
1271 3225 1415 3298 revocet,
1437 3225 1495 3287 aut
1514 3225 1626 3298 robur,
1646 3225 1736 3302 quod
1757 3222 1856 3294 absit,
1876 3231 1965 3279 sacrae

336 3317 438 3380 verbo
454 3321 495 3381 ad
512 3321 649 3383 verbum
663 3323 819 3385 duximus
833 3326 1055 3399 inserendam,
1072 3343 1132 3388 cu·
1184 3322 1356 3398 religionis
1371 3322 1542 3398 infringat.
1563 3323 1609 3382 Ea
1629 3323 1778 3399 propter,
1796 3317 1902 3380 dilecti
1915 3311 1965 3374 lilii

332 3417 389 3492 jus
404 3415 500 3480 tenor
518 3419 654 3481 esttalis
671 3423 928 3484 :cinnocentius
943 3425 1128 3500 episcopus,
1184 3420 1220 3480 in
1235 3420 1385 3492 Domino,
1402 3419 1434 3482 et
1449 3419 1568 3482 vestris
1579 3418 1680 3497 iustis
1703 3411 1965 3496 postulationibus

336 3527 453 3574 servus
476 3532 648 3579 servorum
670 3519 741 3590 Dei,
758 3519 887 3582 dilectis
901 3520 980 3580 liliis
996 3520 1129 3583 Giroldo
1184 3517 1364 3579 clementer
1385 3517 1574 3589 annuimus,
1592 3516 1624 3578 et
1644 3515 1823 3592 praelatum
1846 3523 1965 3572 monas-

335 3610 446 3673 ebbati
461 3613 494 3674 et
508 3615 685 3678 conventui
703 3616 925 3691 Cluuiacensi,
942 3618 1082 3679 salutem
1097 3618 1130 3680 et
1183 3615 1304 3677 terium
1312 3614 1623 3675 vallumbrosanum
1637 3613 1752 3691 inquo
1767 3611 1876 3673 divino
1891 3619 1966 3666 man·

334 3708 549 3784 apostolicam
572 3712 845 3775 benedictionem.
867 3715 998 3778 Auditis
1024 3717 1056 3777 et
1075 3717 1131 3777 in·
1184 3711 1284 3788 cipati
1292 3712 1373 3773 estis
1387 3710 1556 3788 obsequio,
1569 3710 1610 3771 ad
1621 3711 1799 3788 exemplar
1810 3705 1964 3769 felicisre-

333 3803 476 3865 tellectis
487 3823 560 3882 quae
576 3809 651 3881 ate,
668 3809 786 3872 dilecte
802 3811 850 3872 illi
861 3811 974 3882 abbas,
988 3829 1047 3888 pro
1063 3829 1130 3874 mo·
1184 3809 1311 3871 cordati
1350 3807 1544 3881 Pasohali3‚
1584 3807 1743 3880 Adriani,
1787 3797 1962 3868 Alexandri,

334 3900 481 3964 nestorio
495 3904 552 3964 tuo
567 3921 610 3965 ex
624 3907 717 3981 parte
741 3923 818 3979 una,
843 3909 876 3969 et
901 3909 1073 3970 monachis
1088 3910 1129 3971 de
1183 3906 1289 3980 Lucii,
1305 3902 1444 3978 Urbani,
1458 3905 1629 3966 celestini
1645 3905 1679 3966 et
1693 3900 1964 3974 innocentii,prae·

335 3997 480 4061 Caritate
496 4016 538 4061 ex
552 4001 668 4073 altera,
684 4019 783 4079 super
798 4003 959 4067 electione
978 4021 1018 4067 ac
1032 4006 1129 4068 insti·
1183 4001 1394 4064 decessorum
1408 4005 1597 4064 nostrorum
1606 4005 1831 4064 Romanorum
1843 3991 1963 4058 Pontifi-

333 4093 460 4158 tutioue
475 4097 596 4173 prioris
610 4099 703 4161 tuere
713 4102 882 4178 proposita
897 4118 1008 4164 coram
1019 4103 1126 4178 uobis,
1183 4117 1268 4172 cum,
1284 4089 1373 4178 quod
1383 4117 1442 4177 pro
1458 4103 1493 4160 Β.
1511 4099 1626 4161 Mariae
1646 4099 1797 4174 Virginis
1818 4105 1961 4156 reveren-

334 4188 375 4252 de
394 4190 532 4255 fratrum
553 4195 741 4258 nostrorum
756 4198 898 4260 consilio
912 4201 969 4276 jus
984 4198 1128 4275 eligendi
1182 4198 1228 4258 tie
1244 4201 1311 4259 Deo
1334 4197 1478 4259 dicatum
1500 4199 1560 4269 est,
1585 4196 1619 4257 in
1639 4199 1800 4258 Romanae
1822 4185 1961 4253 Ecclesia

333 4289 367 4352 et
376 4289 568 4354 inst'tuendi
581 4294 726 4370 priorem
741 4295 775 4355 iu
792 4296 994 4359 monasterio
1010 4297 1050 4358 de
1065 4299 1129 4359 Ga·
1182 4295 1434 4372 proprietatem,
1468 4294 1642 4368 tutelam,
1666 4295 1701 4355 et
1741 4288 1961 4371 protectionem

333 4386 432 4449 ritate
446 4389 507 4451 tibi
526 4393 560 4453 et
573 4391 638 4454 tuis
659 4392 907 4456 successoribus
932 4393 1129 4472 adjudican·
1181 4392 1380 4469 spostolicae
1401 4392 1495 4452 Sedis
1515 4391 1726 4469 suscipimus,
1749 4390 1782 4452 et
1802 4377 1961 4465 presentis
2046 4467 2047 4470 Ἴ

332 4484 394 4554 tes,
422 4502 523 4563 super
544 4487 607 4549 boo
629 4489 725 4551 alteri
749 4491 943 4567 perpetuum
971 4492 1127 4554 duximus
1182 4490 1297 4567 scripti
1312 4489 1487 4567 privilegio
1502 4489 1755 4550 communimus.

332 4581 502 4643 silentium
517 4584 762 4660 imponendum.
779 4588 985 4660 Mandantes,
1009 4591 1046 4651 ut
1068 4589 1129 4650 ab·
1220 4589 1258 4648 In
1283 4587 1399 4664 primis
1423 4586 1585 4662 siquidem
1607 4585 1790 4648 statuentes
1826 4579 1861 4642 ut
1889 4569 1957 4636 ord⁰

332 4676 393 4738 bas
416 4680 644 4743 cluniacensis
666 4698 766 4760 super
784 4685 991 4747 institutione
1006 4686 1126 4762 prioris
1182 4685 1394 4756 monasticus,
1411 4683 1468 4761 qui
1483 4683 1663 4745 secundum
1677 4686 1792 4754 Deum,
1810 4679 1842 4740 ot
1860 4678 1893 4735 B·
1907 4672 1960 4730 ΒΘ·

332 4789 408 4836 cum
427 4777 599 4839 monacbis
621 4779 792 4858 utriusque
814 4782 1006 4844 monasterii
1019 4784 1129 4845 matu·
1182 4781 1304 4843 nedioti
1331 4782 1481 4858 regulam
1501 4782 1536 4842 in
1566 4781 1681 4842 eodem
1705 4781 1779 4841 loco
1808 4765 1959 4836 institutus

331 4872 431 4936 rioris
455 4875 562 4937 aetatis
587 4877 622 4938 et
655 4878 797 4939 sanioris
826 4879 959 4940 consilii
982 4880 1128 4957 pruden-
1182 4895 1255 4940 esse
1281 4878 1498 4956 dignoscitur,
1515 4879 1684 4955 perpetuis
1706 4875 1828 4938 ibidem
1847 4870 1959 4939 tempo·

330 4967 383 5031 ter
411 4969 580 5046 deliberet,
615 4974 648 5036 et
672 4974 713 5036 de
734 4974 882 5052 ipsorum
909 4977 1048 5038 consilio
1078 4977 1125 5038 il·
1181 4977 1274 5038 ribus
1288 4976 1525 5038 inviolabiliter
1538 4975 1741 5037 observetur.

331 5066 400 5128 lum
435 5067 601 5143 instituat,
632 5087 729 5148 quem
761 5073 942 5134 secundum
975 5073 1126 5136 Instituta
1221 5074 1387 5136 Praeterea
1398 5089 1622 5151 quascumque
1633 5070 1867 5150 possessiones,
1880 5069 1956 5136 (11133-

330 5165 501 5241 regularia
516 5168 638 5230 viderit
662 5168 915 5246 praeferendum.
943 5171 992 5232 lta
1016 5173 1126 5234 tamen
1181 5187 1321 5248 cumque
1336 5171 1435 5239 bona,
1455 5169 1543 5230 idem
1570 5169 1806 5231 monasterium
1830 5162 1863 5221 in
1881 5165 1956 5233 prae·

329 5264 417 5340 quod
441 5280 484 5330 ex
509 5265 572 5327 boc
596 5266 688 5328 nulla
715 5268 889 5330 immineat
916 5268 1126 5330 Cluniacensi
1181 5269 1362 5330 sentiarum
1376 5268 1466 5345 juste
1488 5283 1528 5328 ac
1552 5267 1712 5328 canonice
1736 5243 1957 5343 possidebant
2046 5271 2047 5324 1

330 5359 440 5422 abbati
454 5364 635 5424 necessitas
658 5365 736 5441 quin
762 5364 887 5427 saniori
911 5365 1053 5427 consilio
1069 5383 1127 5428 ac·
1180 5366 1214 5426 in
1241 5365 1387 5427 futurum
1414 5365 1629 5426 concessione
1656 5353 1865 5424 Pontificum,
1896 5347 1955 5406 las·

329 5459 489 5535 quiescat.
501 5460 593 5521 Nulli
608 5477 687 5538 ergo
699 5463 832 5524 omnino
845 5461 1015 5523 homiuum
1027 5463 1126 5525 liceat
1179 5463 1305 5538 gitione
1317 5479 1443 5539 regum,
1460 5462 1512 5523 vel
1526 5461 1724 5539 principum,
1748 5452 1904 5521 oblatione
1921 5438 1954 5498 fl·
2046 5523 2047 5540 χ

2044 5407 2047 5474 l

328 5555 416 5620 hauc
439 5557 595 5634 paginam
621 5560 743 5620 nostrae
774 5557 977 5620 delinitionis
999 5559 1124 5621 infrln-
1180 5561 1313 5632 delium,
1340 5576 1398 5622 seu
1425 5560 1501 5621 aliis
1519 5558 1620 5637 iustis
1647 5559 1752 5620 modis
1779 5535 1952 5632 (praestante
2046 5607 2047 5640 ,

327 5666 408 5729 gere
433 5653 485 5716 vel
509 5655 540 5717 ei
574 5671 659 5728 ausu
682 5655 860 5719 temerario
885 5657 1061 5720 contraire.
1089 5659 1124 5721 Si
1179 5656 1333 5737 Domino)
1352 5657 1473 5736 poterit
1488 5655 1643 5734 adipisci,
1661 5656 1754 5718 llrma
1776 5644 1862 5711 vobis
1882 5648 1950 5698 res·
