4234 6408
347 232 407 296 251
956 217 1133 297 bonomi
1155 215 1201 276 111
1223 214 1371 276 cenna.
1935 214 1997 278 252

345 389 469 454 nentiis
490 387 572 459 suis,
588 382 747 448 ecclesias
766 379 807 443 de
827 377 958 456 Riopal,
972 376 1014 440 de
1028 378 1140 438 Trna-
1194 372 1283 438 Idem
1308 371 1533 452 praedecessor
1572 372 1695 446 nostor,
1730 373 1767 436 ut
1793 371 1998 438 desiderium

343 490 483 560 tiexore,
507 485 547 546 de
571 483 685 544 Castro
706 478 932 548 Dominarum,
954 476 994 537 de
1018 475 1136 546 Bilcih,
1194 471 1344 550 praedicti
1359 469 1503 532 ministri
1516 468 1690 531 fundatum
1705 469 1741 532 in
1756 471 1888 534 Christo
1903 489 1996 551 prae-

346 589 386 650 de
406 590 549 655 Bannos,
570 581 611 642 de
633 577 763 649 Tolosa,
777 577 818 638 de
832 575 1004 646 Alarolnos,
1019 574 1059 634 de
1076 572 1141 634 Ca·
1194 571 1353 647 terquom
1367 567 1525 646 peninon
1543 567 1650 645 potest
1664 567 1782 630 stabile
1797 569 1998 632 fundamen-

346 699 456 756 raoue,
474 681 515 742 de
534 677 713 748 Benevent,
734 674 774 736 de
802 675 964 751 Zugueca‚
982 673 1022 734 de
1042 673 1140 732 Petra
1193 667 1274 740 tum,
1298 665 1428 744 plenius
1448 665 1612 737 nosceret,
1641 665 1682 726 ad
1706 665 1803 728 bonas
1825 667 1996 730 memoriae

347 783 473 853 sancta,
500 779 540 840 de
563 777 729 852 Malagon,
751 774 791 834 de
813 771 1043 847 Guadallierza
1065 785 1140 830 cum
1196 764 1396 842 episcopum,
1422 761 1455 824 et
1476 762 1632 825 dilectum
1652 762 1757 824 lilium
1783 763 1936 826 abbatem
1961 767 1995 828 S.

346 879 499 944 omnibus
526 873 677 940 terminis
703 873 790 944 suis,
822 870 967 932 decimas
993 867 1140 931 omnium
1195 862 1338 924 Victoris
1354 860 1555 923 Parisiensis
1571 877 1646 922 cum
1659 861 1729 922 suis
1743 861 1926 925 ctrmdnxit
1940 863 1998 926 lit-

346 978 535 1042 reddituum
562 971 726 1049 regalium
754 969 1019 1047 supradictorum
1049 965 1164 1028 loco-¹
1195 959 1276 1022 teris
1300 958 1543 1028 remittendum,
1567 959 1603 1020 ut
1625 973 1686 1035 per
1712 974 1781 1031 eoa,
1805 960 1918 1037 utpote
1940 959 1997 1038 qui

347 1092 432 1148 rum,
453 1071 612 1136 ecclesias
633 1070 674 1131 de
694 1069 859 1144 Arezaget
882 1067 914 1128 ct
937 1066 977 1126 de
999 1063 1141 1126 Gabaris
1196 1056 1398 1119 desiderium
1413 1059 1486 1135 ejus
1510 1055 1688 1134 perfectius
1705 1057 1922 1120 noverantde
1937 1057 1996 1119 in-

348 1189 421 1253 quae
446 1172 593 1247 tempore
620 1168 677 1230 tuo
702 1182 722 1227 a
747 1167 990 1228 Saracenorum
1018 1161 1141 1239 ereptae
1196 1155 1343 1218 tentione
1356 1169 1428 1228 sna,
1445 1153 1478 1216 et
1491 1153 1686 1216 intentionis
1708 1153 1818 1216 fructu
1830 1171 1870 1217 ac
1885 1155 1998 1218 inten-

346 1269 511 1341 manibus,
523 1266 637 1329 divina
649 1264 757 1342 gratia
771 1262 956 1340 inspirante
968 1261 1009 1322 ad
1023 1275 1142 1322 manns
1196 1254 1287 1316 bone
1313 1253 1449 1325 ordinis,
1477 1253 1511 1315 et
1536 1251 1672 1316 vivendi
1693 1253 1791 1316 modo
1813 1253 1996 1317 instructus

345 1372 421 1432 tuas
434 1365 608 1429 devenisse
623 1363 816 1434 noscuntur,
832 1377 930 1439 quam
952 1359 1053 1422 etiam
1070 1374 1143 1419 cm·
1197 1366 1371 1415 assensum
1383 1366 1480 1412 snum
1501 1349 1566 1411 sibi
1589 1349 1701 1428 posset
1719 1351 1871 1413 securius
1884 1352 1917 1414 et
1929 1352 1998 1414 elli-

346 1482 407 1529 nes
427 1465 504 1528 illas
526 1461 685 1526 ecclesias
698 1475 771 1538 quae
790 1460 867 1522 sunt
881 1459 970 1520 circa
985 1457 1142 1518 montana
1198 1451 1309 1513 cacius
1335 1447 1511 1526 impertiri.
1537 1449 1621 1520 Quia
1648 1447 1752 1524 igitur
1777 1449 1864 1512 sicut
1888 1449 1997 1512 dictus

346 1565 388 1627 de
416 1579 499 1640 rupe
524 1560 631 1622 sancti
658 1558 749 1621 Petri
771 1559 803 1620 et
826 1557 866 1618 de
891 1555 1026 1632 Riopal,
1049 1554 1082 1616 et
1102 1553 1142 1615 de
1197 1547 1422 1626 praedecessor
1448 1547 1560 1608 noster
1584 1561 1627 1608 ex
1649 1559 1765 1609 eorum
1790 1545 1910 1609 litteris
1928 1547 1995 1610 evi-

348 1663 484 1732 Secura‚
501 1661 534 1720 et
548 1658 588 1719 de
603 1655 712 1728 Turri,
728 1655 761 1718 et
779 1655 820 1716 de
836 1653 958 1731 Askep,
974 1653 1007 1715 et
1020 1655 1141 1724 Poren,
1198 1647 1315 1709 denter
1337 1645 1502 1721 cognovit,
1535 1643 1659 1706 Christi
1683 1644 1812 1706 lucrum
1840 1647 1997 1724 appetere

346 1760 388 1822 de
409 1747 573 1828 Muranal,
599 1755 632 1816 et
653 1753 863 1816 Borialamen
886 1752 919 1814 et
938 1750 1088 1828 Andujar
1111 1752 1144 1811 et
1198 1743 1357 1806 videmini
1373 1741 1448 1820 plus
1463 1758 1562 1821 quam
1576 1741 1734 1812 vestrum,
1759 1758 1820 1804 nos
1834 1742 1994 1817 volentes,

348 1857 438 1920 circa
457 1855 575 1917 Chiton
604 1853 637 1915 et
664 1853 814 1928 Migneza
841 1849 874 1912 et
901 1849 1083 1926 Magazella
1111 1847 1144 1909 et
1199 1844 1235 1904 nt
1257 1841 1475 1920 apostolicum
1498 1840 1593 1903 vobis
1620 1839 1709 1902 adsit
1737 1841 1930 1917 praesidium
1954 1841 1997 1903 ad

346 1953 488 2017 Xedelin
509 1951 542 2014 et
562 1949 753 2026 Turgalium
768 1949 801 2010 et
816 1947 947 2009 Saliam
964 1947 1062 2024 juxta
1079 1945 1145 2006 iln-
1198 1939 1371 2018 exemplar
1383 1939 1534 2016 ejusdem
1546 1938 1798 2017 praedecessoris
1812 1939 1919 2002 nostri
1940 1955 2000 2000 re·

347 2064 424 2114 men
437 2048 523 2127 quod
538 2047 660 2118 dicitur
673 2046 785 2108 Tietar
797 2062 873 2106 cnm
886 2045 955 2106 toto
973 2059 1089 2121 campo
1103 2043 1144 2106 de
1198 2039 1321 2114 gulam,
1338 2039 1437 2116 juxta
1460 2052 1558 2115 quam
1582 2036 1696 2098 vivere
1721 2036 1877 2109 debeatis,
1899 2038 1998 2114 anus

347 2146 529 2212 Aranuellc
568 2159 686 2208 versus
710 2143 874 2206 'Toletum
914 2140 1144 2204 construendae
1200 2139 1349 2198 tenorem
1363 2135 1443 2198 dicti
1455 2134 1640 2212 episcopus,
1652 2135 1685 2196 et
1694 2133 1796 2196 abbas
1807 2135 1879 2195 suis
1889 2134 1998 2196 eidem

348 2247 421 2318 tibi,
445 2261 485 2308 ac
500 2260 559 2322 per
577 2245 610 2306 te
629 2242 779 2304 ecclesiae
800 2241 980 2313 Toletanae,
997 2256 1145 2318 praesen·
1198 2233 1438 2312 praedecessori
1452 2233 1566 2296 nostro
1576 2232 1742 2294 inclusum
1751 2233 1871 2295 litteris
1886 2234 1999 2295 trans-

347 2344 431 2406 tium
456 2341 653 2404 auctoritate
678 2339 890 2403 concedimus
913 2339 946 2401 et
969 2338 1144 2416 praesentis
1199 2331 1362 2394 miserunt
1371 2331 1497 2393 cumiis
1512 2347 1587 2408 quae
1598 2330 1639 2391 de
1651 2330 1868 2408 dispositione
1877 2329 1995 2409 ipsius,

345 2439 463 2518 scripti
481 2437 664 2516 patrocinio
680 2436 933 2498 communimus.
950 2436 1042 2497 Nulli
1064 2451 1143 2512 ergo
1199 2431 1232 2494 et
1245 2430 1404 2510 petitione
1428 2428 1573 2491 ministri
1596 2427 1728 2505 praeiati
1752 2428 1914 2506 disposuit
1935 2429 2000 2490 ad-

345 2535 580 2609 ole-„nostrae
600 2533 836 2605 concessionis
844 2533 933 2594 etc...
943 2533 978 2594 Si
993 2532 1067 2610 quis
1082 2549 1145 2594 au·
1194 2528 1366 2609 jungenda
1381 2526 1595 2605 praesentium
1615 2524 1722 2599 vobis,
1739 2528 1773 2588 et
1789 2527 1996 2588 successori-

346 2633 647 2706 tem,etc...Datum
655 2631 822 2698 Laterani,
831 2633 874 2692 iv
884 2631 959 2691 idus
969 2629 1141 2703 februarii,
1198 2628 1260 2689 bus
1274 2625 1393 2689 vestris
1416 2625 1614 2687 auctoritate
1637 2625 1860 2694 concedimus,
1882 2625 1915 2687 et
1928 2623 2000 2686 illi·

347 2730 558 2809 pontiflcatus
572 2727 679 2790 nostri
691 2743 779 2790 anuo
791 2728 910 2806 primo.
1199 2725 1276 2789 bata
1288 2723 1446 2803 perpetuo
1458 2737 1653 2801 permanere
1675 2723 1842 2784 sancimus
1857 2738 1998 2800 quorum

1198 2823 1359 2894 tenorem,
1373 2821 1409 2884 ut
1423 2820 1610 2883 evidentius
1622 2821 1838 2899 exprimatur,
1855 2821 1997 2883 inferius

691 2925 810 3016 CCVI
1194 2921 1356 3000 jussimus
1369 2919 1535 2981 annotari.

1238 3019 1258 3096 5
1280 3022 1308 3080 1.
1332 3021 1370 3080 ln
1386 3017 1520 3080 nomine
1542 3016 1665 3079 sanctae
1680 3016 1713 3079 et
1727 3017 1907 3081 individua
1921 3017 1998 3079 Tri-

1090 3153 1145 3212 ms
1198 3117 1323 3179 nitatis.
1341 3115 1475 3178 Fratres
1488 3115 1605 3177 domus
1615 3116 1738 3177 sanctae
1750 3116 1923 3178 Trinitatis
1936 3115 1997 3176 sub

1199 3213 1388 3276 obedientia
1402 3212 1533 3290 praelati
1547 3214 1664 3275 domus
1681 3229 1762 3286 sum,
1775 3214 1832 3291 qui
1844 3213 1998 3276 minister

1198 3311 1381 3383 vocabitur,
1408 3310 1444 3372 in
1470 3311 1622 3372 castitate
1645 3311 1775 3373 et'sine
1796 3313 1932 3390 proprio
1945 3313 1999 3374 vi-

641 3393 659 3452 9
678 3393 748 3451 febl-
770 3393 848 3452 ¹²¹⁷·
1198 3412 1288 3471 rant.
1301 3412 1423 3471 Omnes
1435 3425 1501 3481 res,
1515 3408 1734 3487 undecunque
1746 3409 1836 3471 licite
1846 3411 1996 3484 veniant,

372 3517 526 3580 molanum
536 3519 692 3580 Romanum,
704 3517 744 3570 ed.
759 3519 845 3578 Tauri,
855 3520 875 3568 t.
886 3517 930 3578 111,
940 3531 966 3581 p.
979 3515 1034 3574 alo,
1047 3513 1119 3580 ne]
1198 3509 1234 3569 in
1249 3510 1316 3570 tres
1330 3507 1441 3585 partes
1454 3506 1603 3569 dividant
1618 3507 1773 3584 aequales,
1790 3507 1823 3570 et
1837 3507 1872 3568 in
1887 3525 1999 3586 quan-

1198 3606 1268 3669 tum
1280 3605 1354 3666 duae
1369 3605 1480 3683 partes
1503 3603 1679 3678 sufficient,
1704 3607 1931 3685 exsequantur
1954 3622 1998 3668 ex

1197 3704 1268 3765 illis
1283 3719 1384 3782 opera
1405 3702 1655 3776 misericordiae,
1680 3719 1755 3765 curn
1774 3704 1826 3765 sui
1846 3705 1999 3782 ipsorum

347 3155 400 3215 Ad
410 3155 580 3214 loannem
593 3151 805 3222 mtrtistrum,
822 3151 857 3212 et
865 3149 997 3224 fratres
1011 3151 1088 3211 croti

565 3249 701 3312 Sanctae
720 3248 911 3310 Trinitatis.

385 3671 561 3746 Approbatio
576 3673 683 3746 regule
698 3673 818 3743 ordinisl¹
828 3672 940 3730 Sancta
954 3669 1099 3729 Trinitatis

540 3761 744 3835 redemptionis
758 3762 946 3835 captivomm.

384 3903 552 3964 Honorius
563 3903 749 3981 episcopus,
761 3920 877 3966 servus
888 3920 1060 3968 servorum
1071 3905 1141 3979 liei,
1199 3899 1449 3972 sustentatione,
1477 3899 1578 3962 tertia
1600 3913 1681 3961 vero
1701 3915 1781 3976 pars
1806 3903 1999 3964 reservetur

345 3999 475 4062 dilectis
495 3999 573 4062 liliis
591 4001 713 4063 Joanni
735 4000 899 4074 ministro,
926 4003 959 4064 et
981 4001 1142 4064 iratribus
1198 3997 1240 4060 ad
1264 3997 1525 4074 redemptionem
1550 3995 1768 4074 captivorum,
1782 3999 1839 4076 qui
1853 4001 1931 4062 suut
1945 3999 1999 4060 in-

343 4097 471 4160 ordinis
485 4100 518 4160 S.
532 4097 714 4173 Trinitatis,
729 4099 870 4162 salutem
884 4100 917 4162 et
929 4101 1144 4178 apostolicam
1198 4094 1361 4158 carcerati
1388 4111 1449 4173 pro
1475 4094 1539 4156 lide
1565 4094 1687 4157 Christi
1713 4110 1734 4157 a
1762 4096 1916 4173 paganis,
1943 4096 1997 4159 vel

343 4195 619 4260 benedictionem.
1198 4193 1275 4255 dato
1290 4193 1396 4271 pretio
1411 4191 1604 4254 rationabili
1623 4209 1683 4270 pro
1704 4192 1931 4272 redemptione
1944 4195 2000 4272 ip-

1198 3804 1232 3866 et
1259 3802 1307 3864 eis
1340 3801 1532 3864 necessario
1564 3799 1797 3864 famulantium
1825 3802 1999 3866 moderata
2108 3791 2109 3794 '

383 4296 549 4373 operante
563 4295 684 4358 divinae
707 4294 934 4373 dispositionis
954 4297 1141 4372 clementia,
1199 4307 1322 4364 sorum,
1358 4290 1411 4353 vel
1441 4306 1502 4368 pro
1536 4289 1763 4368 redemptione
1790 4307 1998 4370 paganorum
2108 4347 2109 4350 ,

341 4391 379 4456 in
395 4393 700 4472 sedisapostolicae
720 4395 855 4472 specula
879 4395 1061 4470 constituti,
1078 4397 1143 4476 piis
1198 4389 1416 4468 captivorum,
1433 4389 1470 4450 ut
1482 4387 1597 4467 postea
1612 4389 1804 4452 rationabili
1818 4393 2001 4453 commuta·

342 4489 500 4551 debemus
513 4490 686 4552 affectibus
700 4492 890 4569 suffragari,
907 4493 1018 4568 eteos,
1035 4511 1142 4559 cuma
1197 4488 1299 4559 tione,
1320 4486 1353 4548 ot
1380 4486 1467 4548 bona
1490 4485 1555 4547 fide
1581 4485 1765 4549 redimatur
1793 4485 2000 4548 christianus

342 4586 492 4650 caritatis
516 4588 628 4649 radice
663 4589 855 4665 procedunt,
883 4592 1064 4668 perducere
1101 4593 1143 4656 ad
1198 4601 1257 4663 pro
1272 4582 1593 4661 pagaHOSecussduffl
1602 4582 1910 4656 merita‚etsi³tum
1925 4599 2002 4663 per·

343 4683 497 4745 effectum
512 4685 708 4762 praesertim,
725 4685 782 4746 ubi
792 4688 878 4764 quod
891 4689 1053 4766 quaeritur
1063 4692 1144 4752 Jesu
1198 4699 1366 4744 sonarum.
1384 4683 1463 4742 Cum
1478 4697 1557 4742 vero
1571 4681 1711 4758 pecunia
1725 4681 1801 4744 data
1817 4682 1928 4755 luerit,
1944 4683 1999 4745 vel

343 4780 466 4844 Christi
495 4782 556 4855 est,
587 4783 620 4845 et
643 4783 782 4862 privatae
809 4788 992 4848 communis
1015 4787 1143 4851 utilitas
1198 4778 1324 4857 aliquid
1337 4779 1530 4851 aliud,licet
1541 4779 1732 4856 specialiter
1746 4779 1779 4842 et
1790 4781 1924 4858 proprie
1940 4781 2001 4842 de-

342 4878 536 4943 antelertur.
554 4883 641 4943 Sane
654 4898 728 4943 oum
742 4881 838 4945 bonae
863 4887 1032 4948 memoriae
1040 4886 1144 4948 irater
1196 4879 1252 4942 tur
1267 4879 1308 4940 ad
1333 4877 1472 4955 aliquid,
1491 4893 1622 4956 semper
1640 4877 1681 4940 da
1702 4894 1868 4941 consensu
1890 4879 1996 4952 illius,

340 4978 510 5040 iohannes
525 4979 677 5044 minister
689 4981 798 5043 vester
810 4981 851 5043 ad
867 4981 1142 5047 felicisrecorda-
1198 4977 1255 5055 qul
1269 4976 1408 5049 dederit,
1424 4975 1524 5038 ῒθΓῑῖᾶ
1548 4991 1626 5054 pars
1645 4980 1830 5054 separetur,
1852 4979 1886 5039 θ*
1899 4975 2000 5039 aliter

340 5077 443 5139 tionis
462 5079 647 5141 innocentii
661 5096 756 5158 papae
768 5081 1023 5158 praedecesscris
1036 5086 1143 5154 nostri
1197 5091 1264 5138 non
1287 5074 1479 5151 recipiatur,
1499 5074 1647 5151 exceptis
1670 5075 1781 5146 terris,
1802 5075 1918 5153 pratis,
1939 5076 1997 5137 vi·

341 5175 420 5237 olim
435 5177 646 5252 praesentiam
662 5179 871 5252 accessisset,
887 5181 921 5242 et
936 5181 1142 5258 propositum
1197 5174 1281 5246 nois,
1302 5171 1505 5245 nemoribus,
1540 5171 1701 5245 aediflciis·
1736 5173 1922 5246 nutrituris·
1964 5175 1999 5236 θῑ

341 5289 448 5346 suum,
466 5275 551 5352 quod
565 5291 608 5338 ex
622 5275 841 5354 inspiratione
861 5277 974 5339 divina
994 5279 1143 5342 creditur
1197 5271 1400 5349 hujusmodi.
1429 5271 1570 5332 Fructus
1594 5271 1683 5332 essim
1715 5270 1793 5332 inde
1822 5273 1997 5344 exeuntes,

342 5371 555 5446 processisse,
564 5371 652 5434 dicto
664 5373 903 5450 praedecessori
913 5375 1025 5436 nostro
1036 5375 1143 5439 humi·
1197 5370 1345 5433 deductis
1360 5369 1527 5447 expensis,
1542 5368 1669 5431 scilicet
1678 5369 1855 5432 medietate
1869 5371 2000 5432 remota

340 5463 418 5527 liter
432 5466 622 5543 significare
646 5471 797 5532 curasset
809 5470 1027 5533 intentionem
1047 5487 1142 5534 suam
1196 5485 1257 5548 pro
1267 5467 1424 5547 expensis
1435 5467 1471 5528 in
1482 5468 1549 5529 tres
1560 5468 1672 5544 partes
1683 5467 1873 5530 dividentur
1883 5483 2001 5546 aequa-

341 5560 724 5644 postulavitApostolico
738 5565 921 5631 munimine
936 5567 1139 5633 confirmari.
1196 5567 1261 5640 les;
1289 5566 1347 5628 sed
1375 5581 1449 5644 qum
1476 5581 1600 5643 paucas
1621 5565 1673 5630 vel
1697 5566 1808 5629 nullas
1832 5567 2001 5644 recipiant
