4200 6394
324 197 365 258 63
791 189 969 252 HONORII
990 189 1036 253 111
1057 188 1206 252 OPERA.
1223 218 1260 237 -·
1277 189 1511 254 SERMONES.
1948 197 1988 259 64

326 359 376 422 est
396 353 609 426 illuminatio,
631 349 718 414 sicut
733 349 909 412 Psalmista
925 349 1067 412 testatur
1078 347 1126 411 di·
1179 348 1237 412 eis.
1263 349 1350 413 Audi
1371 350 1543 429 Virginem
1569 351 1602 414 et
1624 351 1727 415 multa
1752 352 1985 418 sollicitudine

327 471 405 518 cens
419 476 426 516 :
440 457 599 516 Lucerna
615 451 756 526 pedibus
776 451 863 510 rnen
873 450 1016 509 verbam
1027 448 1125 510 tirum
1180 448 1396 525 occupatam:
1413 450 1494 512 Cum
1506 449 1724 513 remansisset
1733 466 1817 526 puer
1827 455 1846 514 J
1849 468 1935 514 esus
1950 453 1984 516 in

324 557 480 624 Domine,
497 553 531 614 ct
544 553 659 611 tramea
675 548 809 610 scaritis
823 549 910 608 racis
930 539 1032 614 (Psal.
1051 547 1121 618 118,
1178 546 1375 607 Jerusalem.
1391 547 1483 608 Sicut
1497 547 1618 623 legitur
1631 547 1666 608 in
1681 549 1869 624 evangelie,
1885 567 1906 609 e
1921 566 1977 626 pa-

330 651 394 732 19)‚
1178 643 1327 704 rentibus
1341 643 1582 720 ignorantibus
1600 645 1674 722 ipsa
1688 645 1884 723 requirebat
1902 662 1980 708 eum

275 781 282 794 ·
368 749 408 811 Et
422 748 508 819 ideo,
526 745 612 808 sicut
623 742 763 806 audistis
787 742 822 803 in
846 741 1030 817 evangelio,
1051 744 1125 802 Ma·
1178 741 1266 802 inter
1280 742 1437 817 cognatos
1457 743 1490 804 et
1506 744 1620 818 n0t0s3
1641 743 1674 804 et
1693 758 1767 803 cum
1786 744 1982 808 invenisset

326 847 378 908 ria
406 845 542 908 sedebat
570 858 665 905 secus
699 839 799 918 pedes
831 838 978 911 Domini,
1004 839 1037 901 et
1059 855 1123 900 au·
1178 853 1253 900 eum
1265 839 1434 916 intemplo
1449 840 1484 901 in
1505 840 1614 901 medio
1632 841 1806 902 Doctorum
1821 839 1914 904 dixit
1929 843 1984 903 ci:

326 943 437 1006 diebat
458 941 596 1004 verbum
618 940 721 1000 illius.
742 935 840 999 Venit
860 952 940 1012 ergo
965 938 983 997 J
987 951 1063 996 esus
1089 936 1123 998 in
1178 935 1237 1008 fili,
1252 936 1330 1014 quid
1346 936 1454 998 fecisti
1468 936 1564 998 nobis
1577 938 1646 998 sict
1663 953 1724 1014 ego
1740 939 1773 1000 et
1788 939 1890 1015 pater
1905 941 1983 1000 tinus

325 1021 875 1110 hunemundumnonadquietem
890 1032 1001 1094 sedad
1026 1033 1121 1095 labo·
1178 1033 1326 1097 dolentes
1350 1034 1580 1112 quaerebamus
1612 1037 1646 1096 te
1671 1052 1690 1096 a
1717 1033 1814 1112 (Luc.
1841 1052 1888 1110 11,
1914 1037 1981 1118 44).

323 1154 405 1210 rein,
422 1153 489 1198 non
510 1135 550 1196 ad
566 1133 715 1196 laetitiam
730 1132 788 1193 sed
810 1129 852 1192 ad
877 1129 1036 1202 dolorem,
1054 1147 1122 1192 non
1177 1131 1262 1192 Audi
1296 1132 1460 1208 virginem
1496 1133 1801 1209 contemplantem:
1837 1135 1981 1208 Marta,

324 1236 365 1296 ad
382 1249 498 1311 paoem
520 1231 577 1293 sed
598 1231 640 1293 ad
659 1245 811 1305 agonem.
835 1228 1006 1306 Postremo
1029 1228 1124 1290 venit
1177 1229 1286 1306 inquit
1324 1229 1555 1306 Evangelista,
1597 1233 1824 1294 conservabat
1859 1237 1983 1294 omnia

326 1332 367 1393 ad
382 1330 532 1392 mortem.
1177 1331 1282 1389 acrba
1295 1333 1367 1391 bruc
1380 1331 1561 1403 conferens
1583 1331 1621 1400 in
1631 1332 1732 1392 corde
1746 1345 1809 1392 saro
1824 1329 1926 1408 (Luc.
1943 1346 1979 1403 n,
2063 1325 2066 1402 t

361 1429 446 1490 Audi
456 1427 621 1488 laborem:
633 1441 652 1484 e
663 1422 827 1485 Laboravi
838 1422 996 1495 clamans,
1008 1438 1120 1484 raucae
1178 1424 1241 1507 12).
1259 1413 1294 1487 Si
1307 1426 1438 1502 quando
1449 1426 1482 1488 te
1495 1425 1699 1502 negligentia
1711 1427 1819 1489 reddit
1828 1427 1978 1504 pigrum,
2065 1389 2066 1472 t

322 1527 452 1588 «iactae
471 1525 548 1586 sunt
561 1523 674 1586 fauces
690 1538 784 1583 meae.
801 1523 884 1584 Tota
905 1521 959 1582 die
978 1522 1122 1599 expandi
1177 1522 1296 1584 invoca
1310 1523 1553 1600 Martham‚age
1568 1539 1644 1584 cum
1656 1525 1727 1584 Lia.
1742 1524 1778 1586 Si
1793 1523 1933 1601 quando
1948 1528 1980 1586 te

322 1638 475 1686 «manus
494 1637 585 1683 meas
600 1620 641 1681 ad
663 1619 821 1698 populum
844 1635 911 1680 non
931 1618 1122 1682 credentem
1176 1621 1365 1696 ignorantia
1393 1620 1501 1683 reddit
1527 1620 1714 1694 obscurum,
1735 1622 1870 1700 appella
1907 1625 1981 1684 Ma·
2065 1631 2066 1664 ³

323 1741 342 1784 e
358 1722 440 1783 mihi
455 1738 473 1782 s
489 1719 599 1800 (Rom.
612 1735 646 1792 x,
660 1716 727 1797 21).
744 1717 838 1780 Unde
857 1717 1015 1793 fatigatus
1038 1717 1123 1794 legi·
1176 1719 1273 1794 riam,
1287 1719 1389 1795 vigila
1402 1734 1477 1780 cum
1490 1719 1646 1780 Rachele.
1663 1719 1858 1796 Ignorantia
1871 1719 1982 1796 gignit

322 1823 379 1883 tur
392 1836 435 1881 ex
449 1819 580 1881 itinere.
598 1817 684 1878 liudi
696 1816 859 1878 dolorem:
870 1833 889 1876 r<
902 1818 994 1877 Oros
1008 1831 1122 1876 omnes
1178 1832 1324 1880 emonem
1343 1817 1464 1889 cordia,
1481 1817 1685 1893 negligentia
1702 1817 1790 1894 parit
1804 1817 1980 1894 torporem
2065 1805 2066 1862 t

323 1918 415 1996 «qui
429 1917 580 1979 transitis
590 1931 650 1992 per
668 1915 767 1987 viam,
789 1914 948 1976 attendite
963 1914 996 1975 et
1012 1913 1122 1975 videte
1177 1914 1296 1991 operis.
1321 1918 1386 1976 Per
1400 1929 1547 1976 errorem
1562 1913 1673 1975 cordis
1694 1913 1923 1992 delinquimus
1945 1915 1980 1974 in

323 2033 343 2078 e
358 2011 845 2077 siestdolorsicutdolormeus
856 2007 1119 2090 »(Tbren.1,12).
1177 2010 1361 2084 credendis,
1375 2027 1435 2088 per
1446 2012 1613 2088 torporem
1626 2011 1736 2088 operis
1751 2010 1979 2088 delinquimus
2065 1995 2066 2068 Ῠ

325 2114 461 2185 Tristia,
476 2111 599 2186 iuquit,
620 2113 740 2172 anime
754 2112 1009 2184 νααααεααααα
1023 2123 1121 2170 mor-
1175 2108 1211 2169 in
1224 2109 1371 2185 agendis.
1388 2108 1512 2185 vigilet
1532 2124 1611 2186 ergo
1631 2108 1904 2186 contemplativa,
1922 2109 1980 2169 de·
2065 2141 2066 2144 =

325 2213 405 2274 tenc.
422 2209 530 2286 capu
552 2213 646 2271 errici
662 2223 795 2282 pavere
815 2209 850 2270 ct
870 2209 997 2270 tradere
1012 2205 1119 2287 (Mati.
1176 2206 1244 2268 leat
1266 2207 1502 2283 ignorantiam,
1519 2205 1675 2288 quoniam
1697 2189 1859 2282 ignorans
1881 2206 1978 2282 igno-

324 2325 418 2382 xxm,
439 2306 504 2388 38).
520 2306 606 2370 Aridi
627 2321 766 2382 agonem
783 2327 791 2365 ι
807 2305 927 2375 sactus,
949 2305 1068 2383 inquit,
1084 2305 1123 2364 in
1176 2303 1315 2365 rabitur.
1345 2303 1488 2365 Laborat
1513 2303 1622 2365 activa
1645 2302 1682 2364 ut
1699 2302 1840 2379 perimat
1864 2302 1975 2378 negli·
2065 2383 2066 2386 Ἴ

323 2411 450 2485 agonia
461 2408 635 2480 proltninr
649 2404 780 2465 orabat.
805 2404 847 2464 Di
860 2403 972 2477 sactus
992 2403 1045 2464 est
1062 2416 1124 2463 ea-
1176 2402 1334 2478 gentiam,
1349 2395 1506 2477 quoniam
1527 2398 1722 2462 maledictus
1739 2399 1797 2478 qui
1815 2414 1904 2477 opus
1918 2396 1975 2460 Dei
2065 2395 2066 2416 ¹

322 2509 386 2567 dor
397 2508 472 2577 ejus
485 2502 574 2564 sicat
589 2501 697 2578 putica
717 2503 898 2576 sauguinis
911 2501 1065 2562 comatis
1085 2501 1122 2560 iri
1176 2497 1256 2560 facit
1269 2498 1487 2575 negligenter.
1785 2563 1789 2570 ,
2065 2485 2066 2492 '

324 2603 459 2664 terram
481 2597 574 2679 (Luc.
595 2614 681 2670 xxm,
706 2596 772 2676 43).
793 2601 947 2672 Proprie
967 2599 1037 2670 lilio
1059 2612 1122 2659 eno
1216 2595 1311 2659 Unde
1324 2595 1408 2658 bene
1421 2595 1542 2658 dicitur
1556 2595 1591 2657 in
1608 2594 1677 2657 hoc‘
1691 2596 1867 2671 evangelio
1881 2615 1888 2654 ε
1902 2597 1975 2656 Μα-

322 2713 392 2762 rori
402 2697 560 2778 pepercit
576 2699 680 2768 Dens,
698 2698 835 2770 sedero
856 2699 952 2758 nobis
966 2699 1121 2757 ominibus
1175 2698 1241 2758 tier
1254 2698 1412 2769 quondam
1425 2694 1567 2756 Mariba
1584 2694 1720 2768 excepit
1741 2697 1836 2756 idum
1850 2697 1892 2755 ia
1915 2697 1975 2754 do-
2065 2693 2066 2756 3

324 2796 468 2858 tradidit
481 2799 576 2858 idum
600 2792 710 2872 (Rom.
725 2808 798 2862 v111,
823 2793 887 2873 32).
906 2793 999 2854 Unde
1014 2793 1120 2855 Maria
1175 2795 1525 2856 muraenaruDomus
1537 2774 1678 2852 Marthae
1686 2790 1749 2853 fuit
1758 2807 1851 2852 mens
1865 2791 1973 2853 Beata

324 2891 461 2955 sedebat
489 2907 584 2954 secus
612 2891 713 2968 pedes
737 2891 879 2964 Domini,
907 2891 940 2952 et
967 2890 1122 2952 audiebat
1175 2891 1302 2964 Mariae,
1320 2889 1407 2968 quod
1428 2905 1559 2967 semper
1573 2889 1791 2951 exercebatur
1813 2890 1848 2950 in
1873 2905 1972 2952 man·

324 2988 582 3076 verbumillius.
601 2989 685 3048 Dum
700 2987 789 3048 enim
808 2986 907 3048 homo
926 2986 1024 3048 vacat
1044 3002 1120 3048 ora·
1175 2989 1261 3050 datis
1273 2989 1344 3049 Dei.
1361 2991 1398 3048 ln
1413 3004 1478 3066 qua
1492 2987 1589 3048 domo
1602 2986 1748 3063 suscepit
1756 2990 1881 3059 iesum,
1894 2986 1973 3064 quia
2065 2975 2066 3036 l

324 3086 471 3150 tionibus
487 3085 519 3147 et
539 3085 809 3148 meditationibus
832 3084 1120 3162 spiritualibusil-
1175 3088 1284 3147 mente
1306 3085 1424 3146 devota
1439 3085 1564 3147 amavit
1582 3084 1759 3147 Christum.
1782 3085 1823 3147 nt
1845 3085 1972 3146 notan-
2065 3087 2066 3154 j

323 3184 507 3246 luminatur
520 3184 553 3246 et
567 3184 714 3261 pascitur
732 3199 751 3244 a
767 3184 907 3245 Domino
927 3182 999 3244 cibo
1015 3183 1119 3259 spiri·
1175 3183 1251 3245 dum
1262 3183 1348 3261 quod
1364 3182 1457 3259 prius
1472 3183 1669 3256 dictumest,
1685 3181 1847 3260 quomodo
1862 3181 1974 3243 Chris·

323 3283 418 3350 tuali,
433 3282 531 3359 qnod,
545 3281 629 3344 utin
643 3280 718 3358 lege
733 3281 892 3357 scriptum
910 3281 960 3342 est
972 3284 1067 3344 :Nori
1083 3283 1120 3342 in
1173 3281 1227 3342 tus
1246 3281 1418 3356 ingressus
1438 3281 1488 3342 est
1502 3281 1674 3342 castellum
1692 3297 1752 3358 per
1766 3279 1973 3342 incarnatio-
2065 3305 2066 3364 ἐ

323 3385 500 3454 colopene
521 3380 607 3440 oioii
629 3384 740 3450 doma,
761 3383 822 3440 scd
844 3382 881 3440 ta
900 3383 994 3441 orriri
1017 3385 1120 3443 uerbo
1173 3395 1261 3452 nem,
1277 3381 1310 3441 et
1319 3381 1432 3456 postea
1445 3379 1607 3457 quomodo
1619 3378 1906 3442 intraritmentem
1916 3390 1972 3454 per
2065 3385 2066 3456 ᾗ

323 3481 411 3554 qaod
432 3478 594 3553 procedit
618 3479 660 3538 dc
689 3490 750 3538 ore
772 3475 837 3537 Dei
866 3473 972 3555 (Matt.
997 3492 1042 3550 1v,
1071 3476 1118 3557 4).
1174 3476 1385 3539 dilectionem
1413 3480 1446 3539 et
1468 3477 1757 3549 illuminationem,
1784 3476 1971 3554 quoddam
2065 3497 2066 3560 q

324 3579 411 3638 Sane
437 3577 560 3653 quanto
588 3573 708 3636 melior
741 3573 793 3635 est
817 3574 928 3634 anima
957 3589 1116 3651 corpore,
1174 3574 1664 3652 Christusportareiurinutero
1678 3572 1968 3650 sanctaeVirginis,
2065 3565 2066 3600 ³

323 3673 416 3734 tanto
449 3671 580 3732 dulcius
613 3671 700 3748 sapit
734 3672 919 3749 spiritualis
956 3672 1049 3734 cibus
1084 3673 1119 3735 in
1153 3672 1208 3734 'in
1237 3675 1346 3734 mente
1361 3675 1433 3750 ejus
1460 3671 1615 3734 radiabat
1636 3672 1744 3748 gloria
1771 3669 1967 3734 divinitatis.
2065 3679 2066 3714 i

322 3771 433 3831 mente
448 3783 545 3846 qnam
561 3767 705 3828 carnalis
721 3769 755 3828 in
774 3771 900 3831 ventre.
918 3769 1011 3832 Unde
1030 3772 1121 3833 Psal·
1213 3771 1258 3832 Et
1271 3774 1350 3832 hnic
1363 3772 1441 3833 crat
1455 3784 1558 3832 soror
1569 3773 1708 3832 nominc
1722 3772 1839 3832 Maria
1855 3769 1920 3849 (ld.
1936 3784 1968 3838 x,
2065 3765 2066 3828 ἶ

322 3867 422 3928 mista
438 3887 446 3926 ε
462 3868 572 3933 Quam
585 3867 696 3927 dulcia
708 3867 864 3939 saucibus
879 3871 1120 3944 mercatorum
1173 3866 1237 3949 39).
1265 3867 1383 3940 Maria,
1411 3866 1507 3939 idest,
1531 3867 1601 3929 vita
1625 3867 1900 3944 contemplativa,
1922 3865 1971 3926 est

324 3966 385 4027 ino
405 3967 561 4034 Domine,
575 3967 762 4036 superaret
780 3964 815 4024 ct
835 3965 955 4038 saurim
969 3968 1023 4026 ort
1043 3981 1119 4028 meo
1174 3981 1268 4027 soror
1293 3965 1453 4035 Marthae,
1491 3964 1588 4036 idest,
1623 3966 1701 4027 ritae
1730 3965 1867 4040 activae;
1899 3977 1970 4041 quae
2065 3959 2066 4030 l

324 4061 515 4142 (Psal.118,
534 4055 617 4137 103).
1174 4063 1273 4126 eiiam
1295 4062 1414 4123 sedens
1430 4077 1525 4123 secus
1544 4063 1644 4139 podes
1663 4063 1795 4124 Domini
1814 4059 1971 4124 audiebat
2065 4041 2066 4122 t

363 4159 496 4220 Martha
520 4172 597 4234 syro
619 4171 772 4218 sermone
794 4156 1033 4233 interpretatur
1050 4161 1119 4221 Do·
1173 4158 1310 4220 verbum
1330 4159 1433 4220 illius.
1456 4159 1586 4236 Duplex
1613 4159 1759 4222 osticium
1787 4159 1865 4221 vitae
1893 4173 1971 4220 con·
2065 4195 2066 4200 κ

323 4257 466 4330 minaei
476 4253 643 4332 significat
657 4255 760 4317 vitam
768 4255 936 4327 activam„
946 4256 1120 4333 qrraedebet
1174 4256 1374 4332 templativee
1389 4256 1590 4318 describitur
1601 4256 1636 4317 in
1649 4257 1807 4320 hocloco.
1823 4257 1972 4318 Primum

321 4355 405 4418 uitia
429 4353 657 4429 comprimere,
685 4352 718 4414 et
744 4352 840 4414 bonis
866 4352 1021 4429 operibus
1051 4356 1119 4415 Deo
1174 4353 1224 4415 est
1239 4353 1364 4415 devotae
1378 4354 1550 4427 orationis,
1567 4354 1883 4416 secundumaudire
1897 4367 1972 4415 rer-

322 4453 465 4530 placere.
489 4449 549 4511 Vel
571 4450 703 4512 Martha
726 4449 964 4527 interpretatur
989 4452 1118 4512 amari·
1173 4451 1250 4512 bum
1264 4468 1338 4514 cum
1352 4452 1461 4528 gratia
1474 4452 1673 4514 devotionis.

323 4550 418 4624 tudo;
442 4546 572 4609 Martha
587 4547 709 4624 quippe
730 4537 985 4610 amaritudinem
1010 4551 1115 4612 sonat.
1213 4549 1360 4610 Primum
1373 4549 1489 4611 devote
1509 4560 1616 4620 orare,
1640 4549 1821 4612 secundum
1834 4549 1970 4612 verbum

323 4647 364 4709 nt
375 4647 410 4707 in
425 4645 534 4706 activa
545 4644 615 4706 vite
627 4659 748 4719 magna
759 4645 810 4705 est
820 4645 1017 4718 amaritudo,
1033 4646 1119 4724 quod
1173 4647 1231 4709 Dei
1256 4647 1383 4709 audire.
1400 4648 1446 4708 De
1461 4647 1568 4724 primo
1591 4646 1712 4709 dicitur
1728 4648 1764 4707 in
1786 4648 1849 4710 hoc
1870 4661 1971 4710 evan·

323 4744 401 4806 dnm
417 4743 597 4819 occupatur
608 4741 707 4803 homo
723 4742 755 4803 et
767 4742 889 4818 satagit
902 4743 989 4804 circa
1003 4745 1116 4818 multa,
1173 4744 1271 4821 gelio,
1288 4744 1375 4822 quod
1394 4742 1501 4804 Maria
1528 4743 1664 4806 sedebat
1679 4760 1775 4806 secus
1790 4745 1891 4822 pedes
1908 4747 1972 4806 Do·

323 4841 522 4905 utrelevare
543 4839 647 4917 possit
662 4839 816 4901 miserias
837 4839 1070 4917 indigentium,
1087 4843 1120 4906 et
1174 4843 1265 4904 mini.
1296 4841 1401 4903 Pedes
1428 4841 1551 4902 Christi
1577 4842 1655 4903 sunt
1682 4842 1915 4904 misericordia
1941 4841 1972 4898 et

322 4937 508 5006 infirmitati
531 4936 673 5014 compati
693 4935 934 5014 proximorum,
954 4940 1118 5002 amaritu-
1170 4939 1300 5018 justitia
1315 4961 1322 5000 ε
1339 4939 1581 5012 misericordia,
1598 4955 1671 5016 quae
1699 4940 1801 5001 donat
1818 4939 1972 5017 peccato·

323 5038 435 5098 dinem
460 5035 584 5113 patitur
603 5036 636 5096 et
650 5033 809 5107 laborem,
828 5036 1060 5114 propterquod
1083 5038 1118 5099 in
1173 5038 1266 5100 ribus
1280 5035 1528 5112 remissionem
1541 5037 1683 5115 Justitia‚
1697 5054 1769 5115 quae
1780 5038 1882 5101 insert
1894 5049 1971 5114 pec-

322 5133 501 5212 erangelio
521 5131 605 5209 quod
632 5130 771 5193 audistis
793 5131 938 5208 legitur:
961 5137 1118 5207 Μανιαα,
1174 5135 1343 5198 catoribus
1366 5134 1538 5196 ultionem.
1559 5138 1606 5196 De
1631 5135 1749 5213 quibus
1774 5136 1809 5196 in
1838 5133 1970 5197 Psalmo

321 5232 463 5294 Mariae
487 5229 694 5302 sollicitans,
712 5230 746 5290 ct
768 5231 923 5292 turbaris
940 5246 1025 5306 croc
1042 5237 1121 5307 αἱα-
1175 5233 1320 5310 legitur:
1342 5235 1620 5295 Misericordiam
1642 5233 1862 5307 adjudicium
1885 5243 1969 5293 cun-

321 5323 656 5407 rhedonensi).
1176 5331 1251 5394 tabo
1276 5331 1345 5402 tibi,
1367 5333 1513 5390 Domi-uc
1529 5327 1633 5408 (Psal.
1651 5345 1680 5402 e,
1697 5328 1740 5409 1).
1759 5333 1859 5391 Secus
1872 5326 1970 5406 pedes

361 5426 420 5484 Hae
448 5422 521 5483 duae
547 5421 623 5483 vitae
648 5421 826 5498 specialius
856 5421 1058 5485 refulserunt
1085 5424 1120 5486 in
1175 5427 1307 5490 Domini
1333 5427 1448 5488 sedere
1481 5426 1532 5488 est
1565 5427 1624 5488 Dei
1650 5425 1912 5490 misericordiam
1939 5419 1971 5480 et

320 5523 424 5586 Beata
442 5519 561 5590 Maria,
577 5534 617 5581 eo
632 5520 718 5596 quod
732 5519 819 5582 esset
833 5521 980 5584 sanctior
991 5522 1122 5584 univer.
1171 5525 1336 5604 justitiam
1351 5524 1522 5587 humiliter
1535 5539 1688 5588 exorare.
