4162 6424
109 269 170 332 573
745 263 975 326 EPISTOLAE.
999 265 1076 326 LIB.
1101 265 1141 328 ΙΙ.

1706 273 1764 333 ott

113 429 149 490 ut
162 428 192 490 si
207 425 321 488 clerici
335 423 509 486 memorati
523 439 543 484 a
564 423 597 484 te
616 421 763 498 legitime
781 423 911 496 moniti,
967 440 1041 486 rum
1049 423 1206 496 tenebris,
1218 425 1251 488 et
1260 423 1388 487 bellicis
1396 424 1764 504 cladibuspropulsatis,

109 525 281 588 noluerint
316 523 357 585 ad
393 522 521 584 debitos
555 520 689 583 ordines
725 521 912 598 promoveri
963 525 1034 600 jam
1050 523 1142 598 pacis
1167 523 1200 582 et
1223 523 1301 584 fidei
1326 523 1682 602 viderenturtempora
1707 543 1765 588 re-

112 640 173 700 per
186 623 231 695 ta,
243 621 324 698 ipsis
348 635 368 680 a
388 617 560 680 beneficiis
586 616 710 678 eisdem
732 617 862 686 amotis,
885 619 913 677 si
969 617 1080 690 diisse,
1097 619 1157 680 ille
1170 619 1227 696 qui
1240 618 1393 681 felicibus
1417 620 1544 682 inridet
1558 623 1697 695 actibus,
1718 623 1767 688 sic

114 719 246 796 patroni
272 715 508 778 beneficiorum
538 715 685 794 ipsorum
709 713 912 775 admonitio·
968 717 1111 778 armarit
1124 717 1159 777 in
1175 717 1265 778 cives
1283 716 1465 778 Tolosanos
1489 719 1522 780 et
1543 735 1656 780 eornm
1676 737 1768 782 com·

114 833 189 878 nem
210 817 301 876 tuam
321 813 362 874 ad
384 813 457 890 ipsa
483 812 544 873 tibi
565 811 734 873 noluerint
752 825 913 888 personas
969 814 1071 890 plices
1086 815 1198 891 partes
1213 830 1302 886 suas,
1323 815 1369 886 ut,
1386 815 1628 891 praeteritorum
1649 818 1768 880 imme

115 913 251 975 idoneas
269 911 483 987 prasentare,
501 909 601 971 liceat
619 908 680 970 tibi
700 924 739 969 ea
755 925 821 970 nou
837 907 915 968 obs·
969 926 1089 984 mores,
1117 913 1151 974 et
1177 911 1356 989 improvidi
1377 912 1574 986 futurorum,
1601 916 1712 978 omnia
1732 917 1767 978 in

114 1009 204 1071 tante
220 1007 482 1070 contradictione
504 1006 652 1083 ipsorum
668 1006 819 1082 personis
838 1004 914 1066 ido·
969 1009 1139 1086 antiquam
1152 1010 1382 1072 contusionem
1402 1010 1562 1072 reducere
1576 1013 1765 1086 moliantur,

116 1106 188 1166 neis
199 1105 359 1167 canonice
371 1103 594 1181 appellatione
609 1104 737 1165 remota
752 1102 911 1164 conterre.
969 1109 1085 1196 contra
1114 1107 1287 1185 praelatum
1318 1108 1493 1182 comitem,
1529 1110 1630 1174 immo
1652 1113 1768 1174 contra

114 1202 210 1263 Nulli
228 1217 308 1278 ergo
324 1202 448 1264 nostrae
463 1201 700 1269 concessionis,
717 1199 778 1262 etc.
795 1200 829 1262 Si
841 1199 914 1276 quis
969 1205 1067 1266 fidem
1082 1205 1292 1278 catholicam,
1302 1209 1397 1283 cuius
1407 1209 1632 1284 propugnator
1643 1210 1766 1282 existit,

115 1301 236 1370 autem,
257 1299 318 1360 eit„
337 1299 456 1360 Datum
475 1299 632 1361 Laterani
646 1298 790 1360 secundO
807 1313 913 1359 nonas
970 1319 1016 1376 se,
1030 1305 1199 1381 assumpto
1219 1303 1412 1366 rebellionis
1436 1305 1567 1382 spiritu,
1591 1307 1768 1380 erigentes,

107 1391 262 1473 januarii
277 1411 364 1457 anno
378 1391 535 1458 secundo.

466 1546 569 1632 XCV

129 1691 184 1750 Ad
198 1691 492 1764 archiepiscopum
505 1684 709 1752 Rementem
722 1689 755 1750 et
769 1688 902 1764 suffra-

405 1799 544 1863 poneos,
561 1787 595 1848 et
616 1829 625 1846 .

425 1899 513 1970 tien.
530 1899 609 1958 1118.

117 2003 254 2068 [Bcnquet
269 2001 422 2056 llecneildes
433 2005 494 2054 hist.
509 2010 527 2054 t.
538 2006 639 2068 xlxp.
652 2003 708 2063 distr
717 2005 814 2068 ltcgest.
827 2001 864 2054 lib
884 2003 914 2052 11.

437 2084 511 2148 epist.
528 2084 597 2146 830.]

117 2181 153 2237 Ut
168 2181 277 2237 Simoni
292 2179 327 2238 de
341 2177 504 2239 llonteiorti
525 2178 650 2236 subsidia
666 2177 796 2236 celeriter
811 2192 914 2250 procu·

119 2327 122 2332 ,
150 2275 216 2324 rent
229 2267 451 2325 adversuscivee
462 2269 629 2335 l'olosanoa,
642 2267 670 2322 in
683 2266 914 2340 ipsumrebelles,

148 2369 203 2413 eos
217 2355 381 2413 adhortatur
394 2356 546 2412 Honorius.

969 1404 1002 1463 et
1015 1403 1204 1478 satagentes
1218 1405 1286 1464 tarn
1298 1402 1408 1478 ipsum
1427 1419 1526 1480 quarn
1541 1403 1706 1480 quoslibet
1727 1404 1769 1465 de

969 1499 1067 1574 gente
1081 1501 1286 1562 Francorum
1301 1515 1320 1561 a
1333 1499 1455 1562 finibus
1465 1496 1533 1560 illis
1545 1501 1768 1562 exterminare

971 1594 1073 1674 (quod
1094 1595 1224 1675 obsiti),
1251 1597 1338 1673 quod
1364 1612 1431 1658 non
1453 1597 1559 1658 solum
1588 1597 1623 1658 in
1649 1598 1708 1659 Dei
1737 1598 1770 1660 et

970 1695 1166 1770 apostolice
1183 1695 1289 1765 Sedis,
1302 1709 1419 1756 rerum
1436 1695 1471 1755 iu
1486 1697 1557 1771 jam
1574 1695 1654 1757 dicti
1673 1696 1769 1772 regni
1809 1743 1810 1747 ,

970 1793 1174 1852 Fraumrnm
1190 1791 1348 1868 injuriam
1363 1791 1575 1863 redundaret,
1592 1808 1665 1854 cum
1681 1808 1769 1868 prae-

971 1888 1078 1950 dictus
1103 1904 1256 1949 comesa
1281 1885 1456 1952 carissimo
1483 1889 1518 1950 in
1545 1890 1675 1951 Christo
1700 1890 1768 1951 illio

970 1985 1084 2047 nostro
1108 1985 1169 2045 Ph.
1186 1999 1265 2060 rege
1280 1987 1484 2046 Francorum
1507 1986 1630 2046 illustri
1645 1987 1769 2047 terram

970 2081 1063 2140 illam
1092 2080 1127 2140 in
1155 2080 1289 2142 seudum
1314 2097 1373 2158 pro
1400 2097 1521 2157 magna
1550 2083 1644 2158 parte
1671 2099 1769 2144 rece-

970 2178 1056 2254 perit
1069 2175 1128 2257 (2),
1146 2178 1178 2238 et
1190 2177 1348 2254 quidquid
1363 2178 1409 2238 ihi
1425 2181 1535 2240 actum
1550 2181 1600 2241 est
1613 2180 1649 2241 in
1662 2181 1770 2242 exter·

971 2274 1109 2336 minium
1123 2274 1290 2336 hereticae
1307 2276 1482 2352 pravitatis
1498 2278 1531 2337 et
1544 2277 1768 2340 restauratio-

971 2387 1047 2432 nem
1076 2371 1153 2432 fidei
1182 2371 1385 2444 christianae,
1421 2387 1481 2450 per
1507 2373 1597 2434 vires
1621 2374 1768 2450 ejusdem

152 2473 325 2533 Honorius
340 2473 565 2548 episcopus...,
582 2470 828 2532 venerabilibus
848 2471 918 2532 113-
971 2469 1067 2544 regni
1088 2469 1187 2546 atque
1213 2483 1348 2532 suorum
1370 2470 1536 2546 praecipue
1555 2470 1680 2548 liqueat
1694 2487 1769 2533 essa

110 2569 225 2630 tribus
240 2569 489 2646 archiepiscopo
502 2568 658 2630 Remensi
673 2565 721 2646 (1)
743 2569 776 2629 et
795 2568 918 2630 suffra-
973 2565 1106 2626 iactum.

109 2666 236 2742 ganeis
252 2668 334 2743 ejus,
351 2665 480 2726 dilectis
498 2664 576 2726 tiliis
595 2664 770 2726 abbatibus
785 2666 817 2726 et
840 2665 916 2726 aliis
1011 2663 1061 2724 Ne
1076 2661 1178 2738 igitur
1190 2663 1276 2739 quod
1291 2663 1389 2740 longo
1404 2664 1552 2741 ternpore
1568 2665 1699 2742 parturn
1715 2665 1767 2727 est

107 2762 335 2826 ecclesiarum
351 2762 497 2840 praelatis
512 2763 546 2822 in
569 2762 726 2824 Remensi
744 2762 917 2840 provincia
971 2748 1169 2822 brevissimo
1200 2760 1379 2834 dilabatur,
1411 2763 1447 2824 et
1478 2762 1561 2824 fiant
1586 2763 1768 2825 novissima

112 2861 317 2932 constitutis,
335 2860 397 2921 etc.
972 2860 1086 2934 pejora
1108 2857 1286 2933 prioribus,
1303 2874 1342 2920 ac
1357 2861 1541 2935 praesertim
1557 2861 1592 2920 in
1607 2861 1767 2922 ecclesias

153 2959 305 3034 Populus
329 2958 432 3020 Israel
462 2973 481 3017 a
510 2957 686 3018 Pharaone
704 2956 918 3020 vehementer
972 2955 1005 3018 et
1017 2954 1261 3017 ecclesiasticos
1271 2955 1361 3016 viros
1374 2972 1460 3018 nova
1473 2958 1661 3033 persecutio
1672 2958 1769 3019 exci-

115 3055 290 3131 affligitur,
314 3071 388 3116 oum
406 3055 598 3131 AEgyptum,
615 3055 740 3132 Moysis
754 3071 835 3117 voce
850 3071 919 3116 au·
972 3053 1070 3122 tetur,
1085 3069 1161 3114 curn
1175 3051 1351 3114 manifesta
1366 3054 1410 3114 sit
1419 3054 1533 3131 iniqua
1546 3055 1703 3131 cogitatio
1716 3055 1769 3118 ci·

114 3153 197 3226 dita,
216 3152 277 3213 etc.
301 3155 339 3214 tn
358 3156 448 3214 ncnc
464 3153 918 3226 monumentumque
971 3150 1063 3210 rium
1085 3151 1332 3226 praedictorum,
1359 3151 1417 3228 qui
1451 3151 1514 3213 hoc
1542 3153 1706 3215 adoriare
1734 3154 1771 3215 in

114 3267 133 3311 a
153 3251 289 3312 deserto
315 3249 475 3310 reducere
501 3249 535 3310 in
559 3249 750 3326 AEgyptum.
780 3250 918 3322 Quantis
972 3248 1171 3324 apostoncae
1191 3249 1286 3310 Sedis
1305 3248 1407 3324 legati
1427 3248 1532 3310 oculis
1556 3265 1623 3312 non
1643 3265 1770 3312 veren-

113 3349 230 3412 autem
253 3361 472 3424 personarum
495 3345 530 3407 et
551 3361 664 3406 rernm
690 3345 860 3406 laboribus
887 3347 919 3406 et
973 3346 1100 3416 rentur,
1134 3346 1386 3408 universitatem
1417 3348 1563 3407 vestram
1598 3362 1767 3422 rogamus,

113 3443 302 3523 dispendiis
325 3442 426 3504 luerit
451 3441 647 3512 laboratum,
673 3443 710 3504 ut
732 3441 824 3514 ildes,
845 3459 918 3519 quae
973 3457 1145 3502 monemus
1169 3441 1202 3503 et
1229 3442 1440 3504 obsecramus
1470 3442 1504 3502 in
1530 3443 1681 3516 Domino,
1711 3457 1770 3520 per

114 3542 250 3604 mortua
262 3539 372 3600 tuerat
384 3540 420 3599 in
432 3537 500 3598 illis
514 3537 674 3614 partibus,
690 3537 916 3612 revivisceret,
973 3537 1163 3614 apostolica
1176 3538 1270 3598 vobis
1285 3539 1408 3615 scripta
1427 3539 1650 3615 praecipiendo
1673 3555 1772 3602 man-

116 3640 149 3700 et
163 3653 243 3714 pax,
261 3652 334 3713 quae
349 3637 390 3697 de
404 3637 494 3697 terra
507 3637 637 3712 sumpta
650 3635 769 3708 iuerat,
786 3637 918 3698 tandem
974 3634 1101 3707 dantes,
1115 3649 1156 3696 ac
1167 3635 1380 3712 injungentes
1394 3637 1429 3696 in
1451 3636 1637 3699 vestrorum
1655 3651 1768 3698 reme·

117 3735 306 3796 desiderata
326 3734 461 3803 rediret,
482 3733 531 3793 sic
555 3733 721 3792 credimus
747 3733 782 3793 in
807 3735 919 3795 vestra
974 3730 1063 3791 dium
1079 3732 1300 3808 peccatorum,
1315 3734 1488 3810 qnatenus
1507 3733 1643 3810 provide
1658 3734 1769 3796 atten-

117 3848 192 3894 esse
207 3831 339 3903 notitia,
363 3831 400 3892 ut
424 3845 524 3906 super
546 3829 609 3890 hoc
630 3845 691 3890 nos
710 3833 919 3908 nequaquam
974 3829 1182 3906 dentesquod
1193 3830 1373 3892 meliusest
1385 3831 1578 3907 intempore
1589 3847 1766 3894 occurrere

117 3928 270 4006 oporteat
284 3926 589 4001 latiusimmorar13
604 3926 661 3988 sed
678 3926 710 3988 id
720 3928 831 3990 tacere
852 3943 918 3990 non
974 3942 1073 4004 quam
1089 3943 1165 3988 sera
1178 3929 1252 4004 post
1264 3929 1394 4004 tempus
1407 3929 1554 3991 remedia
1567 3929 1768 4002 mendicare,

118 4041 309 4104 possumus,
333 4025 434 4086 immo
459 4022 582 4100 absque
606 4022 722 4086 dolore
757 4025 867 4088 cordis
887 4025 920 4088 et
974 4023 1016 4084 ad
1036 4023 1284 4086 subventionem
1306 4025 1453 4103 ejusdem
1475 4026 1606 4088 comitis
1627 4026 1770 4088 sollicita

118 4122 216 4200 gravi
249 4122 369 4183 mentis
395 4119 642 4198 perturbatione
670 4123 812 4184 recitare
826 4138 919 4185 com·
974 4121 1165 4191 intendatis,
1202 4121 1318 4184 fideles
1351 4138 1411 4198 per
1444 4123 1573 4184 restrae
1609 4123 1770 4184 dicecere-s

118 4220 285 4298 pellimur,
299 4219 483 4296 quodcum
495 4233 554 4295 per
565 4218 711 4280 studium
723 4221 919 4300 apostolicae
974 4219 1181 4290 constitutos,
1208 4219 1266 4296 qni
1292 4220 1515 4295 crucesignati
1537 4235 1605 4280 non
1628 4221 1705 4281 sunt
1729 4220 1771 4280 ad

119 4317 215 4379 Sedis
231 4317 265 4378 et
278 4317 368 4378 vires
383 4316 480 4392 regni
492 4317 708 4384 Francorum,
722 4332 761 4378 ac
776 4318 920 4380 maxime
975 4315 1158 4378 subsidium
1174 4319 1285 4378 Terrae
1302 4316 1442 4388 Sanctae,
1468 4317 1510 4378 ad
1530 4317 1671 4378 celerem
1693 4333 1772 4378 suc-

118 4431 178 4490 per
202 4414 340 4476 sudores
361 4413 395 4475 et
413 4412 561 4490 pericula
581 4411 703 4474 nobilis
730 4414 763 4474 et
791 4413 919 4476 strenui
975 4429 1111 4474 cursum
1125 4413 1255 4476 comitis
1277 4414 1460 4490 supradicti
1474 4413 1597 4476 sedulis
1613 4414 1773 4476 exhorta-

117 4510 184 4570 riri
201 4511 234 4570 S.
251 4510 381 4573 comitis
396 4509 627 4581 Montisiortis,
652 4509 810 4572 discussis
825 4527 921 4574 erro·
974 4509 1122 4573 tionibus
1155 4512 1346 4584 animando,
1383 4527 1541 4574 concessa
1572 4511 1696 4574 eisdem
1729 4527 1773 4573 ex

156 4653 198 4724 (1)
218 4657 358 4715 alberico.
977 4683 987 4711 ‹
1010 4660 1116 4730 taioni,
1141 4659 1177 4718 de
1198 4661 1302 4718 ducatu
1322 4659 1473 4729 Narbona,
1494 4662 1631 4720 comitatu
1650 4661 1770 4732 Tolosae,

122 4799 127 4811 Ι
152 4727 198 4855 31)
214 4729 355 4810 Toletano
366 4729 503 4813 comitatu
516 4730 625 4814 Simoni
637 4729 673 4788 de
689 4730 851 4790 ldontetorti
867 4731 918 4788 ad·

117 4800 919 4950 a„tttttttttttntttatttaatttthlat

119 4939 248 5016 admisit,
260 4951 339 5021 anno
352 4938 431 5020 lilii,
445 4953 544 4997 mense
556 4943 647 5013 aprili,
664 4942 744 5015 juxta
760 4943 889 5001 chartam
903 4959 918 5001 a

118 5014 153 5070 D.
172 5013 316 5068 Varssetro
335 5014 485 5068 recitatam
503 5017 571 5068 tom.
588 5014 629 5070 ill
645 5012 754 5083 probat.
774 5015 828 5072 col.
854 5015 918 5084 253,

118 5097 186 5140 cum
210 5078 288 5136 edito
308 5077 431 5136 solemni
453 5081 531 5154 regis
558 5079 723 5154 diplomate,
744 5083 859 5154 ibidem,
889 5087 919 5142 in

119 5154 199 5210 hunc
214 5149 355 5207 modum:

158 5221 352 5293 «Philippus,
376 5220 428 5278 Dei
495 5221 550 5277 ntia
580 5223 754 5279 Francorum
776 5239 840 5294 rex,
860 5227 920 5282 uni·

122 5316 134 5346 ι
156 5292 251 5350 versis
267 5293 367 5352 amicis
386 5299 415 5349 et
434 5291 451 5349 ii
472 5291 564 5350 elibus
578 5293 648 5361 suis,
664 5300 693 5350 ot
712 5293 776 5351 aliis
797 5295 832 5353 ad
848 5311 921 5366 quos

123 5388 134 5416 ι
156 5367 259 5491 itiitere
274 5371 430 5436 praesentes
449 5364 639 5437 pervenerint,
656 5364 776 5421 salntem
792 5373 819 5422 et
831 5366 917 5424 dilec-

123 5456 134 5484 a
169 5449 276 5490 10116111.

160 5525 171 5554 ι
193 5507 310 5562 Noverit
326 5505 497 5563 universitas
512 5512 603 5563 vestra
624 5505 699 5576 quod
719 5521 772 5564 nos
786 5505 918 5566 dilectum

125 5597 136 5623 ι
158 5582 187 5630 et
206 5574 318 5632 adelam
337 5585 464 5634 nostrum
481 5575 627 5634 Simonem
640 5577 773 5635 comitem
787 5577 822 5636 de
837 5581 917 5638 lton·
948 5633 953 5654 ,-

977 4753 988 4784 t
1010 4733 1211 4790 vicecomitatu
1222 4733 1374 4790 Biterrensi
1386 4741 1414 4790 et
1426 4735 1620 4803 Carcassonae,
1632 4729 1667 4790 de
1682 4731 1773 4790 leodis

977 4824 988 4852 ι
1010 4803 1120 4862 scilicet
1138 4809 1167 4860 et
1183 4805 1266 4861 terris
1287 4819 1350 4876 qun
1365 4803 1543 4864 Raimundus
1556 4803 1701 4874 quondam
1716 4805 1771 4860 To·

977 4894 988 4922 ‹
1010 4873 1128 4931 losanus
1141 4888 1238 4931 comes
1253 4873 1288 4930 de
1305 4873 1386 4930 nohis
1402 4874 1527 4942 tenebat,
1543 4887 1606 4945 que
1630 4873 1771 4945 adquisita

977 4965 988 4993 ι
1011 4950 1077 5000 snut
1094 4957 1180 5017 super
1200 4943 1351 5000 haercticos
1365 4950 1394 4999 ct
1415 4945 1546 5000 inimicos
1560 4943 1663 5002 Christi
1680 4951 1707 4998 et
1722 4957 1771 4999 cc·

977 5035 988 5064 ι
1010 5015 1117 5082 claein,
1133 5015 1214 5071 salvo
1226 5013 1291 5087 jure
1306 5015 1400 5071 alieno
1414 5022 1443 5071 et
1457 5015 1568 5070 illorum
1582 5013 1629 5086 qul
1645 5020 1711 5071 sunt
1721 5012 1771 5069 ho·

977 5106 987 5134 ‹
1011 5085 1105 5142 minet
1120 5084 1220 5153 nostri,
1234 5083 1301 5142 dum
1316 5091 1412 5142 tamen
1433 5084 1577 5142 adhereat
1592 5083 1657 5142 ildei
1679 5083 1770 5142 chris·

976 5176 987 5204 ι
1011 5157 1106 5223 tianae,
1122 5155 1282 5282 recepimus
1303 5154 1492 5212 inhominem
1513 5163 1641 5212 nostrum
1658 5155 1773 5228 ligium.

976 5224 1132 5284 «Proinde
1157 5240 1192 5282 vo
1214 5227 1238 5282 is
1263 5219 1444 5294 mandamus,
1471 5227 1588 5283 tirmiter
1610 5225 1773 5283 inhibentes
1861 5271 1862 5274 ,

977 5317 988 5346 ι
1008 5311 1044 5354 ne
1059 5296 1095 5355 de
1110 5295 1201 5354 leodis
1214 5299 1319 5354 nostrie
1334 5311 1385 5354 vos
1406 5297 1610 5374 intromittatis,
1625 5297 1671 5353 vel
1686 5297 1714 5352 in
1730 5297 1774 5354 eis

977 5388 987 5416 ‹
1010 5383 1128 5426 manum
1142 5368 1269 5435 mittatis,
1283 5368 1336 5425 nisi
1353 5367 1427 5426 dicto
1444 5369 1642 5436 Sinopicum
1658 5367 1693 5424 ah
1710 5367 1773 5442 ipso

977 5458 988 5487 ι
1010 5439 1138 5511 requisiti
1153 5437 1272 5507 litantis,
1295 5439 1430 5496 auxilium
1448 5446 1476 5496 et
1489 5440 1639 5497 consitium
1662 5441 1773 5513 impen-

978 5509 1113 5568 ‹dcndo
1140 5509 1241 5567 Actum
1268 5511 1343 5584 apud
1363 5511 1560 5582 meledunum,
1581 5525 1657 5568 anno
1689 5513 1771 5570 hom.

977 5601 988 5629 ι
1010 5581 1156 5652 ncoxvl,
1172 5595 1271 5638 meuse
1285 5581 1376 5654 aprili.
