<?xml version="1.0" encoding="UTF-8"?>
<!DOCTYPE html PUBLIC "-//W3C//DTD XHTML 1.0 Transitional//EN"
    "http://www.w3.org/TR/xhtml1/DTD/xhtml1-transitional.dtd">
<html xmlns="http://www.w3.org/1999/xhtml" xml:lang="en" lang="en">
 <head>
  <title>
</title>
<meta http-equiv="Content-Type" content="text/html;charset=utf-8" />
  <meta name='ocr-system' content='tesseract 3.04.00' />
  <meta name='ocr-capabilities' content='ocr_page ocr_carea ocr_par ocr_line ocrx_word'/>
</head>
<body>
  <div class='ocr_page' id='page_1' title='image "./mediiaevibiblio02unkngoog_0503.png"; bbox 0 0 4162 6424; ppageno 0'>
   <div class='ocr_carea' id='block_1_1' title="bbox 353 228 1964 316">
    <p class='ocr_par' dir='ltr' id='par_1_1' title="bbox 353 228 1964 316">
     <span class='ocr_line' id='line_1_1' title="bbox 353 228 1964 316; baseline 0.006 -11"><span class='ocrx_word' id='word_1_1' title='bbox 353 248 413 305; x_wconf 75' lang='lat' dir='ltr'><strong>aas</strong></span> <span class='ocrx_word' id='word_1_2' title='bbox 603 297 609 304; x_wconf 88' lang='lat'><em>.</em></span> <span class='ocrx_word' id='word_1_3' title='bbox 973 243 1148 306; x_wconf 83' lang='lat' dir='ltr'><strong>nononn</strong></span> <span class='ocrx_word' id='word_1_4' title='bbox 1169 245 1214 304; x_wconf 87' lang='lat'><strong>111</strong></span> <span class='ocrx_word' id='word_1_5' title='bbox 1236 228 1384 307; x_wconf 73' lang='lat' dir='ltr'><strong>onaan.</strong></span> <span class='ocrx_word' id='word_1_6' title='bbox 1926 257 1964 316; x_wconf 78' lang='lat' dir='ltr'><strong>en</strong></span> 
     </span>
    </p>
   </div>
   <div class='ocr_carea' id='block_1_2' title="bbox 355 403 2010 483">
    <p class='ocr_par' dir='ltr' id='par_1_2' title="bbox 355 403 2010 483">
     <span class='ocr_line' id='line_1_2' title="bbox 355 403 2010 483; baseline 0.004 -19"><span class='ocrx_word' id='word_1_7' title='bbox 355 405 497 474; x_wconf 79' lang='lat' dir='ltr'><strong>viretum,</strong></span> <span class='ocrx_word' id='word_1_8' title='bbox 526 405 594 478; x_wconf 84' lang='lat' dir='ltr'><strong>vix,</strong></span> <span class='ocrx_word' id='word_1_9' title='bbox 620 405 678 466; x_wconf 85' lang='lat' dir='ltr'><strong>aut</strong></span> <span class='ocrx_word' id='word_1_10' title='bbox 708 418 875 480; x_wconf 91' lang='lat' dir='ltr'><strong>nunquam</strong></span> <span class='ocrx_word' id='word_1_11' title='bbox 901 403 1012 469; x_wconf 89' lang='lat' dir='ltr'><strong>valeat</strong></span> <span class='ocrx_word' id='word_1_12' title='bbox 1035 403 1147 466; x_wconf 86' lang='lat' dir='ltr'><strong>refer·</strong></span> <span class='ocrx_word' id='word_1_13' title='bbox 1202 404 1444 481; x_wconf 78' lang='lat' dir='ltr'>susceptionem</span> <span class='ocrx_word' id='word_1_14' title='bbox 1473 404 1687 482; x_wconf 86' lang='lat' dir='ltr'><strong>praesentium</strong></span> <span class='ocrx_word' id='word_1_15' title='bbox 1715 405 1813 467; x_wconf 88' lang='lat' dir='ltr'><strong>ambo</strong></span> <span class='ocrx_word' id='word_1_16' title='bbox 1841 422 1964 483; x_wconf 85' lang='lat' dir='ltr'><strong>persona·</strong></span> <span class='ocrx_word' id='word_1_17' title='bbox 2009 419 2010 444; x_wconf 65' lang='lat'>¹</span> 
     </span>
    </p>
   </div>
   <div class='ocr_carea' id='block_1_3' title="bbox 352 501 2011 776">
    <p class='ocr_par' dir='ltr' id='par_1_3' title="bbox 352 501 2011 776">
     <span class='ocr_line' id='line_1_3' title="bbox 352 501 1964 580; baseline 0.002 -17"><span class='ocrx_word' id='word_1_18' title='bbox 352 503 451 571; x_wconf 89' lang='lat' dir='ltr'><strong>mari,</strong></span> <span class='ocrx_word' id='word_1_19' title='bbox 474 502 540 562; x_wconf 91' lang='lat' dir='ltr'><strong>nisi</strong></span> <span class='ocrx_word' id='word_1_20' title='bbox 556 501 689 578; x_wconf 89' lang='lat' dir='ltr'><strong>qnidam</strong></span> <span class='ocrx_word' id='word_1_21' title='bbox 708 502 815 578; x_wconf 89' lang='lat' dir='ltr'><strong>ipsius</strong></span> <span class='ocrx_word' id='word_1_22' title='bbox 837 502 990 564; x_wconf 89' lang='lat' dir='ltr'><strong>canonici</strong></span> <span class='ocrx_word' id='word_1_23' title='bbox 1010 517 1147 579; x_wconf 89' lang='lat' dir='ltr'><strong>prorsus</strong></span> <span class='ocrx_word' id='word_1_24' title='bbox 1202 501 1279 563; x_wconf 88' lang='lat' dir='ltr'><strong>liter</strong></span> <span class='ocrx_word' id='word_1_25' title='bbox 1293 501 1463 578; x_wconf 79' lang='lat' dir='ltr'><strong>arripiatis</strong></span> <span class='ocrx_word' id='word_1_26' title='bbox 1479 502 1543 563; x_wconf 92' lang='lat' dir='ltr'><strong>iter</strong></span> <span class='ocrx_word' id='word_1_27' title='bbox 1563 501 1605 562; x_wconf 90' lang='lat' dir='ltr'><strong>ad</strong></span> <span class='ocrx_word' id='word_1_28' title='bbox 1621 504 1769 564; x_wconf 88' lang='lat' dir='ltr'><strong>nostram</strong></span> <span class='ocrx_word' id='word_1_29' title='bbox 1790 508 1964 580; x_wconf 84' lang='lat' dir='ltr'><strong>praesentian</strong></span> 
     </span>
     <span class='ocr_line' id='line_1_4' title="bbox 354 597 2011 689; baseline 0.003 -29"><span class='ocrx_word' id='word_1_30' title='bbox 354 599 456 661; x_wconf 89' lang='lat' dir='ltr'><strong>amoti</strong></span> <span class='ocrx_word' id='word_1_31' title='bbox 477 598 601 660; x_wconf 86' lang='lat' dir='ltr'><strong>fuerint</strong></span> <span class='ocrx_word' id='word_1_32' title='bbox 624 597 805 671; x_wconf 91' lang='lat' dir='ltr'><strong>abeodem,</strong></span> <span class='ocrx_word' id='word_1_33' title='bbox 830 599 1005 660; x_wconf 89' lang='lat' dir='ltr'><strong>amovendi</strong></span> <span class='ocrx_word' id='word_1_34' title='bbox 1027 615 1085 662; x_wconf 91' lang='lat' dir='ltr'><strong>eos</strong></span> <span class='ocrx_word' id='word_1_35' title='bbox 1107 599 1148 662; x_wconf 91' lang='lat' dir='ltr'><strong>ab</strong></span> <span class='ocrx_word' id='word_1_36' title='bbox 1202 599 1373 672; x_wconf 90' lang='lat' dir='ltr'><strong>veniendi,</strong></span> <span class='ocrx_word' id='word_1_37' title='bbox 1400 601 1433 660; x_wconf 89' lang='lat' dir='ltr'><strong>et</strong></span> <span class='ocrx_word' id='word_1_38' title='bbox 1462 601 1632 676; x_wconf 88' lang='lat' dir='ltr'><strong>arreptum</strong></span> <span class='ocrx_word' id='word_1_39' title='bbox 1661 603 1900 678; x_wconf 80' lang='lat' dir='ltr'><strong>prosequamini</strong></span> <span class='ocrx_word' id='word_1_40' title='bbox 1917 605 1966 666; x_wconf 85' lang='lat' dir='ltr'><strong>sine</strong></span> <span class='ocrx_word' id='word_1_41' title='bbox 2010 664 2011 689; x_wconf 15' lang='grc' dir='ltr'><strong>χ</strong></span> 
     </span>
     <span class='ocr_line' id='line_1_5' title="bbox 354 696 2011 776; baseline 0.004 -21"><span class='ocrx_word' id='word_1_42' title='bbox 354 697 437 773; x_wconf 88' lang='lat' dir='ltr'><strong>ipso,</strong></span> <span class='ocrx_word' id='word_1_43' title='bbox 468 697 501 756; x_wconf 89' lang='lat' dir='ltr'><strong>et</strong></span> <span class='ocrx_word' id='word_1_44' title='bbox 536 696 721 758; x_wconf 90' lang='lat' dir='ltr'><strong>collocandi</strong></span> <span class='ocrx_word' id='word_1_45' title='bbox 755 697 907 772; x_wconf 84' lang='lat' dir='ltr'><strong>singulos</strong></span> <span class='ocrx_word' id='word_1_46' title='bbox 942 697 978 756; x_wconf 92' lang='lat' dir='ltr'><strong>in</strong></span> <span class='ocrx_word' id='word_1_47' title='bbox 1007 696 1149 772; x_wconf 83' lang='lat' dir='ltr'><strong>singulis</strong></span> <span class='ocrx_word' id='word_1_48' title='bbox 1202 696 1336 770; x_wconf 88' lang='lat' dir='ltr'><strong>lraude;</strong></span> <span class='ocrx_word' id='word_1_49' title='bbox 1354 698 1496 759; x_wconf 89' lang='lat' dir='ltr'><strong>scientes</strong></span> <span class='ocrx_word' id='word_1_50' title='bbox 1512 698 1650 776; x_wconf 90' lang='lat' dir='ltr'><strong>nosipsi</strong></span> <span class='ocrx_word' id='word_1_51' title='bbox 1665 698 1780 759; x_wconf 89' lang='lat' dir='ltr'><strong>comiti</strong></span> <span class='ocrx_word' id='word_1_52' title='bbox 1794 699 1966 762; x_wconf 72' lang='lat' dir='ltr'><strong>mandavisse</strong></span> <span class='ocrx_word' id='word_1_53' title='bbox 2010 697 2011 700; x_wconf 71' lang='grc'>’</span> 
     </span>
    </p>
   </div>
   <div class='ocr_carea' id='block_1_4' title="bbox 353 794 1148 890">
    <p class='ocr_par' dir='ltr' id='par_1_4' title="bbox 353 794 1148 890">
     <span class='ocr_line' id='line_1_6' title="bbox 353 794 1148 890; baseline 0.001 -36"><span class='ocrx_word' id='word_1_54' title='bbox 353 794 565 890; x_wconf 66' lang='lat' dir='ltr'><strong>monasteriis</strong></span> <span class='ocrx_word' id='word_1_55' title='bbox 600 795 783 866; x_wconf 90' lang='lat' dir='ltr'><strong>canonicis,</strong></span> <span class='ocrx_word' id='word_1_56' title='bbox 820 796 1083 858; x_wconf 76' lang='lat' dir='ltr'><strong>commoraturos</strong></span> <span class='ocrx_word' id='word_1_57' title='bbox 1112 794 1148 856; x_wconf 89' lang='lat' dir='ltr'><strong>in</strong></span> 
     </span>
    </p>
   </div>
   <div class='ocr_carea' id='block_1_5' title="bbox 1204 794 1967 874">
    <p class='ocr_par' dir='ltr' id='par_1_5' title="bbox 1204 794 1967 874">
     <span class='ocr_line' id='line_1_7' title="bbox 1204 794 1967 874; baseline 0.004 -19"><span class='ocrx_word' id='word_1_58' title='bbox 1204 795 1239 856; x_wconf 89' lang='lat' dir='ltr'><strong>nt</strong></span> <span class='ocrx_word' id='word_1_59' title='bbox 1252 798 1485 872; x_wconf 81' lang='lat' dir='ltr'><strong>procuratores</strong></span> <span class='ocrx_word' id='word_1_60' title='bbox 1499 794 1639 857; x_wconf 91' lang='lat' dir='ltr'><strong>idoneos</strong></span> <span class='ocrx_word' id='word_1_61' title='bbox 1661 811 1720 872; x_wconf 91' lang='lat' dir='ltr'><strong>pro</strong></span> <span class='ocrx_word' id='word_1_62' title='bbox 1736 811 1774 856; x_wconf 90' lang='lat' dir='ltr'><strong>se</strong></span> <span class='ocrx_word' id='word_1_63' title='bbox 1786 796 1895 866; x_wconf 85' lang='lat' dir='ltr'><strong>mittat,</strong></span> <span class='ocrx_word' id='word_1_64' title='bbox 1909 815 1967 874; x_wconf 89' lang='lat' dir='ltr'><strong>qm·</strong></span> 
     </span>
    </p>
   </div>
   <div class='ocr_carea' id='block_1_6' title="bbox 352 885 1966 1162">
    <p class='ocr_par' dir='ltr' id='par_1_6' title="bbox 352 885 1966 1162">
     <span class='ocr_line' id='line_1_8' title="bbox 354 885 1966 971; baseline 0.001 -19"><span class='ocrx_word' id='word_1_65' title='bbox 354 892 435 969; x_wconf 88' lang='lat' dir='ltr'><strong>ipsis</strong></span> <span class='ocrx_word' id='word_1_66' title='bbox 458 907 630 969; x_wconf 82' lang='lat' dir='ltr'><strong>quousque</strong></span> <span class='ocrx_word' id='word_1_67' title='bbox 660 893 747 954; x_wconf 91' lang='lat' dir='ltr'><strong>idem</strong></span> <span class='ocrx_word' id='word_1_68' title='bbox 770 893 1010 955; x_wconf 90' lang='lat' dir='ltr'><strong>monasterium</strong></span> <span class='ocrx_word' id='word_1_69' title='bbox 1036 909 1056 954; x_wconf 92' lang='lat' dir='ltr'><strong>a</strong></span> <span class='ocrx_word' id='word_1_70' title='bbox 1078 892 1149 952; x_wconf 90' lang='lat' dir='ltr'><strong>suis</strong></span> <span class='ocrx_word' id='word_1_71' title='bbox 1202 893 1311 964; x_wconf 88' lang='lat' dir='ltr'><strong>tenus,</strong></span> <span class='ocrx_word' id='word_1_72' title='bbox 1337 892 1527 970; x_wconf 88' lang='lat' dir='ltr'><strong>hujusmodi</strong></span> <span class='ocrx_word' id='word_1_73' title='bbox 1546 885 1732 971; x_wconf 79' lang='lat' dir='ltr'><strong>¹quaestione</strong></span> <span class='ocrx_word' id='word_1_74' title='bbox 1759 893 1881 970; x_wconf 87' lang='lat' dir='ltr'><strong>sopita,</strong></span> <span class='ocrx_word' id='word_1_75' title='bbox 1902 896 1966 954; x_wconf 81' lang='lat' dir='ltr'><strong>illins</strong></span> 
     </span>
     <span class='ocr_line' id='line_1_9' title="bbox 352 989 1965 1067; baseline 0.001 -17"><span class='ocrx_word' id='word_1_76' title='bbox 352 989 507 1051; x_wconf 88' lang='lat' dir='ltr'><strong>videatur</strong></span> <span class='ocrx_word' id='word_1_77' title='bbox 532 989 776 1053; x_wconf 86' lang='lat' dir='ltr'><strong>calamitatibus</strong></span> <span class='ocrx_word' id='word_1_78' title='bbox 800 991 994 1066; x_wconf 84' lang='lat' dir='ltr'><strong>respirasse,</strong></span> <span class='ocrx_word' id='word_1_79' title='bbox 1021 1005 1149 1052; x_wconf 86' lang='lat' dir='ltr'><strong>necnon</strong></span> <span class='ocrx_word' id='word_1_80' title='bbox 1203 991 1301 1052; x_wconf 89' lang='lat' dir='ltr'><strong>terrae</strong></span> <span class='ocrx_word' id='word_1_81' title='bbox 1316 990 1417 1051; x_wconf 89' lang='lat' dir='ltr'><strong>statui</strong></span> <span class='ocrx_word' id='word_1_82' title='bbox 1432 990 1607 1067; x_wconf 91' lang='lat' dir='ltr'><strong>providere</strong></span> <span class='ocrx_word' id='word_1_83' title='bbox 1624 1007 1699 1052; x_wconf 91' lang='lat' dir='ltr'><strong>cum</strong></span> <span class='ocrx_word' id='word_1_84' title='bbox 1722 995 1835 1052; x_wconf 90' lang='lat' dir='ltr'><strong>vestro</strong></span> <span class='ocrx_word' id='word_1_85' title='bbox 1859 993 1965 1052; x_wconf 89' lang='lat' dir='ltr'><strong>consilio</strong></span> 
     </span>
     <span class='ocr_line' id='line_1_10' title="bbox 354 1086 1966 1162; baseline 0.002 -16"><span class='ocrx_word' id='word_1_86' title='bbox 354 1086 545 1148; x_wconf 86' lang='lat' dir='ltr'><strong>assumendi</strong></span> <span class='ocrx_word' id='word_1_87' title='bbox 562 1087 604 1148; x_wconf 91' lang='lat' dir='ltr'><strong>de</strong></span> <span class='ocrx_word' id='word_1_88' title='bbox 618 1087 695 1148; x_wconf 88' lang='lat' dir='ltr'><strong>aliis</strong></span> <span class='ocrx_word' id='word_1_89' title='bbox 717 1089 929 1150; x_wconf 89' lang='lat' dir='ltr'><strong>monasteriis</strong></span> <span class='ocrx_word' id='word_1_90' title='bbox 949 1088 1002 1148; x_wconf 91' lang='lat' dir='ltr'><strong>sui</strong></span> <span class='ocrx_word' id='word_1_91' title='bbox 1023 1086 1150 1148; x_wconf 89' lang='lat' dir='ltr'><strong>ordinis</strong></span> <span class='ocrx_word' id='word_1_92' title='bbox 1203 1089 1385 1150; x_wconf 89' lang='lat' dir='ltr'><strong>valeamus.</strong></span> <span class='ocrx_word' id='word_1_93' title='bbox 1400 1092 1518 1150; x_wconf 88' lang='lat' dir='ltr'><strong>Datum</strong></span> <span class='ocrx_word' id='word_1_94' title='bbox 1537 1091 1704 1162; x_wconf 88' lang='lat' dir='ltr'><strong>Laterani,</strong></span> <span class='ocrx_word' id='word_1_95' title='bbox 1727 1093 1759 1151; x_wconf 86' lang='lat' dir='ltr'>X</span> <span class='ocrx_word' id='word_1_96' title='bbox 1775 1089 1840 1151; x_wconf 82' lang='lat' dir='ltr'><strong>kal.</strong></span> <span class='ocrx_word' id='word_1_97' title='bbox 1859 1107 1966 1150; x_wconf 87' lang='lat' dir='ltr'><strong>noven-</strong></span> 
     </span>
    </p>
   </div>
   <div class='ocr_carea' id='block_1_7' title="bbox 354 1184 1561 1262">
    <p class='ocr_par' dir='ltr' id='par_1_7' title="bbox 354 1184 1561 1262">
     <span class='ocr_line' id='line_1_11' title="bbox 354 1184 1561 1262; baseline 0.003 -18"><span class='ocrx_word' id='word_1_98' title='bbox 354 1185 483 1261; x_wconf 85' lang='lat' dir='ltr'><strong>aliquos</strong></span> <span class='ocrx_word' id='word_1_99' title='bbox 507 1184 647 1247; x_wconf 89' lang='lat' dir='ltr'><strong>scientia</strong></span> <span class='ocrx_word' id='word_1_100' title='bbox 666 1186 699 1246; x_wconf 91' lang='lat' dir='ltr'><strong>et</strong></span> <span class='ocrx_word' id='word_1_101' title='bbox 719 1185 883 1262; x_wconf 87' lang='lat' dir='ltr'><strong>religione</strong></span> <span class='ocrx_word' id='word_1_102' title='bbox 908 1185 1081 1262; x_wconf 92' lang='lat' dir='ltr'><strong>pollentes,</strong></span> <span class='ocrx_word' id='word_1_103' title='bbox 1111 1199 1151 1246; x_wconf 88' lang='lat' dir='ltr'><strong>ac</strong></span> <span class='ocrx_word' id='word_1_104' title='bbox 1204 1186 1284 1259; x_wconf 92' lang='lat' dir='ltr'><strong>bris,</strong></span> <span class='ocrx_word' id='word_1_105' title='bbox 1301 1201 1389 1248; x_wconf 91' lang='lat' dir='ltr'><strong>anno</strong></span> <span class='ocrx_word' id='word_1_106' title='bbox 1405 1187 1561 1249; x_wconf 91' lang='lat' dir='ltr'><strong>secundo.</strong></span> 
     </span>
    </p>
   </div>
   <div class='ocr_carea' id='block_1_8' title="bbox 351 1283 1153 2531">
    <p class='ocr_par' dir='ltr' id='par_1_8' title="bbox 351 1283 1153 2531">
     <span class='ocr_line' id='line_1_12' title="bbox 353 1283 1152 1361; baseline 0.004 -18"><span class='ocrx_word' id='word_1_107' title='bbox 353 1283 497 1358; x_wconf 90' lang='lat' dir='ltr'><strong>ponendi</strong></span> <span class='ocrx_word' id='word_1_108' title='bbox 523 1299 580 1344; x_wconf 89' lang='lat' dir='ltr'><strong>eos</strong></span> <span class='ocrx_word' id='word_1_109' title='bbox 605 1284 642 1344; x_wconf 93' lang='lat' dir='ltr'><strong>in</strong></span> <span class='ocrx_word' id='word_1_110' title='bbox 666 1285 869 1346; x_wconf 89' lang='lat' dir='ltr'><strong>monasterio</strong></span> <span class='ocrx_word' id='word_1_111' title='bbox 896 1283 1089 1361; x_wconf 81' lang='lat' dir='ltr'><strong>saepedicto,</strong></span> <span class='ocrx_word' id='word_1_112' title='bbox 1115 1284 1152 1346; x_wconf 89' lang='lat' dir='ltr'><strong>ut</strong></span> 
     </span>
     <span class='ocr_line' id='line_1_13' title="bbox 353 1380 1152 1459; baseline 0.001 -19"><span class='ocrx_word' id='word_1_113' title='bbox 353 1380 438 1442; x_wconf 91' lang='lat' dir='ltr'><strong>alios</strong></span> <span class='ocrx_word' id='word_1_114' title='bbox 452 1381 555 1444; x_wconf 90' lang='lat' dir='ltr'><strong>verbo</strong></span> <span class='ocrx_word' id='word_1_115' title='bbox 570 1384 603 1444; x_wconf 89' lang='lat' dir='ltr'><strong>et</strong></span> <span class='ocrx_word' id='word_1_116' title='bbox 617 1381 769 1459; x_wconf 84' lang='lat' dir='ltr'><strong>exemplo</strong></span> <span class='ocrx_word' id='word_1_117' title='bbox 784 1381 964 1444; x_wconf 81' lang='lat' dir='ltr'><strong>informent</strong></span> <span class='ocrx_word' id='word_1_118' title='bbox 978 1380 1019 1444; x_wconf 93' lang='lat' dir='ltr'><strong>ad</strong></span> <span class='ocrx_word' id='word_1_119' title='bbox 1036 1380 1152 1444; x_wconf 90' lang='lat' dir='ltr'><strong>obser·</strong></span> 
     </span>
     <span class='ocr_line' id='line_1_14' title="bbox 353 1479 1151 1556; baseline 0.004 -19"><span class='ocrx_word' id='word_1_120' title='bbox 353 1479 501 1540; x_wconf 88' lang='lat' dir='ltr'><strong>vantiam</strong></span> <span class='ocrx_word' id='word_1_121' title='bbox 514 1479 703 1554; x_wconf 76' lang='lat' dir='ltr'><strong>regularem</strong></span> <span class='ocrx_word' id='word_1_122' title='bbox 713 1481 965 1556; x_wconf 87' lang='lat' dir='ltr'><strong>praeceptorum,</strong></span> <span class='ocrx_word' id='word_1_123' title='bbox 981 1479 1151 1540; x_wconf 86' lang='lat' dir='ltr'><strong>licentiam</strong></span> 
     </span>
     <span class='ocr_line' id='line_1_15' title="bbox 351 1575 1153 1653; baseline 0.001 -17"><span class='ocrx_word' id='word_1_124' title='bbox 351 1575 413 1636; x_wconf 92' lang='lat' dir='ltr'><strong>tibi</strong></span> <span class='ocrx_word' id='word_1_125' title='bbox 427 1577 610 1640; x_wconf 88' lang='lat' dir='ltr'><strong>concedere</strong></span> <span class='ocrx_word' id='word_1_126' title='bbox 629 1577 866 1653; x_wconf 71' lang='lat' dir='ltr'><strong>dignaremur,</strong></span> <span class='ocrx_word' id='word_1_127' title='bbox 887 1593 948 1639; x_wconf 90' lang='lat' dir='ltr'><strong>nos</strong></span> <span class='ocrx_word' id='word_1_128' title='bbox 970 1577 1074 1652; x_wconf 80' lang='lat' dir='ltr'><strong>igitur</strong></span> <span class='ocrx_word' id='word_1_129' title='bbox 1091 1591 1153 1653; x_wconf 53' lang='lat' dir='ltr'><strong>ge*</strong></span> 
     </span>
     <span class='ocr_line' id='line_1_16' title="bbox 352 1675 1150 1752; baseline 0.003 -19"><span class='ocrx_word' id='word_1_130' title='bbox 352 1675 464 1736; x_wconf 88' lang='lat' dir='ltr'><strong>rentes</strong></span> <span class='ocrx_word' id='word_1_131' title='bbox 492 1675 533 1735; x_wconf 90' lang='lat' dir='ltr'><strong>de</strong></span> <span class='ocrx_word' id='word_1_132' title='bbox 554 1675 666 1738; x_wconf 89' lang='lat' dir='ltr'><strong>vestra</strong></span> <span class='ocrx_word' id='word_1_133' title='bbox 692 1675 989 1752; x_wconf 86' lang='lat' dir='ltr'><strong>circumspectione</strong></span> <span class='ocrx_word' id='word_1_134' title='bbox 1013 1689 1053 1736; x_wconf 89' lang='lat' dir='ltr'><strong>ac</strong></span> <span class='ocrx_word' id='word_1_135' title='bbox 1075 1688 1150 1735; x_wconf 90' lang='lat' dir='ltr'><strong>mo-</strong></span> 
     </span>
     <span class='ocr_line' id='line_1_17' title="bbox 353 1769 1152 1849; baseline 0.003 -19"><span class='ocrx_word' id='word_1_136' title='bbox 353 1769 459 1833; x_wconf 90' lang='lat' dir='ltr'><strong>destia</strong></span> <span class='ocrx_word' id='word_1_137' title='bbox 474 1773 630 1835; x_wconf 89' lang='lat' dir='ltr'><strong>dduclam</strong></span> <span class='ocrx_word' id='word_1_138' title='bbox 650 1773 845 1849; x_wconf 92' lang='lat' dir='ltr'><strong>pleniorem,</strong></span> <span class='ocrx_word' id='word_1_139' title='bbox 862 1773 1055 1835; x_wconf 91' lang='lat' dir='ltr'><strong>discretioni</strong></span> <span class='ocrx_word' id='word_1_140' title='bbox 1074 1786 1152 1834; x_wconf 88' lang='lat' dir='ltr'><strong>ves-</strong></span> 
     </span>
     <span class='ocr_line' id='line_1_18' title="bbox 352 1870 1149 1948; baseline 0.001 -20"><span class='ocrx_word' id='word_1_141' title='bbox 352 1871 425 1940; x_wconf 88' lang='lat' dir='ltr'><strong>trae,</strong></span> <span class='ocrx_word' id='word_1_142' title='bbox 464 1885 524 1946; x_wconf 91' lang='lat' dir='ltr'><strong>per</strong></span> <span class='ocrx_word' id='word_1_143' title='bbox 557 1870 748 1948; x_wconf 74' lang='lat' dir='ltr'><strong>apostolica</strong></span> <span class='ocrx_word' id='word_1_144' title='bbox 781 1871 905 1947; x_wconf 90' lang='lat' dir='ltr'><strong>scripta</strong></span> <span class='ocrx_word' id='word_1_145' title='bbox 936 1870 1149 1942; x_wconf 87' lang='lat' dir='ltr'><strong>mandamus,</strong></span> 
     </span>
     <span class='ocr_line' id='line_1_19' title="bbox 353 1967 1150 2044; baseline 0.003 -19"><span class='ocrx_word' id='word_1_146' title='bbox 353 1967 528 2042; x_wconf 90' lang='lat' dir='ltr'><strong>quatenus,</strong></span> <span class='ocrx_word' id='word_1_147' title='bbox 546 1967 721 2029; x_wconf 90' lang='lat' dir='ltr'><strong>dummodo</strong></span> <span class='ocrx_word' id='word_1_148' title='bbox 737 1969 925 2044; x_wconf 82' lang='lat' dir='ltr'><strong>exemplum</strong></span> <span class='ocrx_word' id='word_1_149' title='bbox 941 1967 1061 2030; x_wconf 89' lang='lat' dir='ltr'><strong>nonsit</strong></span> <span class='ocrx_word' id='word_1_150' title='bbox 1075 1982 1150 2028; x_wconf 91' lang='lat' dir='ltr'><strong>mo·</strong></span> 
     </span>
     <span class='ocr_line' id='line_1_20' title="bbox 353 2064 1151 2142; baseline 0.003 -20"><span class='ocrx_word' id='word_1_151' title='bbox 353 2064 537 2124; x_wconf 89' lang='lat' dir='ltr'><strong>nasterium</strong></span> <span class='ocrx_word' id='word_1_152' title='bbox 560 2067 795 2137; x_wconf 89' lang='lat' dir='ltr'><strong>memoratum,</strong></span> <span class='ocrx_word' id='word_1_153' title='bbox 820 2065 1022 2142; x_wconf 85' lang='lat' dir='ltr'><strong>supradicta,</strong></span> <span class='ocrx_word' id='word_1_154' title='bbox 1048 2067 1151 2125; x_wconf 88' lang='lat' dir='ltr'><strong>Deum</strong></span> 
     </span>
     <span class='ocr_line' id='line_1_21' title="bbox 353 2159 1153 2241; baseline 0.005 -23"><span class='ocrx_word' id='word_1_155' title='bbox 353 2159 1153 2241; x_wconf 85' lang='lat' dir='ltr'><strong>babentespreeoculis,exsequaminiprcutvide-</strong></span> 
     </span>
     <span class='ocr_line' id='line_1_22' title="bbox 354 2253 1149 2336; baseline 0.004 -19"><span class='ocrx_word' id='word_1_156' title='bbox 354 2257 429 2318; x_wconf 93' lang='lat' dir='ltr'><strong>ritis</strong></span> <span class='ocrx_word' id='word_1_157' title='bbox 442 2258 611 2334; x_wconf 87' lang='lat' dir='ltr'><strong>expedire.</strong></span> <span class='ocrx_word' id='word_1_158' title='bbox 625 2260 891 2323; x_wconf 78' lang='lat' dir='ltr'><strong>contradictores</strong></span> <span class='ocrx_word' id='word_1_159' title='bbox 904 2261 930 2321; x_wconf 91' lang='lat' dir='ltr'><strong>si</strong></span> <span class='ocrx_word' id='word_1_160' title='bbox 946 2261 1003 2336; x_wconf 91' lang='lat' dir='ltr'><strong>qui</strong></span> <span class='ocrx_word' id='word_1_161' title='bbox 1016 2253 1149 2330; x_wconf 87' lang='lat' dir='ltr'><strong>lue&#39;rint,</strong></span> 
     </span>
     <span class='ocr_line' id='line_1_23' title="bbox 353 2355 1151 2432; baseline 0.003 -18"><span class='ocrx_word' id='word_1_162' title='bbox 353 2355 405 2414; x_wconf 90' lang='lat' dir='ltr'><strong>vel</strong></span> <span class='ocrx_word' id='word_1_163' title='bbox 425 2355 579 2428; x_wconf 90' lang='lat' dir='ltr'><strong>rebelles,</strong></span> <span class='ocrx_word' id='word_1_164' title='bbox 604 2371 665 2432; x_wconf 91' lang='lat' dir='ltr'><strong>per</strong></span> <span class='ocrx_word' id='word_1_165' title='bbox 690 2371 866 2418; x_wconf 89' lang='lat' dir='ltr'><strong>censuram</strong></span> <span class='ocrx_word' id='word_1_166' title='bbox 891 2357 1151 2419; x_wconf 89' lang='lat' dir='ltr'><strong>ecclesiasticam</strong></span> 
     </span>
     <span class='ocr_line' id='line_1_24' title="bbox 353 2452 1152 2531; baseline 0.003 -19"><span class='ocrx_word' id='word_1_167' title='bbox 353 2452 577 2528; x_wconf 88' lang='lat' dir='ltr'><strong>appellatione</strong></span> <span class='ocrx_word' id='word_1_168' title='bbox 592 2455 775 2531; x_wconf 91' lang='lat' dir='ltr'><strong>postposita</strong></span> <span class='ocrx_word' id='word_1_169' title='bbox 792 2455 1042 2531; x_wconf 89' lang='lat' dir='ltr'><strong>compescendo.</strong></span> <span class='ocrx_word' id='word_1_170' title='bbox 1059 2454 1152 2526; x_wconf 81' lang='lat' dir='ltr'><strong>Quod</strong></span> 
     </span>
    </p>
   </div>
   <div class='ocr_carea' id='block_1_9' title="bbox 353 2550 1159 2630">
    <p class='ocr_par' dir='ltr' id='par_1_9' title="bbox 353 2550 1159 2630">
     <span class='ocr_line' id='line_1_25' title="bbox 353 2550 1159 2630; baseline 0.005 -21"><span class='ocrx_word' id='word_1_171' title='bbox 353 2550 381 2610; x_wconf 90' lang='lat' dir='ltr'><strong>si</strong></span> <span class='ocrx_word' id='word_1_172' title='bbox 403 2565 469 2610; x_wconf 93' lang='lat' dir='ltr'><strong>non</strong></span> <span class='ocrx_word' id='word_1_173' title='bbox 485 2565 599 2613; x_wconf 91' lang='lat' dir='ltr'><strong>omnes</strong></span> <span class='ocrx_word' id='word_1_174' title='bbox 615 2552 657 2614; x_wconf 92' lang='lat' dir='ltr'><strong>iis</strong></span> <span class='ocrx_word' id='word_1_175' title='bbox 678 2552 899 2630; x_wconf 80' lang='lat' dir='ltr'><strong>exsequendis</strong></span> <span class='ocrx_word' id='word_1_176' title='bbox 913 2553 1077 2615; x_wconf 89' lang='lat' dir='ltr'><strong>interesse</strong></span> <span class='ocrx_word' id='word_1_177' title='bbox 1092 2567 1159 2628; x_wconf 77' lang='lat' dir='ltr'><strong>po-,</strong></span> 
     </span>
    </p>
   </div>
   <div class='ocr_carea' id='block_1_10' title="bbox 351 2648 1153 2825">
    <p class='ocr_par' dir='ltr' id='par_1_10' title="bbox 351 2648 1153 2825">
     <span class='ocr_line' id='line_1_26' title="bbox 351 2648 1152 2728; baseline 0.002 -20"><span class='ocrx_word' id='word_1_178' title='bbox 351 2648 495 2720; x_wconf 73' lang='lat' dir='ltr'><strong>inieritis,</strong></span> <span class='ocrx_word' id='word_1_179' title='bbox 511 2649 547 2710; x_wconf 89' lang='lat' dir='ltr'><strong>tu</strong></span> <span class='ocrx_word' id='word_1_180' title='bbox 562 2665 614 2722; x_wconf 87' lang='lat' dir='ltr'><strong>ea,</strong></span> <span class='ocrx_word' id='word_1_181' title='bbox 633 2649 739 2712; x_wconf 83' lang='lat' dir='ltr'><strong>trater</strong></span> <span class='ocrx_word' id='word_1_182' title='bbox 752 2649 918 2728; x_wconf 91' lang='lat' dir='ltr'><strong>episcope,</strong></span> <span class='ocrx_word' id='word_1_183' title='bbox 939 2666 1015 2712; x_wconf 90' lang='lat' dir='ltr'><strong>cum</strong></span> <span class='ocrx_word' id='word_1_184' title='bbox 1036 2665 1152 2711; x_wconf 90' lang='lat' dir='ltr'><strong>eorum</strong></span> 
     </span>
     <span class='ocr_line' id='line_1_27' title="bbox 352 2745 1153 2825; baseline 0.005 -21"><span class='ocrx_word' id='word_1_185' title='bbox 352 2745 458 2807; x_wconf 90' lang='lat' dir='ltr'><strong>altero</strong></span> <span class='ocrx_word' id='word_1_186' title='bbox 471 2747 689 2810; x_wconf 91' lang='lat' dir='ltr'><strong>nihilominus</strong></span> <span class='ocrx_word' id='word_1_187' title='bbox 702 2748 909 2825; x_wconf 76' lang='lat' dir='ltr'><strong>exsequaris·</strong></span> <span class='ocrx_word' id='word_1_188' title='bbox 922 2750 1041 2810; x_wconf 87' lang='lat' dir='ltr'><strong>Datum</strong></span> <span class='ocrx_word' id='word_1_189' title='bbox 1054 2747 1153 2808; x_wconf 82' lang='lat' dir='ltr'><strong>Late-</strong></span> 
     </span>
    </p>
   </div>
   <div class='ocr_carea' id='block_1_11' title="bbox 353 2843 1153 3000">
    <p class='ocr_par' dir='ltr' id='par_1_11' title="bbox 353 2843 1153 3000">
     <span class='ocr_line' id='line_1_28' title="bbox 353 2843 1153 2909; baseline 0.005 -7"><span class='ocrx_word' id='word_1_190' title='bbox 353 2843 428 2903; x_wconf 89' lang='lat' dir='ltr'><strong>rani</strong></span> <span class='ocrx_word' id='word_1_191' title='bbox 453 2843 569 2906; x_wconf 92' lang='lat' dir='ltr'><strong>decino</strong></span> <span class='ocrx_word' id='word_1_192' title='bbox 590 2844 752 2908; x_wconf 85' lang='lat' dir='ltr'><strong>kalendas</strong></span> <span class='ocrx_word' id='word_1_193' title='bbox 771 2844 961 2909; x_wconf 84' lang='lat' dir='ltr'><strong>novembris</strong></span> <span class='ocrx_word' id='word_1_194' title='bbox 986 2861 1074 2907; x_wconf 91' lang='lat' dir='ltr'><strong>anno</strong></span> <span class='ocrx_word' id='word_1_195' title='bbox 1098 2860 1153 2906; x_wconf 82' lang='lat' dir='ltr'><strong>se-</strong></span> 
     </span>
     <span class='ocr_line' id='line_1_29' title="bbox 354 2939 473 3000; baseline 0.017 -2"><span class='ocrx_word' id='word_1_196' title='bbox 354 2939 473 3000; x_wconf 86' lang='lat' dir='ltr'><strong>eunde.</strong></span> 
     </span>
    </p>
   </div>
   <div class='ocr_carea' id='block_1_12' title="bbox 684 3060 828 3151">
    <p class='ocr_par' dir='ltr' id='par_1_12' title="bbox 684 3060 828 3151">
     <span class='ocr_line' id='line_1_30' title="bbox 684 3060 828 3151; baseline -0.007 -3"><span class='ocrx_word' id='word_1_197' title='bbox 684 3060 828 3151; x_wconf 75' lang='lat' dir='ltr'><strong>XWH</strong></span> 
     </span>
    </p>
   </div>
   <div class='ocr_carea' id='block_1_13' title="bbox 416 3211 1095 3388">
    <p class='ocr_par' dir='ltr' id='par_1_13' title="bbox 416 3211 1095 3388">
     <span class='ocr_line' id='line_1_31' title="bbox 416 3211 1095 3288; baseline 0.006 -18"><span class='ocrx_word' id='word_1_198' title='bbox 416 3211 467 3270; x_wconf 83' lang='lat' dir='ltr'><strong>Act</strong></span> <span class='ocrx_word' id='word_1_199' title='bbox 480 3211 740 3272; x_wconf 79' lang='lat' dir='ltr'><strong>Narbonensem</strong></span> <span class='ocrx_word' id='word_1_200' title='bbox 755 3213 1095 3288; x_wconf 66' lang='lat' dir='ltr'><strong>archiepiscoporum</strong></span> 
     </span>
     <span class='ocr_line' id='line_1_32' title="bbox 540 3309 966 3388; baseline 0.016 -21"><span class='ocrx_word' id='word_1_201' title='bbox 540 3309 744 3370; x_wconf 70' lang='lat' dir='ltr'><strong>dianensem</strong></span> <span class='ocrx_word' id='word_1_202' title='bbox 762 3313 966 3388; x_wconf 76' lang='lat' dir='ltr'><strong>episcopum.</strong></span> 
     </span>
    </p>
   </div>
   <div class='ocr_carea' id='block_1_14' title="bbox 657 3431 850 3490">
    <p class='ocr_par' dir='ltr' id='par_1_14' title="bbox 657 3431 850 3490">
     <span class='ocr_line' id='line_1_33' title="bbox 657 3431 850 3490; baseline -0.021 0"><span class='ocrx_word' id='word_1_203' title='bbox 657 3431 692 3490; x_wconf 80' lang='lat'><strong>23</strong></span> <span class='ocrx_word' id='word_1_204' title='bbox 701 3438 758 3489; x_wconf 89' lang='lat' dir='ltr'><strong>oct.</strong></span> <span class='ocrx_word' id='word_1_205' title='bbox 771 3433 850 3490; x_wconf 73' lang='lat' dir='ltr'><strong>latr.</strong></span> 
     </span>
    </p>
   </div>
   <div class='ocr_carea' id='block_1_15' title="bbox 386 3544 1121 3691">
    <p class='ocr_par' dir='ltr' id='par_1_15' title="bbox 386 3544 1121 3691">
     <span class='ocr_line' id='line_1_34' title="bbox 386 3544 1121 3612; baseline 0.007 -19"><span class='ocrx_word' id='word_1_206' title='bbox 386 3544 524 3610; x_wconf 65' lang='lat' dir='ltr'><strong>[bouquet</strong></span> <span class='ocrx_word' id='word_1_207' title='bbox 542 3544 643 3597; x_wconf 82' lang='lat' dir='ltr'><strong>Recneil</strong></span> <span class='ocrx_word' id='word_1_208' title='bbox 660 3547 704 3596; x_wconf 87' lang='lat' dir='ltr'><strong>des</strong></span> <span class='ocrx_word' id='word_1_209' title='bbox 717 3547 776 3596; x_wconf 90' lang='lat' dir='ltr'><strong>bist.</strong></span> <span class='ocrx_word' id='word_1_210' title='bbox 794 3551 814 3596; x_wconf 89' lang='lat' dir='ltr'><strong>t.</strong></span> <span class='ocrx_word' id='word_1_211' title='bbox 826 3547 893 3604; x_wconf 81' lang='lat' dir='ltr'><strong>xlx.</strong></span> <span class='ocrx_word' id='word_1_212' title='bbox 905 3546 1003 3612; x_wconf 61' lang='lat' dir='ltr'><strong>ptam</strong></span> <span class='ocrx_word' id='word_1_213' title='bbox 1021 3549 1121 3612; x_wconf 76' lang='lat' dir='ltr'><strong>lteqsst.</strong></span> 
     </span>
     <span class='ocr_line' id='line_1_35' title="bbox 641 3626 866 3691; baseline -0.004 -14"><span class='ocrx_word' id='word_1_214' title='bbox 641 3626 686 3677; x_wconf 88' lang='lat' dir='ltr'><strong>lib.</strong></span> <span class='ocrx_word' id='word_1_215' title='bbox 701 3628 733 3686; x_wconf 89' lang='lat' dir='ltr'><strong>ll,</strong></span> <span class='ocrx_word' id='word_1_216' title='bbox 748 3639 788 3691; x_wconf 84' lang='lat' dir='ltr'><strong>ep.</strong></span> <span class='ocrx_word' id='word_1_217' title='bbox 799 3627 866 3690; x_wconf 79' lang='lat' dir='ltr'><strong>cae]</strong></span> 
     </span>
    </p>
   </div>
   <div class='ocr_carea' id='block_1_16' title="bbox 355 3732 1153 4159">
    <p class='ocr_par' dir='ltr' id='par_1_16' title="bbox 355 3732 1153 4159">
     <span class='ocr_line' id='line_1_36' title="bbox 355 3732 1152 3806; baseline 0.006 -18"><span class='ocrx_word' id='word_1_218' title='bbox 355 3733 524 3804; x_wconf 89' lang='lat' dir='ltr'><strong>Quanquam</strong></span> <span class='ocrx_word' id='word_1_219' title='bbox 544 3733 657 3804; x_wconf 83' lang='lat' dir='ltr'><strong>legatus</strong></span> <span class='ocrx_word' id='word_1_220' title='bbox 678 3733 851 3805; x_wconf 84' lang='lat' dir='ltr'><strong>apostolicus</strong></span> <span class='ocrx_word' id='word_1_221' title='bbox 865 3749 937 3806; x_wconf 88' lang='lat' dir='ltr'><strong>quas</strong></span> <span class='ocrx_word' id='word_1_222' title='bbox 948 3732 1074 3793; x_wconf 88' lang='lat' dir='ltr'><strong>babeant</strong></span> <span class='ocrx_word' id='word_1_223' title='bbox 1087 3748 1152 3793; x_wconf 86' lang='lat' dir='ltr'><strong>curn</strong></span> 
     </span>
     <span class='ocr_line' id='line_1_37' title="bbox 391 3819 1153 3881; baseline 0.003 -3"><span class='ocrx_word' id='word_1_224' title='bbox 391 3821 507 3878; x_wconf 90' lang='lat' dir='ltr'><strong>Simone</strong></span> <span class='ocrx_word' id='word_1_225' title='bbox 519 3819 555 3876; x_wconf 91' lang='lat' dir='ltr'><strong>de</strong></span> <span class='ocrx_word' id='word_1_226' title='bbox 567 3820 729 3878; x_wconf 88' lang='lat' dir='ltr'><strong>llontelorti</strong></span> <span class='ocrx_word' id='word_1_227' title='bbox 749 3823 960 3879; x_wconf 87' lang='lat' dir='ltr'><strong>controversias</strong></span> <span class='ocrx_word' id='word_1_228' title='bbox 974 3823 1153 3881; x_wconf 88' lang='lat' dir='ltr'><strong>commodius</strong></span> 
     </span>
     <span class='ocr_line' id='line_1_38' title="bbox 390 3907 1153 3980; baseline 0.008 -17"><span class='ocrx_word' id='word_1_229' title='bbox 390 3907 524 3964; x_wconf 87' lang='lat' dir='ltr'><strong>dirimere</strong></span> <span class='ocrx_word' id='word_1_230' title='bbox 548 3909 678 3980; x_wconf 87' lang='lat' dir='ltr'><strong>potuerit,</strong></span> <span class='ocrx_word' id='word_1_231' title='bbox 699 3909 765 3980; x_wconf 86' lang='lat' dir='ltr'><strong>quia</strong></span> <span class='ocrx_word' id='word_1_232' title='bbox 782 3915 879 3966; x_wconf 79' lang='lat' dir='ltr'><strong>mmen</strong></span> <span class='ocrx_word' id='word_1_233' title='bbox 900 3910 935 3967; x_wconf 94' lang='lat' dir='ltr'><strong>ad</strong></span> <span class='ocrx_word' id='word_1_234' title='bbox 958 3911 992 3968; x_wconf 88' lang='lat' dir='ltr'><strong>ll.</strong></span> <span class='ocrx_word' id='word_1_235' title='bbox 1013 3913 1046 3970; x_wconf 79' lang='lat' dir='ltr'><strong>ll.</strong></span> <span class='ocrx_word' id='word_1_236' title='bbox 1069 3911 1153 3970; x_wconf 88' lang='lat' dir='ltr'><strong>luerit</strong></span> 
     </span>
     <span class='ocr_line' id='line_1_39' title="bbox 391 3993 1150 4073; baseline 0.009 -22"><span class='ocrx_word' id='word_1_237' title='bbox 391 4003 587 4070; x_wconf 88' lang='lat' dir='ltr'><strong>provocatum,</strong></span> <span class='ocrx_word' id='word_1_238' title='bbox 605 3997 722 4054; x_wconf 89' lang='lat' dir='ltr'><strong>mandat</strong></span> <span class='ocrx_word' id='word_1_239' title='bbox 744 3999 886 4055; x_wconf 87' lang='lat' dir='ltr'><strong>Honorius</strong></span> <span class='ocrx_word' id='word_1_240' title='bbox 900 4006 930 4056; x_wconf 87' lang='lat' dir='ltr'><strong>ut</strong></span> <span class='ocrx_word' id='word_1_241' title='bbox 945 3999 1071 4073; x_wconf 91' lang='lat' dir='ltr'><strong>episcopi</strong></span> <span class='ocrx_word' id='word_1_242' title='bbox 1095 3993 1150 4060; x_wconf 82' lang='lat' dir='ltr'><strong>llo·</strong></span> 
     </span>
     <span class='ocr_line' id='line_1_40' title="bbox 390 4084 1115 4159; baseline 0.006 -17"><span class='ocrx_word' id='word_1_243' title='bbox 390 4099 468 4142; x_wconf 91' lang='lat' dir='ltr'><strong>mam</strong></span> <span class='ocrx_word' id='word_1_244' title='bbox 486 4085 542 4159; x_wconf 90' lang='lat' dir='ltr'><strong>ipsi</strong></span> <span class='ocrx_word' id='word_1_245' title='bbox 553 4086 671 4144; x_wconf 86' lang='lat' dir='ltr'><strong>veniant</strong></span> <span class='ocrx_word' id='word_1_246' title='bbox 684 4099 782 4144; x_wconf 83' lang='lat' dir='ltr'><strong>coram</strong></span> <span class='ocrx_word' id='word_1_247' title='bbox 792 4099 824 4143; x_wconf 89' lang='lat' dir='ltr'><strong>se</strong></span> <span class='ocrx_word' id='word_1_248' title='bbox 834 4084 1115 4146; x_wconf 86' lang='lat' dir='ltr'><strong>causamdelensuri.</strong></span> 
     </span>
    </p>
   </div>
   <div class='ocr_carea' id='block_1_17' title="bbox 351 4203 1153 4672">
    <p class='ocr_par' dir='ltr' id='par_1_17' title="bbox 351 4203 1153 4478">
     <span class='ocr_line' id='line_1_41' title="bbox 394 4203 1153 4281; baseline 0.004 -17"><span class='ocrx_word' id='word_1_249' title='bbox 394 4204 561 4266; x_wconf 87' lang='lat' dir='ltr'><strong>Honorius</strong></span> <span class='ocrx_word' id='word_1_250' title='bbox 580 4203 805 4281; x_wconf 89' lang='lat' dir='ltr'><strong>episcopus...,</strong></span> <span class='ocrx_word' id='word_1_251' title='bbox 822 4204 1068 4267; x_wconf 89' lang='lat' dir='ltr'><strong>venerabilibus</strong></span> <span class='ocrx_word' id='word_1_252' title='bbox 1083 4205 1153 4268; x_wconf 86' lang='lat' dir='ltr'><strong>tra-</strong></span> 
     </span>
     <span class='ocr_line' id='line_1_42' title="bbox 351 4301 1153 4383; baseline 0 -19"><span class='ocrx_word' id='word_1_253' title='bbox 351 4302 458 4365; x_wconf 88' lang='lat' dir='ltr'><strong>tribus</strong></span> <span class='ocrx_word' id='word_1_254' title='bbox 473 4301 684 4364; x_wconf 85' lang='lat' dir='ltr'><strong>Narbonensi</strong></span> <span class='ocrx_word' id='word_1_255' title='bbox 694 4301 948 4380; x_wconf 88' lang='lat' dir='ltr'><strong>archiepiscopo</strong></span> <span class='ocrx_word' id='word_1_256' title='bbox 962 4301 1012 4383; x_wconf 86' lang='lat' dir='ltr'><strong>(a)</strong></span> <span class='ocrx_word' id='word_1_257' title='bbox 1024 4307 1056 4366; x_wconf 92' lang='lat' dir='ltr'><strong>et</strong></span> <span class='ocrx_word' id='word_1_258' title='bbox 1069 4304 1153 4381; x_wconf 90' lang='lat' dir='ltr'><strong>epis-</strong></span> 
     </span>
     <span class='ocr_line' id='line_1_43' title="bbox 353 4398 762 4478; baseline 0.007 -17"><span class='ocrx_word' id='word_1_259' title='bbox 353 4417 435 4478; x_wconf 91' lang='lat' dir='ltr'><strong>copo</strong></span> <span class='ocrx_word' id='word_1_260' title='bbox 453 4399 608 4461; x_wconf 85' lang='lat' dir='ltr'><strong>Elenensl</strong></span> <span class='ocrx_word' id='word_1_261' title='bbox 624 4398 682 4478; x_wconf 85' lang='lat' dir='ltr'><strong>(b),</strong></span> <span class='ocrx_word' id='word_1_262' title='bbox 700 4401 762 4464; x_wconf 87' lang='lat' dir='ltr'><strong>etc.</strong></span> 
     </span>
    </p>

    <p class='ocr_par' dir='ltr' id='par_1_18' title="bbox 353 4497 1153 4672">
     <span class='ocr_line' id='line_1_44' title="bbox 393 4497 1153 4574; baseline 0.003 -16"><span class='ocrx_word' id='word_1_263' title='bbox 393 4498 486 4559; x_wconf 85' lang='lat' dir='ltr'><strong>Licet</strong></span> <span class='ocrx_word' id='word_1_264' title='bbox 514 4497 713 4574; x_wconf 89' lang='lat' dir='ltr'><strong>quaestiones</strong></span> <span class='ocrx_word' id='word_1_265' title='bbox 744 4497 887 4558; x_wconf 81' lang='lat' dir='ltr'><strong>subortae</strong></span> <span class='ocrx_word' id='word_1_266' title='bbox 915 4497 1003 4559; x_wconf 89' lang='lat' dir='ltr'><strong>inter</strong></span> <span class='ocrx_word' id='word_1_267' title='bbox 1027 4513 1086 4560; x_wconf 79' lang='lat' dir='ltr'><strong>voa</strong></span> <span class='ocrx_word' id='word_1_268' title='bbox 1120 4498 1153 4560; x_wconf 91' lang='lat' dir='ltr'><strong>et</strong></span> 
     </span>
     <span class='ocr_line' id='line_1_45' title="bbox 353 4591 1151 4672; baseline 0.003 -19"><span class='ocrx_word' id='word_1_269' title='bbox 353 4594 497 4654; x_wconf 90' lang='lat' dir='ltr'><strong>nobilem</strong></span> <span class='ocrx_word' id='word_1_270' title='bbox 516 4593 625 4654; x_wconf 93' lang='lat' dir='ltr'><strong>virum</strong></span> <span class='ocrx_word' id='word_1_271' title='bbox 649 4595 682 4652; x_wconf 90' lang='lat' dir='ltr'><strong>S.</strong></span> <span class='ocrx_word' id='word_1_272' title='bbox 700 4591 746 4672; x_wconf 90' lang='lat' dir='ltr'><strong>(c)</strong></span> <span class='ocrx_word' id='word_1_273' title='bbox 763 4592 916 4654; x_wconf 89' lang='lat' dir='ltr'><strong>comitem</strong></span> <span class='ocrx_word' id='word_1_274' title='bbox 934 4593 1151 4656; x_wconf 87' lang='lat' dir='ltr'><strong>Montislortls</strong></span> 
     </span>
    </p>
   </div>
   <div class='ocr_carea' id='block_1_18' title="bbox 1518 1375 1685 1462">
    <p class='ocr_par' dir='ltr' id='par_1_19' title="bbox 1518 1375 1685 1462">
     <span class='ocr_line' id='line_1_46' title="bbox 1518 1375 1685 1462; baseline 0 0"><span class='ocrx_word' id='word_1_275' title='bbox 1518 1375 1685 1462; x_wconf 71' lang='lat' dir='ltr'><strong>xwffl</strong></span> 
     </span>
    </p>
   </div>
   <div class='ocr_carea' id='block_1_19' title="bbox 1244 1527 1942 1702">
    <p class='ocr_par' dir='ltr' id='par_1_20' title="bbox 1244 1527 1942 1702">
     <span class='ocr_line' id='line_1_47' title="bbox 1244 1527 1942 1594; baseline -0.003 -5"><span class='ocrx_word' id='word_1_276' title='bbox 1244 1529 1296 1590; x_wconf 83' lang='lat' dir='ltr'><strong>Ad</strong></span> <span class='ocrx_word' id='word_1_277' title='bbox 1310 1527 1558 1594; x_wconf 82' lang='lat' dir='ltr'><strong>Bertrondum,</strong></span> <span class='ocrx_word' id='word_1_278' title='bbox 1573 1529 1633 1588; x_wconf 82' lang='lat' dir='ltr'><strong>SS.</strong></span> <span class='ocrx_word' id='word_1_279' title='bbox 1648 1529 1796 1589; x_wconf 71' lang='lat' dir='ltr'><strong>loannis</strong></span> <span class='ocrx_word' id='word_1_280' title='bbox 1814 1529 1847 1590; x_wconf 82' lang='lat' dir='ltr'><strong>ct</strong></span> <span class='ocrx_word' id='word_1_281' title='bbox 1860 1531 1942 1588; x_wconf 78' lang='lat' dir='ltr'><strong>Parti</strong></span> 
     </span>
     <span class='ocr_line' id='line_1_48' title="bbox 1403 1625 1805 1702; baseline 0 -18"><span class='ocrx_word' id='word_1_282' title='bbox 1403 1625 1511 1697; x_wconf 66' lang='lat' dir='ltr'><strong>card„</strong></span> <span class='ocrx_word' id='word_1_283' title='bbox 1529 1627 1569 1685; x_wconf 80' lang='lat' dir='ltr'><strong>A.</strong></span> <span class='ocrx_word' id='word_1_284' title='bbox 1585 1627 1620 1686; x_wconf 83' lang='lat' dir='ltr'><strong>S.</strong></span> <span class='ocrx_word' id='word_1_285' title='bbox 1641 1625 1805 1702; x_wconf 73' lang='lat' dir='ltr'><strong>depetunt.</strong></span> 
     </span>
    </p>
   </div>
   <div class='ocr_carea' id='block_1_20' title="bbox 1505 1755 1699 1814">
    <p class='ocr_par' dir='ltr' id='par_1_21' title="bbox 1505 1755 1699 1814">
     <span class='ocr_line' id='line_1_49' title="bbox 1505 1755 1699 1814; baseline -0.005 -1"><span class='ocrx_word' id='word_1_286' title='bbox 1505 1755 1539 1813; x_wconf 67' lang='lat'><strong>23</strong></span> <span class='ocrx_word' id='word_1_287' title='bbox 1550 1763 1606 1812; x_wconf 89' lang='lat' dir='ltr'><strong>oct.</strong></span> <span class='ocrx_word' id='word_1_288' title='bbox 1621 1756 1699 1814; x_wconf 76' lang='lat' dir='ltr'><strong>llll.</strong></span> 
     </span>
    </p>
   </div>
   <div class='ocr_carea' id='block_1_21' title="bbox 1206 1877 1968 2024">
    <p class='ocr_par' dir='ltr' id='par_1_22' title="bbox 1206 1877 1968 2024">
     <span class='ocr_line' id='line_1_50' title="bbox 1206 1877 1968 1944; baseline -0.001 -16"><span class='ocrx_word' id='word_1_289' title='bbox 1206 1879 1245 1942; x_wconf 86' lang='lat' dir='ltr'><strong>[b.</strong></span> <span class='ocrx_word' id='word_1_290' title='bbox 1264 1879 1391 1944; x_wconf 81' lang='lat' dir='ltr'><strong>Bonquet,</strong></span> <span class='ocrx_word' id='word_1_291' title='bbox 1407 1877 1511 1930; x_wconf 79' lang='lat' dir='ltr'><strong>Recueil</strong></span> <span class='ocrx_word' id='word_1_292' title='bbox 1527 1877 1571 1928; x_wconf 86' lang='lat' dir='ltr'><strong>des</strong></span> <span class='ocrx_word' id='word_1_293' title='bbox 1583 1879 1644 1932; x_wconf 89' lang='lat' dir='ltr'><strong>bist.</strong></span> <span class='ocrx_word' id='word_1_294' title='bbox 1665 1883 1684 1928; x_wconf 92' lang='lat' dir='ltr'><strong>t.</strong></span> <span class='ocrx_word' id='word_1_295' title='bbox 1702 1879 1771 1936; x_wconf 81' lang='lat' dir='ltr'><strong>xlx,</strong></span> <span class='ocrx_word' id='word_1_296' title='bbox 1785 1893 1812 1944; x_wconf 90' lang='lat' dir='ltr'><strong>p.</strong></span> <span class='ocrx_word' id='word_1_297' title='bbox 1824 1879 1879 1936; x_wconf 65' lang='lat' dir='ltr'><strong>cun</strong></span> <span class='ocrx_word' id='word_1_298' title='bbox 1897 1879 1968 1941; x_wconf 70' lang='lat' dir='ltr'><strong>llrpee.</strong></span> 
     </span>
     <span class='ocr_line' id='line_1_51' title="bbox 1483 1957 1719 2024; baseline -0.004 -15"><span class='ocrx_word' id='word_1_299' title='bbox 1483 1957 1529 2009; x_wconf 83' lang='lat' dir='ltr'><strong>bh.</strong></span> <span class='ocrx_word' id='word_1_300' title='bbox 1547 1959 1579 2021; x_wconf 88' lang='lat' dir='ltr'><strong>ll,</strong></span> <span class='ocrx_word' id='word_1_301' title='bbox 1591 1973 1631 2023; x_wconf 87' lang='lat' dir='ltr'><strong>ep.</strong></span> <span class='ocrx_word' id='word_1_302' title='bbox 1651 1959 1719 2024; x_wconf 55' lang='grc' dir='ltr'><strong>ὅθι]</strong></span> 
     </span>
    </p>
   </div>
   <div class='ocr_carea' id='block_1_22' title="bbox 1205 2075 2016 2592">
    <p class='ocr_par' dir='ltr' id='par_1_23' title="bbox 1205 2075 2016 2592">
     <span class='ocr_line' id='line_1_52' title="bbox 1205 2075 1967 2150; baseline -0.008 -16"><span class='ocrx_word' id='word_1_303' title='bbox 1205 2076 1359 2150; x_wconf 74' lang='lat' dir='ltr'><strong>dragantea</strong></span> <span class='ocrx_word' id='word_1_304' title='bbox 1377 2087 1448 2148; x_wconf 75' lang='lat' dir='ltr'><strong>rega</strong></span> <span class='ocrx_word' id='word_1_305' title='bbox 1462 2083 1491 2133; x_wconf 91' lang='lat' dir='ltr'><strong>et</strong></span> <span class='ocrx_word' id='word_1_306' title='bbox 1502 2082 1585 2133; x_wconf 82' lang='lat' dir='ltr'><strong>terrm</strong></span> <span class='ocrx_word' id='word_1_307' title='bbox 1606 2077 1683 2133; x_wconf 86' lang='lat' dir='ltr'><strong>illius</strong></span> <span class='ocrx_word' id='word_1_308' title='bbox 1699 2075 1842 2133; x_wconf 89' lang='lat' dir='ltr'><strong>nobilibus</strong></span> <span class='ocrx_word' id='word_1_309' title='bbox 1855 2076 1967 2132; x_wconf 78' lang='lat' dir='ltr'><strong>simonen</strong></span> 
     </span>
     <span class='ocr_line' id='line_1_53' title="bbox 1239 2164 1967 2238; baseline -0.008 -14"><span class='ocrx_word' id='word_1_310' title='bbox 1239 2165 1276 2224; x_wconf 90' lang='lat' dir='ltr'><strong>de</strong></span> <span class='ocrx_word' id='word_1_311' title='bbox 1288 2164 1450 2224; x_wconf 74' lang='lat' dir='ltr'><strong>bloutemrti</strong></span> <span class='ocrx_word' id='word_1_312' title='bbox 1464 2165 1538 2222; x_wconf 90' lang='lat' dir='ltr'><strong>bello</strong></span> <span class='ocrx_word' id='word_1_313' title='bbox 1554 2165 1763 2222; x_wconf 82' lang='lat' dir='ltr'><strong>lacessentibus</strong></span> <span class='ocrx_word' id='word_1_314' title='bbox 1779 2173 1887 2238; x_wconf 88' lang='lat' dir='ltr'><strong>propter</strong></span> <span class='ocrx_word' id='word_1_315' title='bbox 1896 2179 1967 2220; x_wconf 80' lang='lat' dir='ltr'><strong>neren</strong></span> 
     </span>
     <span class='ocr_line' id='line_1_54' title="bbox 1240 2252 2016 2329; baseline -0.01 -17"><span class='ocrx_word' id='word_1_316' title='bbox 1240 2257 1319 2329; x_wconf 84' lang='lat' dir='ltr'><strong>regis</strong></span> <span class='ocrx_word' id='word_1_317' title='bbox 1344 2255 1434 2324; x_wconf 86' lang='lat' dir='ltr'><strong>Petri,</strong></span> <span class='ocrx_word' id='word_1_318' title='bbox 1456 2252 1573 2312; x_wconf 88' lang='lat' dir='ltr'><strong>mandat</strong></span> <span class='ocrx_word' id='word_1_319' title='bbox 1593 2252 1722 2312; x_wconf 74' lang='lat' dir='ltr'><strong>Pontifex</strong></span> <span class='ocrx_word' id='word_1_320' title='bbox 1745 2261 1777 2312; x_wconf 91' lang='lat' dir='ltr'><strong>ut</strong></span> <span class='ocrx_word' id='word_1_321' title='bbox 1797 2264 1889 2312; x_wconf 87' lang='lat' dir='ltr'><strong>eorum</strong></span> <span class='ocrx_word' id='word_1_322' title='bbox 1906 2261 1970 2309; x_wconf 80' lang='lat' dir='ltr'><strong>unu</strong></span> <span class='ocrx_word' id='word_1_323' title='bbox 2015 2291 2016 2304; x_wconf 63' lang='lat'><strong>,</strong></span> 
     </span>
     <span class='ocr_line' id='line_1_55' title="bbox 1241 2330 2016 2418; baseline -0.008 -17"><span class='ocrx_word' id='word_1_324' title='bbox 1241 2345 1353 2418; x_wconf 85' lang='lat' dir='ltr'><strong>legatus</strong></span> <span class='ocrx_word' id='word_1_325' title='bbox 1375 2343 1525 2402; x_wconf 87' lang='lat' dir='ltr'><strong>interdicto</strong></span> <span class='ocrx_word' id='word_1_326' title='bbox 1537 2343 1678 2415; x_wconf 85' lang='lat' dir='ltr'><strong>subjiciet,</strong></span> <span class='ocrx_word' id='word_1_327' title='bbox 1695 2357 1732 2399; x_wconf 84' lang='lat' dir='ltr'><strong>ex</strong></span> <span class='ocrx_word' id='word_1_328' title='bbox 1753 2341 1864 2400; x_wconf 87' lang='lat' dir='ltr'><strong>decreto</strong></span> <span class='ocrx_word' id='word_1_329' title='bbox 1877 2343 1900 2398; x_wconf 94' lang='lat' dir='ltr'><strong>in</strong></span> <span class='ocrx_word' id='word_1_330' title='bbox 1914 2343 1965 2398; x_wconf 80' lang='lat' dir='ltr'><strong>don·</strong></span> <span class='ocrx_word' id='word_1_331' title='bbox 2015 2330 2016 2342; x_wconf 54' lang='lat'>¹</span> 
     </span>
     <span class='ocr_line' id='line_1_56' title="bbox 1241 2425 1966 2504; baseline -0.011 -16"><span class='ocrx_word' id='word_1_332' title='bbox 1241 2431 1306 2488; x_wconf 89' lang='lat' dir='ltr'><strong>cillo</strong></span> <span class='ocrx_word' id='word_1_333' title='bbox 1325 2431 1454 2504; x_wconf 80' lang='lat' dir='ltr'><strong>generali</strong></span> <span class='ocrx_word' id='word_1_334' title='bbox 1474 2430 1543 2499; x_wconf 89' lang='lat' dir='ltr'><strong>lato,</strong></span> <span class='ocrx_word' id='word_1_335' title='bbox 1566 2429 1622 2486; x_wconf 90' lang='lat' dir='ltr'><strong>nisi</strong></span> <span class='ocrx_word' id='word_1_336' title='bbox 1635 2429 1698 2502; x_wconf 89' lang='lat' dir='ltr'><strong>paci</strong></span> <span class='ocrx_word' id='word_1_337' title='bbox 1718 2425 1765 2486; x_wconf 89' lang='lat' dir='ltr'><strong>vel</strong></span> <span class='ocrx_word' id='word_1_338' title='bbox 1785 2429 1919 2486; x_wconf 83' lang='lat' dir='ltr'><strong>armistitic</strong></span> <span class='ocrx_word' id='word_1_339' title='bbox 1933 2441 1966 2481; x_wconf 85' lang='lat' dir='ltr'><strong>rc·</strong></span> 
     </span>
     <span class='ocr_line' id='line_1_57' title="bbox 1241 2520 1399 2592; baseline 0.006 -16"><span class='ocrx_word' id='word_1_340' title='bbox 1241 2520 1399 2592; x_wconf 89' lang='lat' dir='ltr'><strong>quiescant.</strong></span> 
     </span>
    </p>
   </div>
   <div class='ocr_carea' id='block_1_23' title="bbox 1205 2641 2018 3110">
    <p class='ocr_par' dir='ltr' id='par_1_24' title="bbox 1205 2641 2018 2916">
     <span class='ocr_line' id='line_1_58' title="bbox 1245 2641 1966 2721; baseline -0.01 -15"><span class='ocrx_word' id='word_1_341' title='bbox 1245 2645 1412 2708; x_wconf 88' lang='lat' dir='ltr'><strong>Honorius</strong></span> <span class='ocrx_word' id='word_1_342' title='bbox 1447 2644 1673 2721; x_wconf 88' lang='lat' dir='ltr'><strong>episcopus...,</strong></span> <span class='ocrx_word' id='word_1_343' title='bbox 1706 2643 1830 2704; x_wconf 90' lang='lat' dir='ltr'><strong>dilecto</strong></span> <span class='ocrx_word' id='word_1_344' title='bbox 1862 2641 1919 2704; x_wconf 85' lang='lat' dir='ltr'><strong>fibo</strong></span> <span class='ocrx_word' id='word_1_345' title='bbox 1943 2641 1966 2700; x_wconf 84' lang='lat' dir='ltr'><strong>l.</strong></span> 
     </span>
     <span class='ocr_line' id='line_1_59' title="bbox 1207 2736 1966 2818; baseline 0 -14"><span class='ocrx_word' id='word_1_346' title='bbox 1207 2744 1403 2804; x_wconf 88' lang='lat' dir='ltr'><strong>Sanctorum</strong></span> <span class='ocrx_word' id='word_1_347' title='bbox 1429 2741 1568 2806; x_wconf 83' lang='lat' dir='ltr'><strong>loannis</strong></span> <span class='ocrx_word' id='word_1_348' title='bbox 1589 2741 1622 2803; x_wconf 88' lang='lat' dir='ltr'><strong>et</strong></span> <span class='ocrx_word' id='word_1_349' title='bbox 1646 2739 1743 2802; x_wconf 89' lang='lat' dir='ltr'><strong>Pauli</strong></span> <span class='ocrx_word' id='word_1_350' title='bbox 1768 2739 1871 2818; x_wconf 88' lang='lat' dir='ltr'><strong>presb.</strong></span> <span class='ocrx_word' id='word_1_351' title='bbox 1891 2736 1966 2804; x_wconf 66' lang='lat' dir='ltr'><strong>canl,</strong></span> 
     </span>
     <span class='ocr_line' id='line_1_60' title="bbox 1205 2839 2018 2916; baseline -0.009 -13"><span class='ocrx_word' id='word_1_352' title='bbox 1205 2845 1243 2903; x_wconf 79' lang='lat' dir='ltr'><strong>A·</strong></span> <span class='ocrx_word' id='word_1_353' title='bbox 1263 2843 1296 2902; x_wconf 80' lang='lat' dir='ltr'><strong>s.</strong></span> <span class='ocrx_word' id='word_1_354' title='bbox 1313 2840 1434 2916; x_wconf 76' lang='lat' dir='ltr'><strong>legato,</strong></span> <span class='ocrx_word' id='word_1_355' title='bbox 1450 2839 1603 2911; x_wconf 89' lang='lat' dir='ltr'><strong>salutem,</strong></span> <span class='ocrx_word' id='word_1_356' title='bbox 1621 2840 1684 2901; x_wconf 90' lang='lat' dir='ltr'><strong>etc.</strong></span> <span class='ocrx_word' id='word_1_357' title='bbox 2017 2853 2018 2904; x_wconf 86' lang='lat' dir='ltr'><strong>l</strong></span> 
     </span>
    </p>

    <p class='ocr_par' dir='ltr' id='par_1_25' title="bbox 1207 2933 1967 3110">
     <span class='ocr_line' id='line_1_61' title="bbox 1247 2933 1966 3014; baseline -0.013 -16"><span class='ocrx_word' id='word_1_358' title='bbox 1247 2939 1327 2998; x_wconf 87' lang='lat' dir='ltr'><strong>Cum</strong></span> <span class='ocrx_word' id='word_1_359' title='bbox 1342 2937 1483 2999; x_wconf 91' lang='lat' dir='ltr'><strong>dilectus</strong></span> <span class='ocrx_word' id='word_1_360' title='bbox 1494 2936 1582 2996; x_wconf 89' lang='lat' dir='ltr'><strong>dlius</strong></span> <span class='ocrx_word' id='word_1_361' title='bbox 1590 2935 1712 2998; x_wconf 91' lang='lat' dir='ltr'><strong>nobilis</strong></span> <span class='ocrx_word' id='word_1_362' title='bbox 1724 2936 1779 2998; x_wconf 90' lang='lat' dir='ltr'><strong>vir</strong></span> <span class='ocrx_word' id='word_1_363' title='bbox 1789 2937 1821 2996; x_wconf 89' lang='lat' dir='ltr'><strong>S.</strong></span> <span class='ocrx_word' id='word_1_364' title='bbox 1829 2933 1872 3014; x_wconf 86' lang='lat' dir='ltr'><strong>(c)</strong></span> <span class='ocrx_word' id='word_1_365' title='bbox 1886 2947 1966 2993; x_wconf 81' lang='lat' dir='ltr'><strong>comes</strong></span> 
     </span>
     <span class='ocr_line' id='line_1_62' title="bbox 1207 3029 1967 3110; baseline -0.014 -14"><span class='ocrx_word' id='word_1_366' title='bbox 1207 3034 1437 3104; x_wconf 84' lang='lat' dir='ltr'><strong>blentislortis,</strong></span> <span class='ocrx_word' id='word_1_367' title='bbox 1450 3033 1491 3095; x_wconf 89' lang='lat' dir='ltr'><strong>ad</strong></span> <span class='ocrx_word' id='word_1_368' title='bbox 1500 3033 1690 3096; x_wconf 88' lang='lat' dir='ltr'><strong>mandatum</strong></span> <span class='ocrx_word' id='word_1_369' title='bbox 1700 3033 1891 3110; x_wconf 76' lang='lat' dir='ltr'><strong>Apostolicae</strong></span> <span class='ocrx_word' id='word_1_370' title='bbox 1900 3029 1967 3090; x_wconf 85' lang='lat' dir='ltr'><strong>Sedis</strong></span> 
     </span>
    </p>
   </div>
   <div class='ocr_carea' id='block_1_24' title="bbox 1202 3131 2019 3212">
    <p class='ocr_par' dir='ltr' id='par_1_26' title="bbox 1202 3131 2019 3212">
     <span class='ocr_line' id='line_1_63' title="bbox 1202 3131 2019 3212; baseline -0.021 -12"><span class='ocrx_word' id='word_1_371' title='bbox 1202 3134 1301 3212; x_wconf 79' lang='lat' dir='ltr'><strong>juxta</strong></span> <span class='ocrx_word' id='word_1_372' title='bbox 1326 3147 1446 3198; x_wconf 86' lang='lat' dir='ltr'><strong>nomen</strong></span> <span class='ocrx_word' id='word_1_373' title='bbox 1476 3149 1572 3192; x_wconf 87' lang='lat' dir='ltr'><strong>suurn</strong></span> <span class='ocrx_word' id='word_1_374' title='bbox 1598 3131 1769 3203; x_wconf 89' lang='lat' dir='ltr'><strong>obediens,</strong></span> <span class='ocrx_word' id='word_1_375' title='bbox 1789 3133 1902 3193; x_wconf 88' lang='lat' dir='ltr'><strong>terram</strong></span> <span class='ocrx_word' id='word_1_376' title='bbox 1919 3141 1967 3186; x_wconf 87' lang='lat' dir='ltr'><strong>soe</strong></span> <span class='ocrx_word' id='word_1_377' title='bbox 2018 3169 2019 3184; x_wconf 66' lang='grc'>,</span> 
     </span>
    </p>
   </div>
   <div class='ocr_carea' id='block_1_25' title="bbox 1205 3225 1967 4673">
    <p class='ocr_par' dir='ltr' id='par_1_27' title="bbox 1205 3201 2020 4673">
     <span class='ocr_line' id='line_1_64' title="bbox 1207 3225 1967 3302; baseline -0.014 -10"><span class='ocrx_word' id='word_1_378' title='bbox 1207 3229 1390 3293; x_wconf 89' lang='lat' dir='ltr'><strong>nativitatis</strong></span> <span class='ocrx_word' id='word_1_379' title='bbox 1412 3229 1554 3291; x_wconf 80' lang='lat' dir='ltr'><strong>exiverit</strong></span> <span class='ocrx_word' id='word_1_380' title='bbox 1575 3231 1608 3290; x_wconf 85' lang='lat' dir='ltr'><strong>et</strong></span> <span class='ocrx_word' id='word_1_381' title='bbox 1631 3229 1811 3290; x_wconf 86' lang='lat' dir='ltr'><strong>accesserit</strong></span> <span class='ocrx_word' id='word_1_382' title='bbox 1829 3226 1866 3289; x_wconf 88' lang='lat' dir='ltr'><strong>ad</strong></span> <span class='ocrx_word' id='word_1_383' title='bbox 1887 3225 1967 3302; x_wconf 86' lang='lat' dir='ltr'><strong>partes</strong></span> 
     </span>
     <span class='ocr_line' id='line_1_65' title="bbox 1207 3325 1967 3404; baseline -0.014 -14"><span class='ocrx_word' id='word_1_384' title='bbox 1207 3327 1392 3390; x_wconf 74' lang='lat' dir='ltr'><strong>Provincia</strong></span> <span class='ocrx_word' id='word_1_385' title='bbox 1408 3343 1467 3404; x_wconf 94' lang='lat' dir='ltr'><strong>pro</strong></span> <span class='ocrx_word' id='word_1_386' title='bbox 1480 3326 1734 3389; x_wconf 85' lang='lat' dir='ltr'><strong>exterminanda</strong></span> <span class='ocrx_word' id='word_1_387' title='bbox 1754 3325 1901 3387; x_wconf 86' lang='lat' dir='ltr'><strong>haeretica</strong></span> <span class='ocrx_word' id='word_1_388' title='bbox 1914 3335 1967 3396; x_wconf 88' lang='lat' dir='ltr'><strong>pra-</strong></span> 
     </span>
     <span class='ocr_line' id='line_1_66' title="bbox 1206 3421 1965 3502; baseline -0.004 -16"><span class='ocrx_word' id='word_1_389' title='bbox 1206 3421 1965 3502; x_wconf 81' lang='lat' dir='ltr'><strong>vitatequaeterramillaminfeceratunivcrsam</strong></span> 
     </span>
     <span class='ocr_line' id='line_1_67' title="bbox 1207 3511 1966 3600; baseline -0.016 -16"><span class='ocrx_word' id='word_1_390' title='bbox 1207 3539 1246 3584; x_wconf 89' lang='lat' dir='ltr'><strong>ac</strong></span> <span class='ocrx_word' id='word_1_391' title='bbox 1274 3539 1334 3600; x_wconf 89' lang='lat' dir='ltr'><strong>per</strong></span> <span class='ocrx_word' id='word_1_392' title='bbox 1357 3524 1428 3600; x_wconf 89' lang='lat' dir='ltr'><strong>ejus</strong></span> <span class='ocrx_word' id='word_1_393' title='bbox 1454 3522 1676 3584; x_wconf 88' lang='lat' dir='ltr'><strong>ministerium</strong></span> <span class='ocrx_word' id='word_1_394' title='bbox 1702 3522 1807 3584; x_wconf 83' lang='lat' dir='ltr'><strong>multa</strong></span> <span class='ocrx_word' id='word_1_395' title='bbox 1834 3517 1918 3581; x_wconf 88' lang='lat' dir='ltr'><strong>luerit</strong></span> <span class='ocrx_word' id='word_1_396' title='bbox 1936 3511 1966 3573; x_wconf 88' lang='lat' dir='ltr'><strong>ibi</strong></span> 
     </span>
     <span class='ocr_line' id='line_1_68' title="bbox 1207 3613 1966 3696; baseline -0.02 -13"><span class='ocrx_word' id='word_1_397' title='bbox 1207 3621 1365 3683; x_wconf 88' lang='lat' dir='ltr'><strong>Dominus</strong></span> <span class='ocrx_word' id='word_1_398' title='bbox 1380 3621 1446 3681; x_wconf 85' lang='lat' dir='ltr'><strong>tam</strong></span> <span class='ocrx_word' id='word_1_399' title='bbox 1466 3618 1665 3680; x_wconf 86' lang='lat' dir='ltr'><strong>mirabiliter</strong></span> <span class='ocrx_word' id='word_1_400' title='bbox 1690 3634 1791 3696; x_wconf 91' lang='lat' dir='ltr'><strong>quam</strong></span> <span class='ocrx_word' id='word_1_401' title='bbox 1815 3613 1966 3678; x_wconf 89' lang='lat' dir='ltr'><strong>misericor·</strong></span> 
     </span>
     <span class='ocr_line' id='line_1_69' title="bbox 1207 3707 1966 3794; baseline -0.017 -17"><span class='ocrx_word' id='word_1_402' title='bbox 1207 3719 1293 3780; x_wconf 90' lang='lat' dir='ltr'><strong>diter</strong></span> <span class='ocrx_word' id='word_1_403' title='bbox 1311 3718 1478 3794; x_wconf 89' lang='lat' dir='ltr'><strong>operatus,</strong></span> <span class='ocrx_word' id='word_1_404' title='bbox 1509 3731 1608 3777; x_wconf 90' lang='lat' dir='ltr'><strong>arcus</strong></span> <span class='ocrx_word' id='word_1_405' title='bbox 1622 3716 1758 3777; x_wconf 86' lang='lat' dir='ltr'><strong>fortium</strong></span> <span class='ocrx_word' id='word_1_406' title='bbox 1773 3707 1966 3792; x_wconf 87' lang='lat' dir='ltr'><strong>superandoet</strong></span> 
     </span>
     <span class='ocr_line' id='line_1_70' title="bbox 1207 3804 1965 3890; baseline -0.02 -13"><span class='ocrx_word' id='word_1_407' title='bbox 1207 3831 1263 3877; x_wconf 82' lang='lat' dir='ltr'><strong>eos</strong></span> <span class='ocrx_word' id='word_1_408' title='bbox 1294 3814 1497 3890; x_wconf 81' lang='lat' dir='ltr'><strong>accingendo</strong></span> <span class='ocrx_word' id='word_1_409' title='bbox 1523 3814 1642 3875; x_wconf 89' lang='lat' dir='ltr'><strong>robore</strong></span> <span class='ocrx_word' id='word_1_410' title='bbox 1670 3813 1726 3890; x_wconf 90' lang='lat' dir='ltr'><strong>qui</strong></span> <span class='ocrx_word' id='word_1_411' title='bbox 1762 3811 1879 3874; x_wconf 91' lang='lat' dir='ltr'><strong>debiles</strong></span> <span class='ocrx_word' id='word_1_412' title='bbox 1900 3804 1965 3866; x_wconf 82' lang='lat' dir='ltr'><strong>vide</strong></span> 
     </span>
     <span class='ocr_line' id='line_1_71' title="bbox 1205 3901 1965 3988; baseline -0.018 -15"><span class='ocrx_word' id='word_1_413' title='bbox 1205 3913 1344 3987; x_wconf 89' lang='lat' dir='ltr'><strong>bantur;</strong></span> <span class='ocrx_word' id='word_1_414' title='bbox 1361 3913 1521 3973; x_wconf 90' lang='lat' dir='ltr'><strong>miramur</strong></span> <span class='ocrx_word' id='word_1_415' title='bbox 1533 3927 1598 3988; x_wconf 92' lang='lat' dir='ltr'><strong>quo</strong></span> <span class='ocrx_word' id='word_1_416' title='bbox 1612 3910 1754 3972; x_wconf 89' lang='lat' dir='ltr'><strong>consilio</strong></span> <span class='ocrx_word' id='word_1_417' title='bbox 1763 3925 1864 3988; x_wconf 86' lang='lat' dir='ltr'><strong>quave</strong></span> <span class='ocrx_word' id='word_1_418' title='bbox 1878 3901 1965 3966; x_wconf 82' lang='lat' dir='ltr'><strong>fiducia</strong></span> 
     </span>
     <span class='ocr_line' id='line_1_72' title="bbox 1207 3997 1964 4072; baseline -0.02 0"><span class='ocrx_word' id='word_1_419' title='bbox 1207 4011 1400 4072; x_wconf 89' lang='lat' dir='ltr'><strong>carissimus</strong></span> <span class='ocrx_word' id='word_1_420' title='bbox 1420 4009 1455 4070; x_wconf 95' lang='lat' dir='ltr'><strong>in</strong></span> <span class='ocrx_word' id='word_1_421' title='bbox 1475 4009 1606 4070; x_wconf 84' lang='lat' dir='ltr'><strong>Christo</strong></span> <span class='ocrx_word' id='word_1_422' title='bbox 1628 4009 1718 4070; x_wconf 83' lang='lat' dir='ltr'><strong>illius</strong></span> <span class='ocrx_word' id='word_1_423' title='bbox 1737 4010 1849 4070; x_wconf 92' lang='lat' dir='ltr'><strong>noster</strong></span> <span class='ocrx_word' id='word_1_424' title='bbox 1862 3997 1964 4064; x_wconf 80' lang='lat' dir='ltr'><strong>illustris</strong></span> 
     </span>
     <span class='ocr_line' id='line_1_73' title="bbox 1207 4097 1965 4192; baseline -0.021 -23"><span class='ocrx_word' id='word_1_425' title='bbox 1207 4106 1526 4192; x_wconf 75' lang='lat' dir='ltr'><strong>rexltragonumts)</strong></span> <span class='ocrx_word' id='word_1_426' title='bbox 1537 4122 1577 4168; x_wconf 87' lang='lat' dir='ltr'><strong>ac</strong></span> <span class='ocrx_word' id='word_1_427' title='bbox 1588 4106 1737 4167; x_wconf 90' lang='lat' dir='ltr'><strong>universi</strong></span> <span class='ocrx_word' id='word_1_428' title='bbox 1751 4105 1872 4167; x_wconf 92' lang='lat' dir='ltr'><strong>nobiles</strong></span> <span class='ocrx_word' id='word_1_429' title='bbox 1884 4097 1965 4160; x_wconf 83' lang='lat' dir='ltr'><strong>fideles</strong></span> 
     </span>
     <span class='ocr_line' id='line_1_74' title="bbox 1207 4190 1964 4282; baseline -0.021 -16"><span class='ocrx_word' id='word_1_430' title='bbox 1207 4203 1825 4282; x_wconf 81' lang='lat' dir='ltr'><strong>suiperAragoniametCatbaloniam</strong></span> <span class='ocrx_word' id='word_1_431' title='bbox 1833 4190 1964 4263; x_wconf 88' lang='lat' dir='ltr'><strong>constituti</strong></span> 
     </span>
     <span class='ocr_line' id='line_1_75' title="bbox 1206 4291 1965 4378; baseline -0.02 -16"><span class='ocrx_word' id='word_1_432' title='bbox 1206 4301 1385 4378; x_wconf 86' lang='lat' dir='ltr'><strong>disponunt</strong></span> <span class='ocrx_word' id='word_1_433' title='bbox 1398 4318 1464 4363; x_wconf 92' lang='lat' dir='ltr'><strong>non</strong></span> <span class='ocrx_word' id='word_1_434' title='bbox 1475 4301 1562 4363; x_wconf 86' lang='lat' dir='ltr'><strong>dicto</strong></span> <span class='ocrx_word' id='word_1_435' title='bbox 1574 4301 1697 4374; x_wconf 89' lang='lat' dir='ltr'><strong>comiti,</strong></span> <span class='ocrx_word' id='word_1_436' title='bbox 1711 4301 1768 4361; x_wconf 93' lang='lat' dir='ltr'><strong>sed</strong></span> <span class='ocrx_word' id='word_1_437' title='bbox 1780 4302 1849 4376; x_wconf 90' lang='lat' dir='ltr'><strong>ipsc</strong></span> <span class='ocrx_word' id='word_1_438' title='bbox 1861 4291 1965 4358; x_wconf 86' lang='lat' dir='ltr'><strong>Domino</strong></span> 
     </span>
     <span class='ocr_line' id='line_1_76' title="bbox 1207 4393 1964 4476; baseline -0.018 -15"><span class='ocrx_word' id='word_1_439' title='bbox 1207 4401 1413 4462; x_wconf 83' lang='lat' dir='ltr'><strong>exercituum</strong></span> <span class='ocrx_word' id='word_1_440' title='bbox 1442 4398 1631 4470; x_wconf 87' lang='lat' dir='ltr'><strong>rebellare,</strong></span> <span class='ocrx_word' id='word_1_441' title='bbox 1659 4399 1858 4476; x_wconf 90' lang='lat' dir='ltr'><strong>apponentes</strong></span> <span class='ocrx_word' id='word_1_442' title='bbox 1887 4393 1964 4468; x_wconf 85' lang='lat' dir='ltr'><strong>ipsum</strong></span> 
     </span>
     <span class='ocr_line' id='line_1_77' title="bbox 1206 4489 1965 4574; baseline -0.021 -16"><span class='ocrx_word' id='word_1_443' title='bbox 1206 4497 1269 4560; x_wconf 90' lang='lat' dir='ltr'><strong>sibi</strong></span> <span class='ocrx_word' id='word_1_444' title='bbox 1293 4497 1497 4559; x_wconf 87' lang='lat' dir='ltr'><strong>contrarium</strong></span> <span class='ocrx_word' id='word_1_445' title='bbox 1512 4497 1545 4558; x_wconf 91' lang='lat' dir='ltr'><strong>et</strong></span> <span class='ocrx_word' id='word_1_446' title='bbox 1569 4511 1604 4557; x_wconf 90' lang='lat' dir='ltr'><strong>se</strong></span> <span class='ocrx_word' id='word_1_447' title='bbox 1628 4495 1703 4574; x_wconf 91' lang='lat' dir='ltr'><strong>ipsi,</strong></span> <span class='ocrx_word' id='word_1_448' title='bbox 1729 4499 1823 4573; x_wconf 88' lang='lat' dir='ltr'><strong>cnjus</strong></span> <span class='ocrx_word' id='word_1_449' title='bbox 1845 4489 1965 4554; x_wconf 87' lang='lat' dir='ltr'><strong>resistere</strong></span> 
     </span>
     <span class='ocr_line' id='line_1_78' title="bbox 1206 4591 1964 4673; baseline -0.018 -17"><span class='ocrx_word' id='word_1_450' title='bbox 1206 4595 1360 4673; x_wconf 77' lang='lat' dir='ltr'><strong>potentiae</strong></span> <span class='ocrx_word' id='word_1_451' title='bbox 1373 4609 1470 4656; x_wconf 88' lang='lat' dir='ltr'><strong>nemo</strong></span> <span class='ocrx_word' id='word_1_452' title='bbox 1486 4593 1602 4671; x_wconf 90' lang='lat' dir='ltr'><strong>potest,</strong></span> <span class='ocrx_word' id='word_1_453' title='bbox 1616 4609 1657 4654; x_wconf 92' lang='lat' dir='ltr'><strong>ac</strong></span> <span class='ocrx_word' id='word_1_454' title='bbox 1670 4593 1825 4654; x_wconf 84' lang='lat' dir='ltr'><strong>Ecclesiae</strong></span> <span class='ocrx_word' id='word_1_455' title='bbox 1844 4591 1964 4650; x_wconf 79' lang='lat' dir='ltr'><strong>nonam</strong></span> 
     </span>
    </p>
   </div>
   <div class='ocr_carea' id='block_1_26' title="bbox 350 4672 1966 5453">
    <p class='ocr_par' dir='ltr' id='par_1_28' title="bbox 350 4672 1966 5453">
     <span class='ocr_line' id='line_1_79' title="bbox 353 4672 1964 4770; baseline -0.005 -22"><span class='ocrx_word' id='word_1_456' title='bbox 353 4707 412 4766; x_wconf 90' lang='lat' dir='ltr'><strong>per</strong></span> <span class='ocrx_word' id='word_1_457' title='bbox 435 4689 591 4751; x_wconf 92' lang='lat' dir='ltr'><strong>dilectum</strong></span> <span class='ocrx_word' id='word_1_458' title='bbox 620 4689 725 4750; x_wconf 86' lang='lat' dir='ltr'><strong>lilium</strong></span> <span class='ocrx_word' id='word_1_459' title='bbox 753 4690 902 4751; x_wconf 88' lang='lat' dir='ltr'><strong>nostrum</strong></span> <span class='ocrx_word' id='word_1_460' title='bbox 930 4692 967 4750; x_wconf 91' lang='grc' dir='ltr'><strong>Β.</strong></span> <span class='ocrx_word' id='word_1_461' title='bbox 984 4688 1033 4770; x_wconf 86' lang='lat' dir='ltr'><strong>(d)</strong></span> <span class='ocrx_word' id='word_1_462' title='bbox 1062 4692 1151 4754; x_wconf 89' lang='lat' dir='ltr'><strong>tituli</strong></span> <span class='ocrx_word' id='word_1_463' title='bbox 1205 4691 1426 4754; x_wconf 89' lang='lat' dir='ltr'><strong>reverentiam</strong></span> <span class='ocrx_word' id='word_1_464' title='bbox 1453 4689 1699 4768; x_wconf 89' lang='lat' dir='ltr'><strong>posthabentes,</strong></span> <span class='ocrx_word' id='word_1_465' title='bbox 1725 4690 1803 4750; x_wconf 92' lang='lat' dir='ltr'><strong>dum</strong></span> <span class='ocrx_word' id='word_1_466' title='bbox 1826 4685 1884 4764; x_wconf 91' lang='lat' dir='ltr'><strong>ipsi</strong></span> <span class='ocrx_word' id='word_1_467' title='bbox 1899 4672 1964 4741; x_wconf 81' lang='lat' dir='ltr'><strong>seed</strong></span> 
     </span>
     <span class='ocr_line' id='line_1_80' title="bbox 353 4775 1964 4868; baseline -0.009 -20"><span class='ocrx_word' id='word_1_468' title='bbox 353 4789 541 4850; x_wconf 89' lang='lat' dir='ltr'><strong>sanctorum</strong></span> <span class='ocrx_word' id='word_1_469' title='bbox 566 4787 706 4852; x_wconf 77' lang='lat' dir='ltr'><strong>loannis</strong></span> <span class='ocrx_word' id='word_1_470' title='bbox 734 4790 767 4850; x_wconf 92' lang='lat' dir='ltr'><strong>et</strong></span> <span class='ocrx_word' id='word_1_471' title='bbox 788 4788 885 4852; x_wconf 89' lang='lat' dir='ltr'><strong>Pauli</strong></span> <span class='ocrx_word' id='word_1_472' title='bbox 909 4787 1017 4866; x_wconf 88' lang='lat' dir='ltr'><strong>presb.</strong></span> <span class='ocrx_word' id='word_1_473' title='bbox 1045 4789 1148 4862; x_wconf 87' lang='lat' dir='ltr'><strong>card„</strong></span> <span class='ocrx_word' id='word_1_474' title='bbox 1205 4790 1378 4868; x_wconf 86' lang='lat' dir='ltr'><strong>praelatum</strong></span> <span class='ocrx_word' id='word_1_475' title='bbox 1402 4789 1554 4850; x_wconf 91' lang='lat' dir='ltr'><strong>comitem</strong></span> <span class='ocrx_word' id='word_1_476' title='bbox 1587 4787 1846 4865; x_wconf 80' lang='lat' dir='ltr'><strong>impugnandum</strong></span> <span class='ocrx_word' id='word_1_477' title='bbox 1877 4775 1964 4841; x_wconf 83' lang='lat' dir='ltr'><strong>accin-</strong></span> 
     </span>
     <span class='ocr_line' id='line_1_81' title="bbox 350 4872 1965 4974; baseline -0.014 -26"><span class='ocrx_word' id='word_1_478' title='bbox 350 4893 388 4948; x_wconf 83' lang='lat' dir='ltr'><strong>A.</strong></span> <span class='ocrx_word' id='word_1_479' title='bbox 408 4889 440 4947; x_wconf 84' lang='lat' dir='ltr'><strong>S.</strong></span> <span class='ocrx_word' id='word_1_480' title='bbox 457 4885 613 4964; x_wconf 81' lang='lat' dir='ltr'><strong>legatum,</strong></span> <span class='ocrx_word' id='word_1_481' title='bbox 629 4886 844 4959; x_wconf 89' lang='lat' dir='ltr'><strong>commodius,</strong></span> <span class='ocrx_word' id='word_1_482' title='bbox 860 4887 896 4950; x_wconf 89' lang='lat' dir='ltr'><strong>ut</strong></span> <span class='ocrx_word' id='word_1_483' title='bbox 910 4886 1065 4960; x_wconf 88' lang='lat' dir='ltr'><strong>arbitror,</strong></span> <span class='ocrx_word' id='word_1_484' title='bbox 1091 4903 1152 4965; x_wconf 91' lang='lat' dir='ltr'><strong>po-</strong></span> <span class='ocrx_word' id='word_1_485' title='bbox 1204 4887 1297 4963; x_wconf 80' lang='lat' dir='ltr'><strong>gnnt,</strong></span> <span class='ocrx_word' id='word_1_486' title='bbox 1321 4901 1418 4964; x_wconf 83' lang='lat' dir='ltr'><strong>quent</strong></span> <span class='ocrx_word' id='word_1_487' title='bbox 1444 4886 1479 4946; x_wconf 90' lang='lat' dir='ltr'><strong>in</strong></span> <span class='ocrx_word' id='word_1_488' title='bbox 1504 4883 1653 4963; x_wconf 88' lang='lat' dir='ltr'><strong>partibus</strong></span> <span class='ocrx_word' id='word_1_489' title='bbox 1669 4885 1738 4945; x_wconf 89' lang='lat' dir='ltr'><strong>illis</strong></span> <span class='ocrx_word' id='word_1_490' title='bbox 1753 4899 1825 4945; x_wconf 91' lang='lat' dir='ltr'><strong>esse</strong></span> <span class='ocrx_word' id='word_1_491' title='bbox 1839 4881 1876 4941; x_wconf 92' lang='lat' dir='ltr'><strong>de</strong></span> <span class='ocrx_word' id='word_1_492' title='bbox 1888 4872 1965 4974; x_wconf 68' lang='lat' dir='ltr'><strong>ipsios</strong></span> 
     </span>
     <span class='ocr_line' id='line_1_82' title="bbox 350 4965 1964 5063; baseline -0.007 -15"><span class='ocrx_word' id='word_1_493' title='bbox 350 4985 476 5048; x_wconf 89' lang='lat' dir='ltr'><strong>tuerint</strong></span> <span class='ocrx_word' id='word_1_494' title='bbox 506 4984 633 5063; x_wconf 89' lang='lat' dir='ltr'><strong>judicio</strong></span> <span class='ocrx_word' id='word_1_495' title='bbox 664 4985 717 5048; x_wconf 94' lang='lat' dir='ltr'><strong>vel</strong></span> <span class='ocrx_word' id='word_1_496' title='bbox 751 4985 929 5047; x_wconf 92' lang='lat' dir='ltr'><strong>concordia</strong></span> <span class='ocrx_word' id='word_1_497' title='bbox 954 4985 1148 5062; x_wconf 89' lang='lat' dir='ltr'><strong>terminari;</strong></span> <span class='ocrx_word' id='word_1_498' title='bbox 1204 4984 1361 5048; x_wconf 84' lang='lat' dir='ltr'><strong>Ecclesiae</strong></span> <span class='ocrx_word' id='word_1_499' title='bbox 1384 4987 1542 5046; x_wconf 81' lang='lat' dir='ltr'><strong>Romanae</strong></span> <span class='ocrx_word' id='word_1_500' title='bbox 1557 4982 1713 5043; x_wconf 88' lang='lat' dir='ltr'><strong>mandato</strong></span> <span class='ocrx_word' id='word_1_501' title='bbox 1728 4995 1767 5042; x_wconf 93' lang='lat' dir='ltr'><strong>ac</strong></span> <span class='ocrx_word' id='word_1_502' title='bbox 1782 4979 1840 5042; x_wconf 90' lang='lat' dir='ltr'><strong>sub</strong></span> <span class='ocrx_word' id='word_1_503' title='bbox 1860 4965 1964 5052; x_wconf 76' lang='lat' dir='ltr'><strong>special</strong></span> 
     </span>
     <span class='ocr_line' id='line_1_83' title="bbox 351 5071 1964 5173; baseline -0.011 -29"><span class='ocrx_word' id='word_1_504' title='bbox 351 5084 428 5162; x_wconf 86' lang='lat' dir='ltr'><strong>quia</strong></span> <span class='ocrx_word' id='word_1_505' title='bbox 440 5085 549 5145; x_wconf 89' lang='lat' dir='ltr'><strong>tamen</strong></span> <span class='ocrx_word' id='word_1_506' title='bbox 561 5099 620 5160; x_wconf 91' lang='lat' dir='ltr'><strong>pro</strong></span> <span class='ocrx_word' id='word_1_507' title='bbox 631 5083 673 5144; x_wconf 91' lang='lat' dir='ltr'><strong>iis</strong></span> <span class='ocrx_word' id='word_1_508' title='bbox 687 5084 737 5144; x_wconf 91' lang='lat' dir='ltr'><strong>est</strong></span> <span class='ocrx_word' id='word_1_509' title='bbox 747 5082 789 5145; x_wconf 88' lang='lat' dir='ltr'><strong>ad</strong></span> <span class='ocrx_word' id='word_1_510' title='bbox 801 5083 918 5144; x_wconf 84' lang='lat' dir='ltr'><strong>sedem</strong></span> <span class='ocrx_word' id='word_1_511' title='bbox 927 5084 1150 5161; x_wconf 74' lang='lat' dir='ltr'><strong>apostolicam</strong></span> <span class='ocrx_word' id='word_1_512' title='bbox 1204 5085 1276 5159; x_wconf 87' lang='lat' dir='ltr'><strong>ejus</strong></span> <span class='ocrx_word' id='word_1_513' title='bbox 1291 5083 1496 5160; x_wconf 90' lang='lat' dir='ltr'><strong>protectione</strong></span> <span class='ocrx_word' id='word_1_514' title='bbox 1505 5081 1690 5149; x_wconf 88' lang='lat' dir='ltr'><strong>consistere</strong></span> <span class='ocrx_word' id='word_1_515' title='bbox 1705 5095 1770 5141; x_wconf 93' lang='lat' dir='ltr'><strong>non</strong></span> <span class='ocrx_word' id='word_1_516' title='bbox 1781 5071 1928 5173; x_wconf 79' lang='lat' dir='ltr'><strong>ignorant,</strong></span> <span class='ocrx_word' id='word_1_517' title='bbox 1938 5075 1964 5122; x_wconf 78' lang='lat' dir='ltr'><strong>ac</strong></span> 
     </span>
     <span class='ocr_line' id='line_1_84' title="bbox 350 5165 1965 5270; baseline -0.008 -30"><span class='ocrx_word' id='word_1_518' title='bbox 350 5183 585 5258; x_wconf 87' lang='lat' dir='ltr'><strong>provocatum,</strong></span> <span class='ocrx_word' id='word_1_519' title='bbox 608 5196 669 5258; x_wconf 90' lang='lat' dir='ltr'><strong>per</strong></span> <span class='ocrx_word' id='word_1_520' title='bbox 695 5180 877 5258; x_wconf 88' lang='lat' dir='ltr'><strong>apostolica</strong></span> <span class='ocrx_word' id='word_1_521' title='bbox 903 5181 998 5243; x_wconf 89' lang='lat' dir='ltr'><strong>vobis</strong></span> <span class='ocrx_word' id='word_1_522' title='bbox 1026 5182 1149 5258; x_wconf 90' lang='lat' dir='ltr'><strong>scripta</strong></span> <span class='ocrx_word' id='word_1_523' title='bbox 1205 5173 1802 5255; x_wconf 85' lang='lat' dir='ltr'><strong>impedientesininjuriamCrucitixi</strong></span> <span class='ocrx_word' id='word_1_524' title='bbox 1817 5165 1965 5270; x_wconf 61' lang='lat' dir='ltr'><strong>subsidium</strong></span> 
     </span>
     <span class='ocr_line' id='line_1_85' title="bbox 350 5264 1966 5368; baseline -0.011 -28"><span class='ocrx_word' id='word_1_525' title='bbox 350 5278 544 5340; x_wconf 90' lang='lat' dir='ltr'><strong>mandamns</strong></span> <span class='ocrx_word' id='word_1_526' title='bbox 558 5281 591 5339; x_wconf 92' lang='lat' dir='ltr'><strong>et</strong></span> <span class='ocrx_word' id='word_1_527' title='bbox 605 5278 640 5338; x_wconf 95' lang='lat' dir='ltr'><strong>in</strong></span> <span class='ocrx_word' id='word_1_528' title='bbox 654 5277 777 5340; x_wconf 89' lang='lat' dir='ltr'><strong>virtute</strong></span> <span class='ocrx_word' id='word_1_529' title='bbox 790 5277 987 5340; x_wconf 88' lang='lat' dir='ltr'><strong>obedientiae</strong></span> <span class='ocrx_word' id='word_1_530' title='bbox 1002 5277 1150 5340; x_wconf 88' lang='lat' dir='ltr'><strong>districte</strong></span> <span class='ocrx_word' id='word_1_531' title='bbox 1203 5278 1315 5336; x_wconf 84' lang='lat' dir='ltr'><strong>Terrae</strong></span> <span class='ocrx_word' id='word_1_532' title='bbox 1354 5277 1509 5346; x_wconf 79' lang='lat' dir='ltr'><strong>Sanctae,</strong></span> <span class='ocrx_word' id='word_1_533' title='bbox 1540 5275 1727 5350; x_wconf 90' lang='lat' dir='ltr'><strong>contempta</strong></span> <span class='ocrx_word' id='word_1_534' title='bbox 1766 5264 1966 5368; x_wconf 67' lang='lat' dir='ltr'><strong>constitutioni</strong></span> 
     </span>
     <span class='ocr_line' id='line_1_86' title="bbox 350 5367 1964 5453; baseline -0.005 -22"><span class='ocrx_word' id='word_1_535' title='bbox 350 5376 571 5452; x_wconf 81' lang='lat' dir='ltr'><strong>praecipimus,</strong></span> <span class='ocrx_word' id='word_1_536' title='bbox 586 5376 748 5453; x_wconf 90' lang='lat' dir='ltr'><strong>quatenus</strong></span> <span class='ocrx_word' id='word_1_537' title='bbox 758 5375 846 5438; x_wconf 89' lang='lat' dir='ltr'><strong>inlra</strong></span> <span class='ocrx_word' id='word_1_538' title='bbox 860 5375 978 5451; x_wconf 81' lang='lat' dir='ltr'><strong>viginti</strong></span> <span class='ocrx_word' id='word_1_539' title='bbox 991 5374 1061 5437; x_wconf 90' lang='lat' dir='ltr'><strong>dies</strong></span> <span class='ocrx_word' id='word_1_540' title='bbox 1077 5376 1151 5452; x_wconf 91' lang='lat' dir='ltr'><strong>post</strong></span> <span class='ocrx_word' id='word_1_541' title='bbox 1204 5373 1343 5434; x_wconf 81' lang='lat' dir='ltr'><strong>concilii</strong></span> <span class='ocrx_word' id='word_1_542' title='bbox 1356 5371 1534 5449; x_wconf 84' lang='lat' dir='ltr'><strong>gerreralis,</strong></span> <span class='ocrx_word' id='word_1_543' title='bbox 1549 5387 1615 5448; x_wconf 91' lang='lat' dir='ltr'><strong>qua</strong></span> <span class='ocrx_word' id='word_1_544' title='bbox 1630 5369 1816 5448; x_wconf 90' lang='lat' dir='ltr'><strong>specialiter</strong></span> <span class='ocrx_word' id='word_1_545' title='bbox 1831 5378 1884 5443; x_wconf 91' lang='lat' dir='ltr'><strong>pro</strong></span> <span class='ocrx_word' id='word_1_546' title='bbox 1895 5367 1964 5434; x_wconf 69' lang='lat' dir='ltr'><strong>ejus·</strong></span> 
     </span>
    </p>
   </div>
   <div class='ocr_carea' id='block_1_27' title="bbox 350 5503 1146 5635">
    <p class='ocr_par' dir='ltr' id='par_1_29' title="bbox 350 5503 1146 5635">
     <span class='ocr_line' id='line_1_87' title="bbox 350 5503 1146 5635; baseline -0.087 1"><span class='ocrx_word' id='word_1_547' title='bbox 350 5503 771 5635; x_wconf 46' lang='lat' dir='ltr'><strong>tr=dsfdrffl1¹f⁰¹d⁰‘(b)⁴³³¹¹⁰¹⁰·</strong></span> <span class='ocrx_word' id='word_1_548' title='bbox 795 5505 832 5580; x_wconf 51' lang='grc' dir='ltr'><strong>(θ)</strong></span> <span class='ocrx_word' id='word_1_549' title='bbox 846 5507 1002 5566; x_wconf 61' lang='lat' dir='ltr'><strong>⁸³ffl⁰¹¹⁰¹¹l</strong></span> <span class='ocrx_word' id='word_1_550' title='bbox 1025 5503 1065 5578; x_wconf 77' lang='lat' dir='ltr'><strong>(a)</strong></span> <span class='ocrx_word' id='word_1_551' title='bbox 1080 5507 1146 5563; x_wconf 85' lang='lat' dir='ltr'><strong>Ber·</strong></span> 
     </span>
    </p>
   </div>
   <div class='ocr_carea' id='block_1_28' title="bbox 1239 5499 1639 5577">
    <p class='ocr_par' dir='ltr' id='par_1_30' title="bbox 1239 5499 1639 5577">
     <span class='ocr_line' id='line_1_88' title="bbox 1239 5499 1639 5577; baseline -0.008 -15"><span class='ocrx_word' id='word_1_552' title='bbox 1239 5503 1276 5576; x_wconf 73' lang='grc' dir='ltr'><strong>(ν)</strong></span> <span class='ocrx_word' id='word_1_553' title='bbox 1297 5505 1407 5566; x_wconf 77' lang='lat' dir='ltr'><strong>Simon,</strong></span> <span class='ocrx_word' id='word_1_554' title='bbox 1445 5503 1493 5577; x_wconf 74' lang='lat' dir='ltr'><strong>(fl</strong></span> <span class='ocrx_word' id='word_1_555' title='bbox 1507 5499 1639 5560; x_wconf 86' lang='lat' dir='ltr'><strong>lacobus.</strong></span> 
     </span>
    </p>
   </div>
   <div class='ocr_carea' id='block_1_29' title="bbox 0 0 2088 6420">
    <p class='ocr_par' dir='ltr' id='par_1_31' title="bbox 0 0 2088 6420">
     <span class='ocr_line' id='line_1_89' title="bbox 0 0 2088 6420; baseline 0 0"><span class='ocrx_word' id='word_1_556' title='bbox 0 0 2088 6420; x_wconf 95' lang='lat' dir='ltr'><strong> </strong></span> 
     </span>
    </p>
   </div>
  </div>
 </body>
</html>
