4200 6404
335 277 393 337 aaa
814 235 1522 339 aenean-111ornan-sanuouns.
1877 281 1879 286 ’
1928 285 1980 351 aua

333 435 469 498 retorsit
491 433 622 514 cuipam
649 435 685 496 in
715 433 888 497 mulierem
917 434 950 497 et
967 435 1004 496 in
1029 435 1132 496 Crea-
1185 449 1454 510 commemorare,
1469 437 1502 500 et
1513 436 1683 501 licentiam
1698 439 1910 517 percutiendi
1925 459 1981 507 nos

332 535 439 596 torem
457 553 471 594 .-
489 537 627 606 Mula'ar,
664 547 767 608 atrurn
802 533 925 595 dedisti
955 535 1041 596 mttt
1069 547 1129 596 so·
1185 547 1344 610 quaerere.
1362 535 1423 596 Vel
1442 534 1563 598 dicitur
1577 551 1746 611 accusare,
1764 537 1862 612 idest,
1881 556 1981 604 accu-

333 635 460 694 oram...
487 629 582 712 (Gen.
607 645 657 704 111,
686 629 751 712 12).
775 634 821 694 Ac
845 631 874 692 si
906 631 1054 692 diceret:
1081 630 1130 690 'lu
1185 628 1306 690 sabiles
1326 647 1387 692 nos
1402 631 1553 704 reddere,
1569 633 1701 709 quando
1721 635 1810 696 enim
1826 652 1890 712 per
1905 653 1981 714 per-

334 731 458 792 malum
489 727 609 802 fecisti,
639 729 696 806 qui
718 717 892 791 mulierem
923 728 1044 800 fecisti,
1074 727 1130 808 qui
1185 727 1374 789 suasionem
1410 731 1483 805 ejus
1523 745 1719 807 peccamus;
1754 734 1980 808 accusabiles,

334 827 508 888 mulierem
540 826 671 890 dedisti.
702 827 743 890 ut
768 826 848 888 tunc
879 825 1023 904 denique
1057 823 1128 886 dies
1184 821 1280 895 idest,
1307 823 1400 900 digni
1419 841 1533 886 sumus
1555 827 1778 890 accusatione.
1803 829 1870 890 Sed
1886 846 1984 892 accu-

334 925 513 988 declinauit
526 925 562 987 in
576 941 759 1002 vesperam,
776 925 862 1010 quia
874 925 1015 988 ueritate
1029 922 1129 985 dante
1185 919 1275 982 sator
1295 922 1481 1000 pr0J'ioitur,
1504 924 1635 1000 quando
1657 924 1809 987 diabolus
1828 942 1907 988 cum
1926 945 1981 990 sua

333 1019 543 1097 sententiam,
553 1023 600 1084 de
616 1022 738 1102 gaudio
754 1023 921 1101 projectus
945 1021 1044 1084 estin
1058 1037 1132 1098 poe-
1184 1017 1367 1081 tentatione
1381 1021 1613 1096 contemnitur,
1628 1021 1754 1085 atinde
1773 1021 1810 1085 tit
1824 1023 1981 1100 gaudium

334 1120 483 1182 nitentiaa
509 1120 645 1182 luctum.
677 1119 717 1184 nt
746 1119 904 1197 quoniam
930 1119 982 1182 ira
1009 1117 1071 1180 fuit
1093 1117 1130 1178 in
1185 1114 1219 1176 in
1246 1116 1330 1178 coelo
1352 1133 1464 1180 coram
1491 1119 1621 1196 angelis
1652 1121 1723 1194 Dei,
1747 1122 1804 1200 qui
1828 1121 1983 1186 dicuntur

332 1219 559 1296 indignatione
574 1221 658 1295 ejus,
682 1216 731 1280 sio
749 1218 952 1296 temperatus
971 1217 1032 1290 est,
1049 1218 1086 1279 ut
1100 1215 1131 1276 si
1184 1213 1304 1276 fratres
1325 1215 1432 1279 nostri
1446 1218 1589 1304 quatuor
1603 1218 1643 1280 de
1657 1219 1768 1280 causis
1785 1241 1793 1280 ι
1815 1236 1879 1297 ρει
1890 1221 1984 1283 coba·

333 1317 373 1379 ad
393 1331 568 1393 vesperum
588 1313 814 1377 demorabitur
828 1315 925 1376 fietus
946 1315 980 1378 et
996 1314 1037 1376 ad
1053 1329 1129 1375 ma·
1184 1310 1390 1380 bitationem.
1412 1329 1472 1391 ρει
1490 1315 1619 1376 naturae
1640 1315 1907 1391 similitudinem,
1927 1334 1983 1395 per

331 1414 475 1478 tutinum
482 1413 611 1484 laetitia,
622 1413 719 1485 idest,
735 1413 769 1473 in
781 1411 972 1498 dieJudicii,
984 1410 1128 1490 quando,
1184 1408 1439 1484 fraternitatem,
1459 1427 1519 1489 ρει
1534 1411 1815 1475 cohaereditatem.
1833 1419 1911 1476 Per
1930 1431 1983 1478 co·

333 1513 404 1576 sole
418 1511 558 1584 oriente,
575 1510 646 1571 dies
665 1509 818 1587 pervenit
841 1510 882 1572 ad
898 1509 1080 1582 meridiem,
1098 1508 1131 1571 et
1184 1507 1438 1582 habitationem,
1456 1507 1534 1587 quia
1548 1513 1581 1572 et
1594 1509 1767 1573 nobiscum
1780 1511 1936 1575 habitant
1949 1513 1981 1574 in

331 1612 426 1676 stans
441 1608 488 1670 ibi
505 1622 572 1670 non
587 1607 699 1670 tendat
712 1607 753 1669 ad
780 1606 996 1680 occidentem,
1013 1607 1046 1669 et
1059 1605 1131 1668 fac·
1184 1603 1248 1667 hoc
1269 1605 1403 1676 mundo,
1419 1606 1452 1670 et
1470 1607 1506 1668 in
1528 1607 1640 1670 futuro
1659 1607 1828 1671 nobiscum
1852 1609 1982 1672 babita-

332 1705 403 1771 tum
423 1705 486 1769 erit
505 1719 644 1783 vespere
665 1705 699 1767 et
718 1720 815 1766 mane
830 1705 902 1768 dies
926 1719 1024 1779 unuS,
1051 1703 1130 1782 quia
1183 1701 1266 1764 bunt
1291 1703 1326 1764 in
1355 1703 1449 1766 coele.
1475 1703 1655 1767 Nobiscum
1683 1703 1837 1769 habitant
1865 1708 1902 1768 in
1923 1707 1981 1769 boc

332 1803 593 1868 consolationem
616 1802 775 1866 aeternam
795 1801 945 1866 inveniet
964 1801 1001 1864 in
1022 1800 1132 1880 poeni·
1185 1800 1319 1871 mundo,
1330 1801 1554 1865 custodientes
1569 1819 1630 1866 nos
1645 1820 1665 1866 a
1680 1803 1840 1882 periculis
1855 1807 1890 1868 et
1904 1820 1979 1883 pec·

333 1904 447 1968 tentiae
460 1903 598 1964 luctum.
1185 1899 1279 1962 catis.
1299 1899 1393 1962 Unde
1407 1900 1513 1964 David
1529 1918 1537 1958 ι
1553 1906 1691 1979 Anpctta
1708 1905 1784 1964 ants
1803 1905 1981 1965 mundavit

254 2014 258 2020 ·
374 2000 566 2064 Admiratur
599 1999 766 2076 Propheta
801 1997 996 2074 dignitatem
1031 2011 1130 2076 quam
1185 2001 1227 2060 dc
1248 1997 1292 2070 te,
1312 1998 1351 2060 nt
1371 1999 1566 2062 mntodtant
1583 2003 1621 2062 tn
1640 2003 1798 2063 omnibns
1822 2003 1893 2064 vtis
1918 2002 1981 2064 tntr

304 2108 309 2116 '
334 2100 453 2163 babuit
466 2097 628 2169 diabolus
645 2099 679 2158 et
693 2095 912 2174 perditionem
927 2111 1026 2173 quam
1040 2095 1132 2157 inve·
1187 2092 1257 2174 (Ps.
1269 2097 1319 2167 90,
1335 2092 1400 2174 11).

335 2200 385 2262 nit
402 2214 461 2277 per
475 2195 674 2273 superbiam,
691 2194 725 2257 et
739 2193 812 2256 ideo
829 2194 927 2257 vocat
943 2209 1018 2255 eum
1032 2192 1133 2254 Luci·
1226 2191 1406 2263 Nobiscum
1437 2191 1634 2259 habitabunt
1667 2193 1703 2256 in
1733 2194 1865 2268 futuro,
1901 2195 1980 2257 sicut

280 2320 284 2330 ·
336 2297 454 2368 ferum,
471 2293 549 2372 quia
565 2291 652 2356 sicut
671 2292 804 2354 Lucifer
818 2291 941 2354 clarior
960 2291 1010 2354 est
1024 2289 1133 2352 onmi-
1187 2290 1345 2368 scriptum
1369 2291 1474 2374 estin
1499 2291 1707 2368 Evangelio:
1730 2297 1774 2355 In
1796 2307 1979 2355 resurrec-
2060 2279 2061 2292 ¹

335 2395 398 2458 bus
411 2392 528 2464 stellis,
540 2389 588 2453 ita
601 2390 672 2468 ipse
682 2389 745 2453 suit
753 2389 970 2452 excellentior
980 2387 1132 2450 omnibus
1187 2387 1279 2448 tione
1301 2401 1411 2462 nequa
1433 2387 1561 2450 nubent
1583 2404 1693 2464 neone
1711 2391 1898 2462 nubentur,
1925 2392 1981 2452 aad

337 2490 477 2568 angelis,
506 2491 539 2550 et
566 2502 665 2550 mane
693 2486 873 2560 oriebatur,
901 2486 998 2558 idest,
1026 2485 1132 2562 primo
1186 2485 1291 2546 ornant
1310 2485 1399 2547 stant
1413 2489 1526 2563 angeli
1547 2489 1612 2548 Det
1625 2490 1663 2548 tn
1677 2493 1759 2550 coelo
1783 2485 1904 2568 (Marc.
1923 2503 1978 2555 ιιι.

336 2587 487 2652 conditus
502 2585 563 2658 est,
580 2585 666 2646 sicut
679 2598 739 2663 ρει
759 2584 965 2646 Ezechielem
989 2583 1133 2660 prophe-
1185 2580 1250 2663 25).
1273 2585 1347 2646 Per
1368 2584 1507 2646 naturae
1523 2585 1795 2658 stmtlitncttnean,
1821 2585 1902 2664 quia
1922 2585 1980 2662 spi·
2060 2597 2061 2600 ’

335 2688 403 2749 tam
426 2683 571 2745 dicitur:
595 2685 644 2745 rn
662 2685 877 2757 signaculum
895 2681 1133 2743 similitudinis
1186 2679 1270 2742 ritus
1289 2680 1482 2757 angelorum
1497 2680 1530 2743 et
1548 2681 1684 2758 spiritus
1703 2683 1878 2744 bominum
1897 2685 1980 2760 ejus-
2060 2731 2061 2738 ,

333 2779 686 2860 ptcnnssnptenttaet
698 2779 872 2854 perfectus
884 2780 1005 2840 decore
1017 2779 1055 2838 tn
1068 2779 1131 2838 de-
1187 2777 1261 2840 dem
1282 2779 1410 2841 nature
1432 2779 1465 2841 et
1485 2770 1632 2858 ejusdem
1648 2779 1879 2843 similitudinis
1898 2781 1978 2841 sunt
2060 2799 2061 2862 ι

336 2883 423 2944 ltoa'ts
433 2876 773 2954 percensuerunt
784 2873 915 2956 (Ezecb.
927 2889 1049 2947 xxrru,
1066 2853 1130 2952 12).
1188 2875 1281 2937 Unde
1293 2875 1398 2937 David
1408 2875 1444 2937 in
1457 2877 1584 2954 psalmo
1597 2899 1604 2938 ε
1619 2879 1779 2940 Minntstt
1792 2895 1875 2940 enan
1885 2883 1979 2954 pano
2060 2863 2061 2928 ἶ

337 2977 432 3041 Unde
442 2973 634 3046 notandum,
646 2973 732 3052 qnod
743 2989 810 3034 non
825 2972 867 3034 ed
882 2971 1133 3034 similitudinem
1186 2975 1303 3035 mtnua
1328 2975 1371 3036 ab
1393 2978 1525 3049 angelis
1544 2972 1613 3055 (Pa.
1639 2976 1669 3048 8,
1685 2974 1731 3054 6).
1757 2977 1846 3038 Deus
1871 2973 1980 3037 minuit
2060 2987 2061 3046 1

337 3076 400 3139 Dei
423 3073 542 3146 factam,
575 3071 633 3133 sed
660 3071 868 3148 signaculum
906 3061 1133 3131 similitudinis
1187 3069 1355 3132 bominem
1367 3071 1591 3150 paulominus
1604 3070 1799 3151 ebangelis,
1814 3075 1981 3152 quiamor·
2060 3101 2061 3130 ι

338 3173 471 3244 dicitur,
487 3169 524 3233 ut
537 3184 601 3248 quo
614 3169 648 3230 in
662 3184 701 3232 eo
714 3167 870 3231 subtilior
882 3168 933 3230 est
946 3166 1077 3240 natura,
1092 3181 1132 3229 eo
1187 3167 1248 3230 tali
1263 3183 1401 3246 corpore
1416 3168 1550 3232 vestivit
1563 3169 1671 3244 illum,
1688 3171 1775 3251 quod
1794 3171 1906 3250 angeli
1920 3183 1978 3231 non
2060 3173 2061 3206 l

338 3270 467 3334 nullum
496 3266 639 3330 similius
667 3267 868 3339 insinuetur,
895 3281 994 3344 quam
1023 3265 1133 3341 imago
1187 3265 1321 3329 babent.
1342 3267 1428 3329 Nam
1442 3266 1493 3329 illi
1508 3269 1584 3330 sunt
1605 3269 1822 3344 immortales,
1850 3265 1978 3332 sedisti
2060 3283 2061 3348 j

337 3369 397 3433 Dei
414 3381 584 3446 expressa.
601 3365 695 3429 Unde
717 3363 889 3427 subditur:
913 3352 1032 3426 Omnis
1047 3367 1134 3437 tupn
1188 3363 1361 3442 mortales;
1390 3365 1442 3426 illi
1470 3366 1548 3429 sunt
1576 3365 1814 3445 impassibiles,
1845 3364 1978 3430 sedisti
2060 3355 2061 3438 ξ

335 3467 510 3546 pretiosus
526 3462 780 3541 operimentum
789 3461 888 3524 tnnnt
901 3457 999 3540 (ibid.
1018 3461 1080 3537 13).
1095 3460 1135 3521 nt
1188 3461 1379 3539 passibiles;
1406 3463 1457 3524 illi
1478 3461 1584 3538 beati,
1615 3464 1673 3526 sed
1703 3465 1757 3528 isti
1781 3466 1913 3540 miseri,
1933 3462 1979 3524 illi
2060 3461 2061 3482 .

336 3563 423 3628 sicut
446 3562 616 3640 scriptura
634 3559 799 3624 testatur:
822 3561 902 3636 lpse
921 3559 1135 3636 mummium
1187 3559 1405 3638 triumphant,
1423 3561 1481 3623 sed
1495 3562 1552 3624 isti
1564 3561 1719 3625 militent.
1736 3566 1821 3640 Ergo
1837 3564 1896 3642 qui
1908 3563 1978 3624 tunc
2060 3561 2061 3606 i

337 3666 489 3733 otorann,
506 3659 604 3730 idest,
616 3658 782 3719 actionum
792 3657 863 3729 Dei,
876 3656 1031 3734 quoniam
1047 3657 1134 3716 Deus
1188 3659 1298 3719 minor
1320 3661 1393 3720 erat
1411 3659 1447 3720 in
1466 3674 1570 3736 regno
1590 3660 1759 3735 coelorum,
1787 3665 1896 3740 major
1915 3659 1979 3721 erat
2060 3723 2061 3750 χ

339 3773 407 3822 non
422 3757 507 3819 alias
520 3756 692 3816 creaturas
707 3755 784 3815 ante
799 3771 875 3816 eum
886 3751 1043 3816 condidit.
1059 3755 1134 3832 Ipse
1187 3757 1316 3818 toanne
1347 3757 1495 3834 Baptista
1527 3773 1588 3834 per
1620 3758 1880 3832 fraternitatem,
1909 3755 1977 3836 quia
2060 3753 2061 3832 ζ

316 3856 445 3921 'voluit
465 3855 501 3915 in
523 3853 642 3914 coelum
663 3851 854 3924 ascendere,
872 3850 958 3913 idest
974 3851 1136 3913 divinita-
1188 3853 1289 3915 Pater
1308 3869 1395 3915 unus
1414 3855 1561 3916 omnium
1584 3857 1772 3918 nostrorum
1800 3858 1832 3920 et
1854 3856 1978 3918 illorum

338 3955 406 4018 tem
420 3952 481 4013 Dei
495 3949 628 4012 babere.
649 3951 715 4010 Per
736 3947 855 4010 coelum
869 3946 1069 4023 intelligitur
1082 3947 1135 4010 di·
1188 3951 1247 4013 est.
1263 3951 1303 4013 nt
1316 3951 1391 4014 ideo
1404 3967 1465 4013 nos
1478 3953 1512 4014 et
1521 3951 1572 4014 illi
1582 3953 1642 4014 Dei
1653 3952 1715 4014 filii
1725 3953 1846 4016 fratres
1862 3967 1977 4016 sumus.
2060 3983 2061 4016 ι

337 4051 462 4115 vinitas
477 4048 598 4117 Patris,
615 4046 702 4108 unde
716 4045 842 4109 lurida
859 4049 887 4107 A
902 4059 1038 4108 summo
1051 4049 1134 4109 cocto
1188 4049 1235 4110 De
1258 4047 1326 4110 illis
1344 4065 1488 4127 namque
1512 4049 1635 4112 dicitur
1655 4051 1691 4112 in
1705 4047 1792 4113 lob:
1814 4046 1978 4114 Venerunt
2060 4129 2061 4132 Ἴ

339 4151 491 4238 canerem
512 4149 588 4220 etna
611 4141 682 4226 (Ps.
707 4145 757 4218 18,
785 4141 831 4225 7),
854 4142 951 4214 11εε1,
976 4141 1134 4206 nativitas
1187 4147 1250 4219 11111
1281 4149 1361 4220 Det,
1390 4147 1430 4209 nt
1459 4148 1666 4210 assisterent
1694 4163 1815 4211 coram
1841 4149 1978 4212 Domino
2060 4201 2061 4212 ,

341 4247 404 4310 filii
413 4244 474 4308 Dei
489 4245 540 4308 est
553 4244 595 4308 de
609 4242 720 4306 Patre.
1188 4239 1275 4321 (lob.
1291 4258 1315 4316 1,
1330 4241 1376 4324 6).
1406 4245 1578 4306 Venerunt
1598 4259 1618 4306 a
1633 4245 1818 4308 ministerio
1841 4247 1883 4308 ad
1898 4241 1975 4323 quod

376 4345 452 4424 Ipsa
468 4341 574 4416 uoluit
588 4355 688 4420 super
708 4338 800 4402 astra
814 4338 875 4402 Dei
896 4353 993 4401 suum
1013 4338 1133 4400 solium
1188 4339 1390 4416 deputantur
1420 4343 1556 4418 propter
1588 4341 1728 4405 salutem
1757 4345 1917 4414 nostram,
1944 4337 1975 4400 ut

336 4441 501 4514 exaltare,
527 4439 625 4512 idest,
650 4437 845 4518 potestatem
869 4433 995 4500 babere
1021 4437 1132 4514 impe·
1188 4437 1382 4500 assisterent
1396 4453 1508 4499 coram
1522 4439 1664 4500 Domino
1678 4440 1720 4502 ad
1737 4439 1935 4502 laudandum
1947 4434 1976 4496 et

334 4538 433 4602 randi
446 4537 588 4614 angelis,
604 4535 691 4598 siout
704 4527 804 4596 Deus.
828 4533 942 4596 Voluit
957 4534 1074 4597 sedere
1096 4534 1132 4597 in
1186 4535 1458 4598 benedicendum.
1475 4525 1522 4600 De
1536 4533 1633 4598 nobis
1650 4537 1772 4600 dicitur
1785 4539 1821 4599 in
1836 4536 1973 4616 psalmo:

337 4637 448 4699 monte
469 4632 671 4705 testamenti,
691 4629 789 4704 idest,
806 4628 959 4712 judicare
972 4631 1133 4708 'judiciali
1186 4635 1260 4709 ldae
1274 4635 1350 4695 dtoct
1362 4651 1374 4694 .·
1388 4636 1446 4695 1111
1466 4635 1562 4707 estis,
1577 4635 1612 4697 et
1629 4635 1693 4708 11111
1706 4639 1845 4698 decelat
1867 4643 1974 4697 oannes

335 4733 509 4815 potestate.
528 4731 598 4794 Hoc
612 4727 717 4790 modo
740 4726 903 4806 pugnavit
916 4725 1079 4801 diabolus,
1100 4729 1133 4791 et
1186 4733 1340 4794 tornines
1355 4728 1466 4810 (toan.
1479 4745 1513 4804 ιι,
1529 4730 1595 4811 34).
1623 4735 1689 4794 Ρει
1703 4731 1972 4798 cohaereditatem,

335 4831 456 4894 multos
472 4827 536 4891 sibi
550 4827 688 4905 angelos
703 4823 854 4896 sociarit,
868 4824 926 4886 sed
936 4841 1011 4887 oum
1023 4827 1133 4888 omni·
1186 4828 1264 4906 quie
1279 4829 1314 4889 in
1328 4828 1456 4891 ooelesti
1479 4828 1675 4891 haereditate
1692 4830 1819 4892 tantm
1844 4827 1973 4908 gloriam

334 4931 398 4993 bus
413 4929 453 4991 de
473 4927 556 4990 ooelo
571 4941 631 5005 per
645 4922 842 4986 Michaelem
857 4921 891 4986 et
904 4920 1040 4999 angelos
1059 4925 1132 5002 ejus
1186 4924 1320 4988 babebit
1344 4926 1459 4999 bomo,
1481 4927 1638 5004 quanam
1656 4927 1689 4990 et
1709 4928 1850 5004 angelus
1873 4921 1971 4989 babet.

334 5028 480 5108 dejectus
496 5025 557 5088 est.
578 5021 673 5087 Unde
689 5021 801 5099 angeli
820 5020 935 5084 dicunt
950 5021 987 5083 in
1006 5023 1132 5100 Apoca·
1187 5023 1281 5087 Unde
1290 5023 1687 5102 Dominusinurangelio
1699 5023 1972 5100 :mensurnam
2060 5075 2061 5080 ,

333 5127 446 5207 lypsi:
473 5121 658 5198 Proiectae
687 5119 741 5183 ast
770 5118 953 5208 coenatur
976 5120 1132 5195 fratrum
1185 5123 1318 5199 angelis
1330 5122 1413 5183 sunt
1427 5117 1521 5200 (buc.
1537 5113 1595 5196 rx,
1614 5119 1681 5202 36),
1698 5122 1732 5184 ε1
1745 5127 1822 5185 sunt
1836 5121 1895 5185 dlii
1908 5115 1970 5186 uei.

333 5224 548 5294 nostrornm,
568 5223 627 5296 qni
642 5216 911 5281 cenomannos
927 5217 1009 5280 unte
1019 5231 1130 5280 ·oons-
1186 5233 1262 5281 cum
1276 5215 1343 5282 sint
1357 5209 1419 5280 filii
1433 5220 1701 5284 resurrectionis.
1730 5214 1970 5283 otiosorum:

331 5321 470 5398 pectam
490 5322 554 5382 Dei
567 5317 680 5381 nostrl
695 5317 751 5379 dte
764 5327 807 5378 oc
821 5314 930 5386 nocte,
947 5314 1132 5390 1111111111-
1186 5307 1264 5380 sunt
1277 5313 1435 5395 aquales.
1545 5375 1547 5380 .
1792 5377 1795 5384 .

333 5417 457 5481 cerunt
501 5413 759 5494 sarapropter
794 5413 1002 5488 sangninem
1040 5415 1131 5489 Agnt
1225 5413 1371 5476 Verbum
1391 5415 1567 5493 presentis
1580 5413 1891 5492 temporisprotulit
1909 5409 1972 5471 alre
2060 5491 2061 5506 χ

335 5513 452 5596 (Apoc.
474 5527 535 5585 rur,
552 5509 617 5591 10).
633 5508 793 5573 Diabolus
806 5507 930 5571 dicitur
943 5509 1128 5584 accusator,
1184 5511 1296 5590 posuit
1309 5507 1538 5590 evangeliun,
1562 5513 1641 5590 quia
1657 5511 1746 5590 qnod
1760 5511 1904 5574 futurum
1916 5504 1970 5573 est,
2060 5519 2061 5572 l

333 5613 413 5694 quia
428 5625 495 5674 non
514 5607 764 5688 desinitculpes
783 5605 915 5671 nostres
931 5605 1009 5671 ante
1025 5607 1130 5672 Deum
1184 5610 1220 5673 in
1244 5611 1423 5689 praesentia
1449 5609 1510 5676 Dei
1532 5613 1602 5690 jam
1628 5609 1752 5675 lectum
1766 5609 1827 5674 est.
1847 5606 1894 5671 Ad
1916 5603 1970 5666 boc
2060 5653 2061 5668 .
