4200 6394
271 445 316 490 xv
622 495 632 514 .
818 421 861 480 IN
894 417 1116 480 SERMONES
1149 417 1372 478 PRAEFATIO
1863 433 1906 478 nt·

270 603 349 650 suut
363 599 446 664 erqo
464 589 621 647 uolumen
637 583 764 642 uestrae
780 579 943 640 charitati
957 581 1067 638 dirui·
1124 593 1185 638 nec
1200 577 1301 638 semel
1318 576 1456 653 quaesita
1477 577 1662 646 occasione,
1682 577 1820 638 summis
1846 577 1925 637 lau-

271 701 350 748 mus
365 683 618 752 destinandum,
634 683 672 740 iu
690 678 1068 753 quostqutdtuudubtle
1123 673 1221 735 dibus
1248 673 1355 736 effert.
1381 673 1488 736 Sileni
1513 673 1740 736 Dominicanae
1775 674 1925 736 Familiae

271 781 489 851 irioeuerttis,
512 780 659 840 Domino
673 777 732 849 qui
758 773 817 838 unt
841 773 1066 846 umoribusos-
1124 771 1396 848 historiographi.
1424 767 1505 834 Silet
1527 771 1582 832 vel
1604 771 1676 848 ipse
1707 771 1875 832 Honorius
1890 772 1926 832 in

274 880 424 953 fluenter
448 877 482 939 ei
502 890 572 938 unu
595 873 822 948 improperat,
843 870 1067 940 adscribatis;
1124 885 1184 930 sua
1208 869 1250 930 ad
1272 869 1509 930 Gistercienses
1525 868 1706 929 monachos
1722 868 1926 930 dedicatoria

273 993 316 1040 ea
336 991 412 1051 quoe
434 977 552 1036 minus
578 973 659 1033 bene
678 972 836 1032 minusve
851 967 1070 1042 sufficienter
1124 965 1281 1042 Epistola,
1299 965 1450 1043 quamvis
1465 966 1552 1026 dona
1566 981 1633 1026 non
1649 980 1755 1041 pauca
1770 965 1803 1027 et
1821 965 1925 1027 mino·

275 1075 366 1136 dicto
379 1072 586 1135 inueneritis
600 1073 637 1130 tu
656 1064 1070 1139 eoderuuostroeiusuffl-
1126 1063 1173 1123 ris
1199 1063 1288 1125 certe
1303 1061 1473 1150 momenti
1502 1064 1746 1134 commemoret,
1786 1079 1859 1139 qnae
1888 1063 1923 1123 in

274 1173 410 1233 otentico
424 1168 645 1244 imputantes.
659 1171 732 1228 Pro
744 1165 940 1236 huiusmodi
951 1162 1069 1224 uectem
1125 1159 1209 1221 alios
1237 1159 1433 1222 contulerat.
1449 1162 1536 1222 Sane
1559 1159 1756 1221 concionum
1784 1176 1920 1221 suarum

274 1267 576 1341 attaminaveris
591 1274 637 1326 em
649 1259 1070 1334 mutiucburitutedirtqi-
1125 1255 1281 1318 volumen
1303 1255 1390 1318 dono
1414 1257 1532 1319 daturo
1554 1256 1661 1332 magis
1694 1255 1828 1318 obvium
1850 1257 1924 1318 erat

274 1381 363 1438 meis,
381 1365 578 1426 orationum
592 1360 1071 1422 aestrorumoueeueeessu
1125 1353 1282 1416 volumen
1310 1354 1402 1416 aliud
1431 1354 1507 1417 divo
1542 1354 1714 1415 Dominico
1753 1353 1923 1426 traditum,

272 1465 329 1522 rto
341 1464 437 1522 uobis
444 1460 600 1521 antidota
607 1458 833 1532 postuuuos.
846 1457 932 1516 que
944 1468 1005 1515 uos
1020 1457 1072 1516 lu·
1126 1467 1225 1529 quam
1238 1453 1347 1514 vestes
1362 1452 1496 1530 aliaque
1510 1453 1705 1513 ornamenta
1721 1467 1924 1513 commemo-

278 1559 352 1621 tere
367 1557 529 1626 uolentes,
547 1557 635 1629 quod
653 1569 731 1614 cum
749 1554 911 1614 Ecclesiis
931 1553 1028 1612 Urbis
1038 1550 1070 1610 et
1126 1562 1214 1608 rare.
1243 1549 1313 1609 Neo
1334 1547 1451 1609 aberat
1472 1547 1752 1609 commemorandi
1774 1538 1866 1609 locris
1892 1550 1925 1610 et

276 1659 354 1718 aliis
373 1657 494 1724 simus,
510 1655 582 1712 Deo
589 1651 754 1725 propitio,
775 1653 995 1724 quamplures
1008 1662 1071 1709 se·
1127 1645 1366 1722 opportunitas.
1384 1647 1480 1708 Teste
1494 1645 1612 1706 eodem
1637 1645 1824 1722 Maurique,
1839 1660 1925 1706 non-

275 1767 355 1813 crus
370 1751 482 1812 uestes
494 1751 528 1811 et
542 1752 611 1811 utic
625 1748 854 1810 ecclesiastiea
866 1743 1072 1806 ornamenta
1126 1742 1192 1802 nisi
1206 1758 1294 1803 anno
1316 1743 1404 1816 1223,
1435 1743 1612 1804 Sermones
1634 1741 1773 1803 Honorii
1800 1743 1940 1804 cister--

277 1848 407 1925 torqui,
424 1847 633 1922 protulimus
646 1845 855 1906 seutentiam
871 1857 1073 1904 eecmuruu-
1127 1838 1256 1899 cieuses
1275 1835 1436 1900 'monachi
1462 1837 1548 1900 dono
1584 1837 1748 1914 babuere3
1788 1840 1924 1900 sanctus

277 1945 462 2008 nicationis
475 1946 510 2004 iu
524 1945 606 2015 titos,
621 1945 679 2016 qui
691 1957 734 2003 eu
747 1944 895 2004 derenci
908 1941 1069 2011 uendere,
1126 1937 1236 1997 autem
1249 1934 1440 1998 Dominicus
1453 1934 1587 1997 hiennio
1600 1937 1677 1997 ante
1685 1937 1757 2013 jam
1771 1935 1926 1998 evolave-

275 2042 831 2116 seuquocumquemodoutteuore
841 2051 1072 2112 praesumpse·
1126 2032 1180 2094 rat
1206 2032 1248 2093 ad
1277 2049 1425 2110 superos,
1465 2021 1498 2094 et
1532 2033 1672 2094 Honorii
1703 2049 1824 2094 munus
1853 2036 1924 2110 jam

276 2140 351 2200 riui
361 2141 403 2200 ob
417 2141 556 2200 eisdem.
574 2139 666 2198 Uude
680 2137 832 2198 conectis
846 2149 906 2196 uos
915 2135 1072 2196 uniuersi
1127 2127 1248 2190 dudum
1261 2130 1429 2206 accepisse
1441 2129 1610 2191 debuerat.
1622 2129 1711 2190 Idem
1722 2143 1801 2205 ergo
1816 2129 1927 2192 Ponti-

278 2235 312 2297 ei
326 2237 453 2312 munuli
467 2249 511 2296 ue
525 2239 578 2296 oet
593 2248 752 2308 praeseus
768 2237 928 2295 uolumen
941 2236 994 2294 oet
1004 2235 1073 2291 utic

276 2329 483 2394 ornamenta
522 2329 771 2401 aususausus,
806 2344 883 2403 quse
912 2329 1085 2398 Ecclesice

275 2430 404 2490 uestra
428 2427 645 2499 contutimus,
671 2427 894 2488 distrahendo
928 2423 962 2486 ei
989 2425 1073 2484 utie-

275 2528 390 2585 uuudo
408 2524 652 2599 quomodolibet
674 2525 716 2584 ub
737 2526 868 2594 euntem,
885 2523 1071 2595 supradie-

277 2622 349 2682 iam
364 2623 574 2684 senteutiam
587 2621 789 2682 incurratis.
812 2620 936 2682 Vutete.

314 2720 513 2780 «Hactenus
532 2717 573 2778 ad
589 2717 741 2780 abbatem
759 2716 911 2779 cistercii
931 2730 1073 2776 conven-

277 2832 296 2874 e
311 2816 445 2892 tumque
461 2831 608 2875 summus
619 2813 905 2891 Ecclesieepastur,
915 2814 994 2874 tunc
1009 2810 1072 2871 de-

275 2930 294 2974 u
310 2929 400 2972 mum
416 2910 538 2988 putans
557 2911 832 2972 fructificaturum
854 2909 959 2970 divini
980 2907 1073 2969 verbi

275 3025 434 3081 «semen,
451 3009 480 3069 si
492 3008 534 3069 ab
561 3007 633 3085 ipso
656 3007 691 3068 in
715 3006 886 3078 Cistercio,
909 3007 941 3068 et
960 3021 979 3066 a
1001 3005 1075 3065 Gis-

277 3123 295 3166 «
310 3104 530 3168 terciensibus
543 3120 603 3182 per
616 3103 730 3166 orbem
741 3103 992 3165 diffunderetur.
1010 3119 1029 3162 a

315 3203 430 3278 Pergit
443 3202 552 3264 adhuc
567 3203 742 3279 Maurique
756 3201 789 3262 et
804 3201 923 3278 quaerit
940 3199 1073 3262 cuinam

276 3298 555 3361 Archimandriiae
566 3301 742 3361 Sermones
756 3315 833 3360 suos
847 3298 933 3360 dono
947 3295 1075 3358 dederit

275 3396 454 3470 Honorius,
471 3397 550 3458 licet
571 3396 656 3457 nihil
679 3395 761 3457 certi
781 3411 932 3462 asserere
951 3394 1071 3457 valeat.

276 3493 433 3554 Eamdem
456 3494 673 3570 quaestionem
696 3495 729 3555 et
752 3495 844 3554 exitu
860 3491 949 3554 haud
974 3490 1074 3551 dissi-

276 3592 349 3653 mili
363 3591 538 3654 instituere
562 3591 710 3654 Mauriui
731 3588 829 3670 (Gall.
845 3590 980 3662 Christ,
1007 3589 1070 3650 loc.

277 3687 362 3767 cit).
382 3688 445 3749 Sed
459 3687 530 3749 haec
545 3687 586 3748 ad
600 3704 670 3750 rem
684 3689 833 3749 nostram
844 3692 916 3767 jam
931 3703 997 3748 non
1016 3686 1070 3748 ta-

277 3785 379 3846 ciunt.
411 3783 540 3846 Sufficit
572 3783 667 3845 modo
700 3786 906 3861 exploratum
935 3784 1070 3856 habere,

279 3881 366 3960 quod
382 3897 424 3943 ex
445 3881 541 3942 dictis
557 3880 819 3942 luculentissime
841 3881 940 3957 patet,
958 3897 1071 3942 sacras

279 3979 457 4040 conciones
468 3977 509 4038 ab
517 3977 665 4039 Honorio
676 3977 817 4054 scriptas
830 3979 863 4040 et
871 3978 1073 4039 cistercien-

278 4076 369 4138 sibus
385 4075 558 4137 monachis
573 4075 660 4136 dono
672 4075 792 4136 missas
807 4075 920 4136 luisse.

341 4355 382 4414 11.
395 4383 437 4398 -
450 4357 500 4414 De
516 4353 598 4414 otiis
614 4354 763 4414 Houortt
777 4352 1004 4413 sermonibus.

1127 2225 1233 2287 hoelis
1256 2225 1492 2288 munificentiae
1511 2242 1617 2302 genus
1637 2225 1806 2303 postulare
1832 2227 1929 2288 vide-

1126 2322 1234 2395 batur,
1251 2324 1288 2384 ut
1301 2323 1468 2384 Honorius
1484 2322 1570 2401 quod
1587 2325 1620 2384 S.
1636 2323 1806 2384 Dominico
1822 2324 1927 2401 largi-

1126 2420 1179 2481 tus
1195 2420 1301 2482 luerat
1314 2420 1469 2482 volumen
1483 2421 1518 2482 in
1532 2436 1610 2482 mox
1624 2419 1758 2482 laudata
1778 2421 1926 2499 Epistola

1127 2518 1259 2578 silentio
1292 2518 1429 2579 minime
1456 2519 1652 2594 praeteriret.
1682 2517 1777 2579 Absit
1801 2523 1923 2590 antem,

1127 2614 1164 2676 ut
1177 2615 1277 2677 velim
1292 2614 1413 2676 exinde
1428 2631 1541 2676 eornm
1556 2615 1753 2692 scriptorum
1778 2617 1926 2678 auctori-

1126 2713 1227 2775 tatem
1255 2712 1452 2785 convellere,
1484 2713 1540 2790 qni
1568 2729 1638 2774 rem
1671 2712 1807 2774 omnino
1833 2713 1929 2775 afhr-

1127 2811 1229 2871 mant.
1247 2811 1314 2887 Ipsi
1329 2825 1390 2872 nec
1404 2811 1502 2886 pauci
1518 2811 1605 2882 sunt,
1616 2825 1677 2873 nec
1690 2811 1780 2872 certe
1792 2811 1925 2873 obscuri

1128 2907 1281 2971 nominis.
1299 2907 1401 2968 Doleo
1415 2906 1535 2984 potine,
1553 2907 1639 2984 quod
1662 2925 1763 2985 quum
1790 2923 1921 2968 serme-

1128 3019 1187 3064 nes
1202 3005 1285 3066 istos
1301 3006 1359 3066 aut
1371 3003 1569 3080 deperditos,
1584 3006 1641 3067 aut
1653 3005 1760 3066 adhuc
1775 3005 1809 3065 in
1823 3019 1923 3064 mem·

1127 3100 1242 3162 branis
1257 3101 1488 3164 delitescentes
1503 3101 1678 3163 consulere
1693 3119 1759 3163 non
1779 3101 1923 3172 licuerit,

1128 3213 1189 3260 nec
1208 3197 1425 3276 quaestionem
1443 3198 1485 3260 ab
1500 3199 1596 3261 initio
1616 3199 1819 3277 proposItam
1841 3199 1926 3260 deli-

1129 3297 1202 3357 nire
1215 3296 1355 3357 valeam.

1169 3393 1432 3457 Caeterumextra
1448 3393 1788 3457 dubiumestHonorii
1798 3397 1929 3457 Sermo·

1127 3507 1198 3563 nes,
1213 3507 1294 3569 quos
1305 3508 1348 3553 ex
1361 3494 1490 3554 vetusto
1504 3493 1623 3554 Codice
1639 3493 1830 3554 sessoriano
1851 3493 1930 3554 des-

1128 3589 1314 3667 cripsimus,
1328 3592 1361 3652 et
1375 3590 1497 3667 publici
1508 3592 1595 3668 juris
1612 3592 1721 3653 lacere
1737 3591 1833 3652 nobts
1849 3607 1929 3668 pro-

1128 3689 1271 3764 positum
1294 3691 1354 3757 est,
1371 3705 1429 3750 eos
1456 3690 1546 3766 ipsos
1575 3706 1650 3750 esse
1671 3707 1753 3767 qnos
1770 3691 1924 3751 Summus

1128 3786 1283 3848 Pontifex
1298 3786 1572 3849 Cisterciensibus
1589 3786 1689 3849 dedit.
1707 3787 1869 3860 Proiecto,
1887 3790 1923 3850 nt

1128 3883 1244 3946 scribit
1263 3884 1439 3961 Maurique
1464 3900 1564 3961 supra
1587 3885 1718 3958 citatus,
1746 3887 1923 3946 Sermones

1128 3979 1334 4042 illosdudum
1349 3980 1390 4041 ad
1406 3982 1563 4058 populum
1576 3983 1760 4044 Romanum
1772 3982 1921 4043 clerum-

1128 4092 1190 4152 que
1199 4076 1442 4138 declamaverat
1451 4079 1630 4139 Honorius.
1643 4080 1754 4156 Stylus
1763 4080 1836 4140 erat
1846 4094 1926 4141 acer

1129 4175 1161 4234 et
1174 4173 1319 4249 vividus3
1337 4177 1532 4237 Sermonum
1558 4174 1715 4236 volumen
1736 4175 1834 4238 molis
1858 4193 1925 4237 non

1128 4271 1923 4348 exiguaehtquihaecomniasacrisconcionibus,

1128 4383 1209 4444 quas
1222 4368 1326 4429 codex
1334 4369 1544 4430 sessorianus
1556 4369 1785 4447 complectitur
1798 4370 1930 4446 plenis-

1035 4519 1039 4530 .
1128 4464 1211 4526 sime
1237 4465 1449 4538 conveniunt,
1471 4468 1507 4528 ut
1529 4467 1599 4528 tum
1618 4482 1662 4528 ex
1686 4465 1829 4528 lectione
1852 4467 1932 4544 ipsa

315 4580 477 4654 Quoniam
498 4596 578 4642 vero
607 4579 766 4642 oldoinus
789 4581 822 4641 et
842 4580 1029 4642 leudoricus
1053 4597 1073 4643 a

276 4681 309 4740 S.
338 4677 461 4740 Jacobo
488 4678 641 4754 superius
664 4676 801 4748 laudati,
827 4677 951 4755 aliique
978 4694 1072 4740 com-

275 4776 460 4837 memorant
473 4775 558 4836 alios
570 4776 745 4835 Sermones
754 4773 795 4835 ab
811 4775 959 4836 Honorio
975 4792 1074 4837 cous-

275 4875 398 4951 criplos
425 4874 458 4934 et
484 4874 517 4933 S.
545 4872 717 4933 Dominico
748 4875 916 4934 Guzmano
945 4873 1072 4935 ordinis

275 4970 536 5033 Praedicatorum
586 4968 772 5031 institutori
818 4969 959 5043 dicatos,
995 4971 1072 5032 hine

274 5068 357 5130 mihi
381 5066 516 5129 dubium
538 5066 718 5138 subortum,
747 5069 860 5128 utrum
887 5068 942 5130 isti
971 5068 1072 5130 iidem

275 5168 395 5238 essent,
412 5164 582 5238 cumillis,
600 5181 683 5244 quos
705 5165 899 5227 Cistercium
923 5167 1069 5240 miserat,

1128 4578 1241 4624 earum
1267 4562 1408 4648 lectores
1433 4563 1531 4625 facile
1558 4563 1772 4641 perspicient,
1793 4566 1863 4626 tum
1885 4581 1934 4626 ex

1128 4661 1180 4730 iis,
1198 4676 1270 4738 quae
1288 4651 1329 4722 de
1352 4661 1424 4738 ipso
1448 4661 1567 4723 Codice
1592 4662 1625 4723 et
1643 4661 1683 4722 de
1711 4662 1930 4725 sermonibus

1127 4757 1182 4819 hic
1197 4757 1348 4835 subjicio,
1366 4757 1553 4821 luculenter
1567 4759 1702 4836 patebit.

1261 5035 1369 5095 111.-
1381 5037 1430 5096 De
1446 5037 1566 5096 Codice
1584 5039 1791 5098 sessoriano.

274 5279 317 5326 an
332 5279 411 5324 vero
424 5263 558 5325 diversi.
577 5262 767 5338 Hosigitur
788 5262 845 5322 diu
869 5263 1072 5341 multumque
1168 5266 1282 5342 ltaque
1290 5264 1400 5326 Codex
1411 5265 1622 5327 sessorianus
1631 5269 1828 5339 nnmeroLl,
1838 5270 1936 5331 exte-

231 5392 235 5402 ·
275 5359 472 5437 conquisivi,
496 5359 553 5420 sed
576 5359 695 5420 nullibi
714 5361 863 5437 reperire
898 5363 992 5438 potui
1018 5378 1073 5423 ne·
1128 5364 1197 5425 rius
1224 5363 1408 5437 distinctae,
1426 5363 1698 5425 membranaceus
1720 5367 1780 5437 est,
1810 5365 1934 5432 formae

274 5473 338 5536 que
366 5456 472 5519 editos
495 5473 602 5534 neque
628 5455 781 5519 ineditos.
814 5457 920 5520 Miror
948 5459 1072 5520 nullam
1127 5461 1297 5536 quadratae
1312 5460 1474 5538 oblongae,
1487 5461 1673 5523 altitudinis
1684 5464 1767 5536 0,29,
1780 5463 1936 5528 latitudi-

274 5571 389 5617 eorum
405 5553 478 5615 tleri
493 5555 695 5616 mentionem
710 5554 798 5632 apud
814 5557 999 5632 Maurique,
1016 5557 1072 5634 qui
1127 5557 1179 5616 nis
1193 5559 1276 5631 0‚20.
1291 5559 1384 5620 Folia
1407 5558 1508 5621 habet
1529 5561 1677 5622 trecenta
1701 5559 1839 5636 triginta
1863 5579 1937 5624 no-

275 5652 426 5714 sanctum
449 5651 668 5724 Dominicum,
698 5653 810 5729 utpote
843 5653 1073 5716 cisterciensi·
1127 5671 1211 5729 vem,
1238 5657 1437 5718 nitidissimo
1466 5656 1661 5718 charactere
1690 5658 1839 5730 exarato,
1868 5664 1935 5736 qui

274 5750 336 5814 bns
351 5749 600 5823 amicissimum,
617 5750 713 5813 modo
728 5749 850 5824 oblata,
862 5752 958 5814 modo
972 5753 1070 5816 etiam
1128 5753 1156 5813 si
1176 5770 1239 5831 quo
1257 5754 1293 5815 in
1315 5754 1389 5818 loco
1413 5753 1624 5833 aliquatenus
1646 5756 1839 5829 evanuerat,
1867 5757 1938 5821 ite-
