4200 6394
316 291 375 354 ἰαὶ
782 282 960 366 ῌΟΝΟΒΙΙ
981 283 1027 345 111
1048 282 1198 369 OPEM·
1214 311 1252 326 ·-
1269 279 1504 344 SERMONES.
1821 303 1823 314 ’
1910 283 1984 348 los

316 447 669 525 vadonaatoonttnua
678 445 841 512 castitatis
849 443 1115 508 conservatione.
1172 441 1304 522 quando
1328 458 1426 508 nemo
1449 441 1572 521 poterit
1590 441 1735 522 operari.
1764 443 1984 522 operemini,

317 531 355 617 iu
390 549 677 626 eleemosynarum
703 543 898 623 largitione,
920 542 999 622 quia
1028 541 1117 604 oculi
1172 541 1250 620 quia
1263 556 1364 620 opera
1380 541 1512 604 illorum
1529 543 1713 620 sequuntur
1729 539 1817 604 illos.
1834 541 1884 604 Ad
1901 542 1984 605 baec

317 651 389 727 ejus
405 647 446 712 in
462 661 642 726 pauperem
663 641 898 722 respiciebant,
919 657 981 704 nec
1002 641 1117 704 oculos
1172 641 1237 702 duo
1250 641 1361 718 posuit
1374 639 1535 703 Dominus
1550 655 1610 701 vos
1631 640 1797 713 custodes,
1818 641 1861 702 ad
1883 641 1984 718 vigi-

317 761 395 812 suos
416 743 663 811 transvertebat
686 758 710 804 a
732 755 890 820 paupere.
918 738 981 801 sed
1006 737 1117 801 sciens
1172 739 1307 802 landum
1327 739 1361 802 et
1373 739 1414 800 ad
1437 738 1784 818 circumspiciendum.
1799 741 1852 801 Ab
1876 741 1984 817 otgi-

316 845 417 909 etiam
435 843 522 921 quod
542 841 724 906 foeneratur
746 838 887 902 Domino
901 837 959 916 qui
974 837 1116 900 misere·
1171 841 1324 910 modum,
1340 836 1522 900 secundum
1538 837 1623 914 quod
1636 836 1710 914 ipse
1724 837 1980 915 aitnpostons:

315 944 371 1005 tur
391 941 542 1020 pauperi,
559 955 694 1005 manum
716 953 811 1000 suam
833 935 965 1014 aperuit
978 935 1070 1014 inopi
1085 937 1119 997 et
1178 936 1321 1013 i'tgttate
1334 936 1369 999 ct
1391 936 1491 999 orote
1507 935 1548 998 ut
1566 950 1636 998 oon
1647 936 1789 999 intretis
1801 940 1840 998 in
1852 937 1980 1000 tarita-

317 1041 445 1122 palmas
474 1055 552 1102 suas
575 1037 724 1101 extendit
748 1032 791 1098 ad
814 1050 1007 1114 pauperem.
1033 1033 1117 1106 Quna
1173 1033 1302 1096 tionem
1315 1032 1433 1114 (Marc.
1456 1049 1530 1108 nv,
1544 1031 1611 1115 38).
1626 1035 1679 1096 Ad
1689 1037 1982 1109 circumspicien-

316 1138 473 1202 nouerat
492 1135 673 1216 pauperia
690 1133 761 1198 tota
775 1131 857 1196 urbe
875 1132 1015 1213 quinon
1029 1132 1118 1194 esset
1172 1135 1270 1205 dum,
1298 1133 1481 1195 secundum
1510 1131 1598 1211 quod
1631 1131 1728 1194 nobis
1762 1132 1911 1210 loquitur
1936 1133 1979 1196 in

318 1236 462 1314 scriptus
481 1234 516 1297 in
537 1232 727 1304 matricula,
748 1231 836 1294 sicut
853 1229 977 1308 legitur
999 1229 1035 1292 in
1050 1231 1117 1292 Lo-
1172 1230 1345 1293 lizecbiele
1361 1251 1369 1292 ι
1385 1234 1453 1294 litii
1475 1233 1636 1304 bominis,
1658 1231 1912 1306 specadatorem
1939 1232 1979 1294 te

315 1334 436 1412 ganda.
466 1335 503 1396 In
526 1331 739 1397 abstinentiae
767 1327 1011 1402 observatione,
1040 1327 1118 1407 quia
1172 1331 1250 1399 dedi
1269 1332 1386 1393 domui
1409 1332 1523 1392 lsrael
1551 1327 1856 1409 (Ezeob.1n,17).
1883 1331 1979 1408 Ergo

316 1446 499 1494 conversus
510 1430 562 1492 est
573 1430 615 1491 ad
630 1431 736 1490 Deum
748 1427 783 1490 in
797 1426 866 1490 toto
881 1426 981 1488 corde
995 1441 1068 1488 suo.
1080 1427 1117 1487 In
1173 1425 1202 1488 si
1217 1428 1369 1490 custodes
1379 1427 1472 1500 estis,
1494 1427 1631 1504 vigilate
1656 1427 1690 1489 et
1712 1427 1975 1506 circumspicite.

313 1527 453 1608 jejuniis
459 1528 585 1604 multis,
601 1526 635 1588 in
649 1525 776 1603 vigiliis
788 1526 821 1589 et
831 1525 868 1588 in
878 1524 1041 1587 charitate
1051 1540 1117 1586 non
1173 1526 1247 1589 Non
1260 1526 1349 1588 enim
1362 1525 1474 1604 posuit
1486 1541 1546 1588 vos
1561 1526 1720 1588 Dominus
1735 1527 1773 1589 ut
1783 1525 1975 1600 dormiatis,

317 1627 407 1690 licta.
426 1629 466 1690 ln
488 1625 645 1691 continua
665 1623 919 1687 conservatione
941 1622 1116 1693 castitatis,
1173 1624 1230 1688 sed
1258 1625 1294 1688 ut
1311 1623 1469 1701 vigiletis.
1495 1625 1570 1686 Non
1594 1623 1631 1688 ut
1652 1624 1764 1689 stolidi
1792 1625 1974 1698 maneatis,

318 1725 395 1804 quia
409 1723 557 1789 accinxit
573 1721 767 1786 tortitudine
781 1719 913 1783 lumbos
924 1736 1005 1782 suos
1018 1736 1118 1782 assu·
1173 1722 1230 1786 sed
1245 1723 1282 1786 ut
1295 1721 1427 1801 providi
1441 1721 1730 1802 circumspiciaiis.
1748 1724 1824 1785 Non
1836 1724 1873 1786 ut
1886 1721 1975 1786 dor-

317 1838 411 1905 mens
430 1837 549 1900 zonam
562 1819 736 1900 pelliceam
751 1820 785 1881 et
796 1816 966 1895 cingulum
981 1817 1119 1880 castita-
1172 1821 1295 1895 mistis,
1309 1820 1387 1899 guia
1403 1821 1460 1899 qui
1476 1820 1657 1892 dormiunt,
1672 1822 1771 1885 nocte
1787 1821 1974 1895 dormiunt,

316 1919 361 1984 tis
391 1919 432 1982 de
464 1917 607 1990 renibus
631 1917 713 1982 bitiae
748 1917 782 1979 et
815 1914 949 1978 lumbis
964 1915 1116 1980 ioannis.
1172 1919 1276 1996 etqui
1295 1917 1380 1980 ebrii
1405 1917 1496 1992 sunt,
1520 1919 1616 1980 nocte
1636 1917 1720 1994 ebrii
1749 1919 1844 1995 sunt3
1860 1918 1919 1982 sed
1935 1920 1976 1980 ut

317 2016 462 2080 bumbos
476 2015 673 2096 praecinctos
693 2013 810 2078 habuit
828 2013 919 2076 Elias
931 2013 971 2076 de
986 2029 1052 2092 quo
1066 2014 1118 2075 les
1171 2015 1333 2093 vigiletis,
1347 2015 1426 2094 quia
1441 2016 1498 2095 gui
1514 2033 1610 2079 mane
1624 2015 1839 2095 vigilaverint
1852 2016 1893 2079 ad
1908 2033 1973 2078 se-

317 2115 408 2194 gitur
426 2115 465 2176 in
483 2113 629 2191 Regibus
646 2134 654 2175 a
669 2116 737 2176 ¹Vir
752 2115 885 2188 edomas
906 2112 958 2175 cst
975 2112 1010 2174 et
1029 2125 1118 2176 zona
1172 2114 1343 2192 pientiam,
1360 2113 1532 2178 invenient
1552 2115 1657 2176 illam.

315 2217 455 2294 peueeo
466 2213 639 2276 accinctus
652 2212 793 2274 renibus
807 2208 866 2291 (lv
879 2211 960 2286 Reg.
974 2225 998 2282 1,
1013 2208 1060 2289 8).
1212 2212 1367 2290 Legimus
1398 2211 1485 2292 quod
1520 2214 1667 2276 ioannes
1699 2213 1828 2276 audivit
1853 2229 1973 2277 rocem

359 2310 568 2376 Praecinctos.
580 2307 711 2380 lumbos
731 2307 848 2370 babuit
867 2309 1014 2372 ioannes
1030 2310 1119 2386 Bap-
1172 2309 1272 2371 unius
1293 2310 1415 2389 apulae
1434 2309 1583 2374 volantis
1602 2327 1663 2389 per
1683 2311 1828 2373 medium
1849 2312 1971 2375 'coelum

318 2410 410 2484 tista,
425 2408 466 2471 de
481 2424 547 2487 quo
559 2406 683 2484 legitur
699 2405 785 2484 quod
800 2405 875 2468 erat
887 2405 1026 2470 vestitus
1040 2405 1117 2483 pilis
1172 2408 1205 2470 et
1223 2407 1363 2471 dicentis
1383 2429 1392 2470 ε
1422 2411 1490 2481 Vos,
1511 2423 1579 2484 occ,
1604 2424 1659 2471 ote
1680 2410 1913 2474 babitantibus
1932 2415 1971 2474 ta

318 2507 536 2581 camelorum,
563 2506 596 2568 et
618 2519 702 2568 zona
723 2503 865 2581 pellicea
883 2503 972 2566 circa
988 2502 1116 2565 lumbos
1172 2507 1271 2570 terra
1289 2504 1407 2586 (Apoc.
1427 2509 1589 2590 v111,i3),
1613 2507 1711 2586 quasi
1738 2507 1889 2572 diceret:
1909 2511 1969 2572 Vae

319 2622 409 2680 suos,
426 2601 835 2690 etloannesiivangelista
850 2617 946 2679 quem
957 2602 1116 2664 Domirum
1171 2604 1318 2683 praelatis
1342 2603 1588 2682 negligentibus
1616 2606 1652 2667 in
1672 2606 1775 2669 terna.
1802 2609 1861 2668 Vae
1886 2623 1968 2670 suc-

319 2703 487 2770 voieniem
505 2700 632 2765 nubere
647 2715 667 2762 a
685 2699 811 2778 nuptiis
825 2699 1009 2776 revocavit3
1027 2701 1117 2762 Pau·
1171 2702 1359 2766 cessoribus
1372 2703 1616 2781 Apostolorum,
1636 2704 1665 2765 si
1677 2705 1877 2768 mercenarii
1891 2707 1970 2768 sunt

319 2802 372 2865 lus
390 2816 533 2881 -quoque
557 2799 616 2878 qui
641 2797 682 2860 de
711 2813 773 2860 sua
803 2797 998 2875 virginitate
1031 2797 1079 2860 ait
1106 2818 1115 2858 a
1171 2800 1313 2865 dicendi.
1329 2802 1387 2864 vae
1397 2801 1586 2880 pastoribus
1600 2802 1724 2872 ovium,
1741 2802 1771 2864 si
1791 2803 1880 2866 inter
1897 2804 1971 2866 bae·

316 2905 402 2986 ‚Veto
420 2898 713 2976 mnttesbomtoes
726 2909 802 2957 esse
819 2894 910 2958 sicut
929 2897 1117 2969 meipsam
1171 2898 1230 2962 dos
1243 2899 1528 2962 sunt-collocandi.
1543 2902 1602 2964 Vae
1626 2901 1683 2979 qui
1702 2900 1870 2980 sapientes
1891 2905 1969 2964 sum

321 2997 350 3080 (1
365 3000 439 3059 Cor.
460 3011 520 3068 vn,
548 2991 595 3075 7).
620 2993 822 3056 Praecinctos
847 2992 979 3056 sortiter
1001 2991 1117 3054 babuit
1171 2997 1326 3061 inoculis
1339 2997 1422 3072 suis,
1437 2997 1472 3060 et
1486 3013 1599 3062 coram
1620 2999 1811 3078 semetipsis
1819 2999 1968 3078 pruden-

181 3124 183 3130 ·
315 3098 392 3176 ipsa
406 3099 560 3158 Susanna
575 3107 649 3170 quae
663 3090 765 3168 elegit
788 3090 899 3168 potius
918 3090 1067 3152 incidere
1080 3090 1116 3152 in
1170 3096 1232 3168 tes,
1249 3096 1278 3157 si
1307 3111 1367 3172 per
1392 3095 1593 3174 sapientiam
1615 3095 1715 3177 biu'us
1742 3097 1857 3160 mundi
1880 3098 1967 3175 apud
2089 3143 2090 3158 2

318 3211 438 3260 manus
462 3191 646 3260 bominum,
663 3205 763 3269 quam
787 3203 928 3267 peccare
952 3186 987 3250 in
1012 3190 1116 3250 Deum
1171 3196 1275 3255 Deum
1296 3193 1390 3255 stulti
1408 3195 1486 3257 sunt
1509 3193 1698 3272 reputandi.
1713 3197 1770 3258 Voe
1792 3195 1849 3275 qui
1866 3195 1970 3274 justi-
2089 3181 2090 3185 ’

318 3310 427 3358 suum.
462 3291 506 3354 lli
528 3289 637 3367 motus
670 3288 748 3350 sunt
775 3286 918 3364 populus
943 3284 1117 3349 Jebusaeo-
1171 3291 1272 3354 licant
1285 3291 1423 3369 impium
1449 3307 1509 3370 pro
1535 3292 1728 3355 muneribus
1752 3294 1787 3357 et
1802 3293 1966 3372 justitiam

317 3409 404 3466 gum,
416 3405 499 3470 quos
511 3386 627 3462 David,
641 3385 741 3448 etiam
753 3384 1036 3460 civitatedevicta,
1048 3401 1115 3446 non
1167 3391 1250 3470 justi
1265 3389 1421 3453 auferunt
1442 3390 1483 3452 ab
1498 3406 1550 3465 eo,
1578 3392 1619 3465 si,
1641 3391 1727 3454 sicut
1750 3392 1889 3455 devorat
1907 3394 1969 3456 sti·
2088 3389 2089 3402 ³

317 3473 425 3571 potuit
438 3488 479 3550 de
494 3486 565 3564 ipsa
581 3483 761 3562 expellere.
788 3483 926 3561 Semper
939 3481 1029 3544 enim
1053 3483 1115 3545 Je-
1169 3488 1382 3566 pulamignis
1394 3489 1429 3551 et
1448 3488 1541 3552 calor
1555 3489 1697 3552 flammae
1714 3491 1967 3566 exuritaeterno

316 3589 452 3651 busaeus
465 3583 594 3650 habitat
613 3582 649 3646 in
669 3581 761 3643 terra
782 3581 910 3652 nostra,
928 3596 1002 3660 quaa
1019 3579 1114 3642 nobis
1169 3585 1248 3663 igne
1260 3586 1337 3649 sunt
1351 3585 1578 3648 comburendi.

316 3687 432 3766 spinas
455 3686 489 3745 et
510 3680 651 3746 tribulos
677 3695 744 3742 non
769 3677 892 3742 desinit
914 3678 1112 3756 germinare.
1210 3685 1350 3760 Magnus
1372 3683 1563 3761 suffragio,
1579 3683 1658 3763 quia
1681 3699 1741 3762 per
1765 3685 1964 3748 sacrificium

315 3787 358 3850 Et
371 3785 446 3847 ideo
463 3781 549 3842 bene
574 3777 698 3840 dictum
713 3776 785 3838 est:
801 3777 932 3840 Beatus
945 3779 1004 3852 aut
1018 3777 1116 3840 teoe-
1168 3778 1257 3844 beati
1273 3780 1425 3843 silvestri
1438 3781 1471 3842 et
1482 3781 1652 3844 orationes
1668 3799 1751 3862 quas
1765 3780 1885 3846 obtulit
1899 3787 1965 3846 Deo
2086 3825 2087 3846 .

317 3884 364 3947 llil
379 3882 413 3944 el
427 3878 541 3944 edicet
552 3877 641 3948 fitiOS
654 3887 736 3936 tulit
749 3875 794 3936 ad
805 3875 946 3949 vetram
959 3873 1029 3954 (Ps.
1042 3877 1113 3949 136,
1168 3894 1229 3958 pro
1244 3878 1394 3942 Ecclesia
1407 3879 1442 3941 et
1455 3878 1578 3957 populo
1598 3878 1664 3941 sibi
1686 3880 1863 3944 commisso
1886 3881 1965 3944 bea-

314 3979 363 4062 9).
378 3979 418 4040 m
431 3977 509 4058 qiua
524 3989 591 4036 non
604 3971 728 4034 sulticit
743 3969 871 4032 lumbos
886 3970 1010 4033 babere
1023 3986 1114 4048 prae·
1170 3977 1308 4038 titicavit
1322 3976 1417 4038 iilum
1431 3978 1530 4038 Deus.
1554 3976 1647 4040 Unde
1661 3977 1696 4039 in
1721 3978 1807 4042 libro
1820 3977 1962 4058 Sapien.

317 4079 456 4147 cinctos,
483 4073 550 4136 nisi
575 4070 609 4134 et
630 4069 777 4146 lucernae
802 4083 941 4144 operum
966 4084 1115 4131 acoensae
1169 4073 1225 4136 tiae
1251 4095 1259 4134 ι
1285 4077 1364 4136 Νοη
1390 4074 1442 4138 est
1478 4075 1641 4136 trecentus
1675 4079 1801 4140 similas
1833 4079 1882 4139 itti
1908 4079 1964 4152 gui

316 4163 506 4243 habeantur
519 4171 554 4232 in
568 4166 733 4240 manibus,
750 4164 965 4230 sicdebomus
978 4181 1115 4244 operum
1169 4172 1393 4235 conservaret
1424 4177 1532 4249 legem
1557 4175 1697 4237 secent
1726 4173 1962 4255 (ibelinus,
2084 4247 2085 4256 ¹

316 4274 507 4358 nostrorum
527 4269 684 4331 lucernas
710 4262 904 4338 accendere,
927 4265 963 4328 ut
985 4281 1115 4343 nequa·
1168 4267 1236 4350 20).
1253 4267 1460 4332 Sacrificium
1480 4270 1629 4333 nostrum
1649 4272 1700 4334 est
1715 4272 1827 4336 anima
1852 4274 1962 4337 nostra

317 4388 418 4453 (luam
437 4385 494 4434 0³⁸
518 4379 680 4448 P01¹affl1¹⁵
704 4361 765 4424 sub
791 4360 913 4436 modio,
940 4362 998 4425 sed
1015 4379 1116 4442 super
1170 4367 1313 4430 contrita
1328 4383 1428 4445 quam
1447 4365 1604 4430 debemus
1619 4357 1750 4448 semper
1763 4369 1799 4432 in
1814 4371 1963 4434 manibus

317 4465 567 4536 candelabrum,
580 4462 616 4526 11²
628 4460 764 4539 8ἱοῑέΗο
779 4459 1113 4536 chatiittiflardtanb
1170 4465 1305 4539 habere,
1322 4468 1355 4527 et
1371 4465 1617 4529 immaculatam
1629 4469 1697 4530 lieo
1716 4468 1850 4538 offerre.
1872 4469 1962 4532 Unde

317 4571 355 4631 ut
379 4580 481 4646 opera
509 4562 624 4626 nostra
644 4559 779 4624 luceant
808 4558 961 4622 omnibus
987 4559 1045 4639 qui
1079 4561 1114 4623 in
1169 4564 1204 4625 in
1226 4564 1516 4643 psalmozaatmc
1540 4579 1619 4628 meo
1645 4568 1683 4628 tn
1701 4569 1860 4630 menibus
1879 4571 1962 4630 meis
2083 4629 2084 4650 ἶ

317 4662 516 4729 domosunt
1168 4677 1308 4739 semper
1319 4659 1470 4741 (Ps.118,
1483 4660 1567 4743 109).
1583 4663 1757 4726 Etiterum
1770 4665 1806 4727 in
1819 4665 1961 4744 psalmo:
2083 4651 2084 4676 ¹

359 4766 384 4825 0
410 4761 561 4840 pastores
583 4755 706 4832 ovium,
734 4753 931 4832 operemini,
950 4755 1029 4834 quia
1054 4772 1114 4820 re-
1169 4761 1387 4836 Sacrificium
1418 4763 1489 4824 Deo
1525 4761 1672 4836 spiritus
1700 4763 1960 4836 contemnatis,

317 4877 420 4941 gnum
430 4857 491 4922 Dei
501 4871 568 4918 non
576 4854 671 4918 estin
687 4868 853 4925 sermone,
869 4851 926 4914 sed
942 4853 978 4914 in
992 4854 1115 4918 virtute
1169 4873 1230 4921 cor
1250 4859 1439 4921 contritum
1464 4860 1499 4922 et
1523 4861 1754 4935 stimulatum,
1769 4865 1876 4936 Deus,
1897 4879 1961 4925 raon
2082 4889 2083 4904 2

317 4975 466 5042 operum.
483 4951 683 5036 Operemini,
696 4949 774 5030 quia
784 4966 900 5014 omnes
913 4949 1115 5028 adstabimus
1169 4959 1335 5030 despicies
1350 4953 1420 5037 (Pa.
1438 4957 1488 5030 50,
1511 4954 1574 5037 18).
1592 4958 1747 5036 Legimus
1763 4959 1865 5022 etiam
1880 4960 1960 5040 quod

318 5061 395 5124 ante
409 5052 558 5130 tribunal
573 5049 707 5124 Christi,
722 5049 759 5112 ut
772 5048 914 5127 recipiat
935 5051 1117 5129 unusquis·
1169 5053 1236 5115 tria
1258 5054 1336 5114 sunt
1357 5067 1481 5129 genera
1505 5053 1728 5119 sacrificandi.
1749 5056 1890 5128 Quidam
1911 5071 1962 5119 sa-
2081 5079 2082 5084 ¹

318 5173 382 5240 §1110
408 5152 589 5233 Secundum
616 5164 712 5213 illum
736 5146 895 5209 laborem.
912 5149 1114 5226 Operemini,
1170 5149 1369 5214 criticantin
1386 5165 1497 5226 carne,
1510 5152 1644 5230 quidam
1657 5152 1692 5214 in
1710 5153 1821 5228 corde,
1833 5155 1960 5234 quidam
2081 5141 2082 5208 l

319 5257 397 5338 quia
410 5255 448 5316 in
461 5251 550 5316 labio
560 5263 655 5312 aeneo
665 5245 761 5308 erant
776 5245 911 5323 specula
926 5246 1113 5322 mulierum,
1169 5249 1205 5310 in
1226 5263 1338 5327 opere.
1357 5246 1409 5309 llli
1429 5249 1622 5312 sacrificant
1633 5250 1669 5312 in
1689 5266 1790 5313 carne
1812 5253 1869 5330 qui
1884 5269 1961 5331 quo-
2081 5249 2082 5282 l

318 5357 352 5417 et
363 5345 401 5415 in'
410 5351 500 5414 labio
515 5343 745 5426 praedicatoris
759 5341 857 5405 debet
873 5359 948 5406 esse
959 5344 1117 5424 splendor
1169 5346 1251 5411 tidie
1280 5344 1491 5426 crucifigunt,
1510 5363 1650 5425 corpora
1682 5365 1742 5410 sua
1770 5367 1846 5412 cum
1875 5351 1961 5413 vitiis

319 5447 533 5532 operationis.
547 5440 749 5524 Operemini,
766 5440 844 5518 quia
865 5457 932 5504 non
947 5441 1115 5506 auditores
1170 5447 1203 5508 et
1228 5445 1519 5522 concupiscentiis,
1549 5445 1634 5509 sicut
1659 5445 1740 5510 dicit
1764 5449 1959 5526 Apostolus:

318 5549 416 5626 legis,
439 5544 496 5606 sed
519 5541 663 5628 si⁰t⁰f0³
678 5539 765 5619 justi
786 5539 864 5602 sunl
887 5539 974 5618 apud
998 5542 1113 5604 Deum·
1169 5562 1189 5607 ‹
1209 5544 1407 5608 Mortificate
1421 5559 1556 5608 carnem
1570 5547 1717 5611 vestram
1738 5563 1815 5610 cum
1829 5547 1918 5611 vitiis
1931 5549 1960 5612 et

319 5641 508 5730 operemini
529 5641 608 5724 dum
620 5639 701 5702 dies
719 5639 782 5712 est.
809 5637 887 5716 (luia
914 5638 1024 5706 veniet
1048 5653 1115 5704 nox
1169 5642 1488 5722 «concupiscentiis
1517 5659 1559 5708 ue
1582 5643 1770 5709 dominetur
1795 5647 1958 5726 paccatum
