4214 6400
130 271 173 332 33
767 269 997 332 EPISTOLAE.
1022 269 1099 330 LIB.
1124 269 1148 328 1.
1741 281 1780 340 34

129 433 267 493 rissimo
280 429 315 491 in
327 430 458 492 Christo
473 429 541 492 fllio
551 431 665 492 nostro
676 434 706 493 J.
721 431 793 506 regi
806 431 931 507 Anglo-
984 444 1051 490 non
1066 411 1238 500 desistant,
1254 431 1368 490 contra
1383 445 1440 492 eos
1455 433 1635 508 potentiam
1650 435 1797 498 brachii'

129 546 207 590 rum
232 528 354 590 illustri
376 527 518 591 fideliter
532 529 687 590 assistitis
710 531 743 590 et
756 530 931 605 insepara-
985 525 1145 587 secularis
1177 525 1393 602 providentiae
1419 529 1558 604 vestrae,
1587 532 1616 592 si
1645 547 1780 597 necesse

130 627 245 690 biliter
269 626 467 696 adbaeretiS,
498 627 632 702 propter
663 625 749 703 quod
782 627 929 687 divinam
985 623 1094 694 luerit,
1111 623 1294 698 inducatis3
1311 624 1593 702 etqaiabaroues
1615 629 1655 689 de
1670 631 1779 706 parti-

131 725 276 800 gratiam
300 723 333 784 et
353 721 500 784 savorem
526 723 836 800 sedisapostolicae
862 741 929 786 non
984 720 1045 780 bas
1060 721 1179 782 vestris
1194 723 1442 798 conqueruntur
1467 741 1502 785 so
1527 741 1546 786 a
1569 725 1664 787 vobis
1686 729 1718 789 et
1739 727 1779 788 ab

130 823 299 885 immerito
322 821 550 897 comparastis,
576 837 615 882 ac
636 837 757 882 nomon
782 822 928 882 vestrum
983 817 1059 878 aliis
1071 819 1221 895 personis
1232 819 1466 881 ecclesiasticis
1478 814 1780 898 quibusdam'nbvis

130 919 322 983 reddidistis
337 920 373 980 in
388 921 599 996 conspectum
618 917 788 980 hominum
804 919 930 994 glorio-
983 915 1243 993 impetitionibus
1257 916 1402 978 indebite
1423 919 1603 992 molestari,
1622 919 1781 983 fraterni-

124 1032 224 1094 ‘sum3
248 1018 361 1094 sicque
385 1033 504 1077 aarum
519 1017 596 1077 tidei
610 1018 729 1078 vestrae
745 1017 779 1078 in
794 1017 929 1078 fornace
983 1015 1043 1076 tati
1056 1016 1174 1076 vestrae
1186 1013 1379 1074 mandamus
1391 1014 1425 1076 ut
1435 1015 1476 1077 ab
1487 1017 1635 1094 ipsorum
1645 1019 1780 1082 interim

129 1115 306 1194 probatum
320 1114 444 1176 crebris
455 1115 722 1191 percussionibus
737 1117 772 1176 in
787 1113 929 1176 laminas
984 1111 1212 1174 molestatione
1226 1111 1371 1174 indebita
1384 1113 1561 1176 desistatis.
1579 1116 1697 1177 Datum
1711 1119 1779 1179 La-

130 1213 272 1276 dactiles
283 1213 333 1274 est
345 1211 551 1290 prodactam,
562 1212 599 1274 ut
608 1213 652 1273 sit
665 1213 707 1274 de
720 1211 814 1274 vobis
830 1227 930 1289 super
983 1208 1101 1281 terani,
1116 1225 1174 1270 xvi
1188 1209 1255 1270 kal.
1270 1209 1424 1282 octobris,
1440 1227 1527 1272 anno
1540 1212 1657 1288 primo.

130 1311 319 1374 constantia
332 1309 409 1370 fidei
424 1309 583 1371 memoria
605 1311 816 1387 sempiterna,
841 1311 928 1370 Sane

129 1409 284 1487 permisit
315 1408 474 1469 Dominus
509 1407 623 1487 eontra
657 1408 780 1469 dictam
817 1421 928 1482 regem

130 1505 326 1567 scandalum
338 1504 492 1576 suboriri,
505 1504 541 1565 ut
555 1505 794 1567 excludantur*
815 1505 851 1566 hi
872 1507 928 1582 qui

130 1601 262 1679 probati
275 1603 352 1662 sunt
366 1602 514 1676 argente,
532 1600 565 1661 et
585 1600 699 1664 fideles
720 1601 761 1662 ab
783 1601 930 1663 inlldeli-

129 1696 193 1756 bus
218 1698 449 1768 secernantur,
472 1695 559 1756 ethi
579 1697 677 1773 justae
701 1696 928 1758 retributionis

129 1793 315 1870 praemium,
338 1792 389 1853 illi
403 1807 482 1854 vero
497 1809 628 1869 poenam
650 1793 768 1855 debite
785 1795 930 1856 sentiant

130 1891 269 1952 ultionis
286 1887 348 1969 (α).
365 1891 543 1966 Speremus
556 1891 666 1952 autem
682 1891 722 1951 de
738 1891 929 1953 misericor-

132 1989 188 2050 dia
210 1987 407 2059 conditoris,
424 1987 510 2064 quod
531 1989 560 2048 is
582 1987 638 2065 qai
662 1989 803 2064 imperat
820 1988 928 2051 ventis

132 2087 166 2147 et
181 2084 422 2164 maritandam
442 2086 607 2162 exsurget,
623 2085 800 2148 maltorum
815 2086 927 2162 preci-

131 2183 194 2244 bus
218 2183 393 2254 excitatae,
418 2183 451 2243 et
474 2183 595 2245 stataet
613 2184 792 2260 procellam
814 2184 847 2244 in
867 2199 930 2244 aa·

132 2295 217 2354 ram,
232 2279 357 2341 taciens
376 2280 412 2340 in
431 2279 620 2357 hujusmodi
638 2281 831 2357 tempestate
846 2296 927 2358 pro-

132 2379 278 2438 ventum.
303 2379 383 2437 Cam
407 2377 496 2438 enim
520 2378 699 2454 tempestas
724 2379 788 2440 ista
814 2380 929 2440 contra
1375 2423 1385 2446 ,

131 2477 326 2536 Romamam
336 2474 518 2535 Ecclesiam
532 2475 760 2551 principaliter
773 2475 816 2538 sit
830 2491 930 2537 exor-
1319 2421 1445 2510 XMV

129 2575 176 2644 ta,
201 2571 409 2634 invalescere
430 2587 497 2633 non
521 2571 643 2649 poterit
665 2570 790 2634 diutius
813 2574 928 2634 contra
983 2609 1035 2668 Ad
1046 2607 1145 2670 what

129 2669 250 2747 ipsam,
275 2668 434 2729 adversus
458 2683 556 2745 quam
583 2685 649 2732 non
669 2670 807 2745 possunt
824 2671 928 2746 portae

129 2765 232 2826 interi
246 2766 440 2842 prevalere.

171 2863 258 2935 Quia
279 2877 370 2934 vero,
393 2863 489 2940 juxta
512 2863 737 2926 testimonium
756 2864 926 2936 Veritatis,

129 2959 422 3039 perseverantibus
443 2960 479 3021 in
503 2959 601 3021 linem
628 2976 751 3023 corona
779 2960 926 3034 debetur,
984 2934 1078 2995 [Μ’

129 3057 382 3119 universitatem
406 3058 550 3119 vestram
571 3058 752 3133 rogandam
774 3057 928 3120 duximus

131 3157 166 3217 et
183 3154 392 3226 monendam,
408 3171 468 3232 per
481 3155 670 3232 Aposqopqca
684 3155 807 3232 scripta
829 3172 928 3217 man.
984 3137 1141 3196 aeclesiam
1160 3137 1188 3195 S.
1205 3137 1302 3196 llerie
1316 3136 1352 3194 de
1367 3139 1496 3196 Flumine
1512 3137 1549 3196 de
1565 3139 1695 3198 ceccano
1710 3151 1777 3197 oum

135 3253 254 3314 dantes
269 3253 442 3330 quatenus,
454 3253 489 3312 in
500 3252 674 3314 devotione
683 3253 886 3330 SedisApost
908 3286 928 3299 -
1115 3223 1249 3282 omnibus
1261 3225 1345 3282 ΜΒ
1359 3225 1493 3282 ‘uendffln
1506 3226 1635 3300 sumiti*

128 3349 206 3411 licae
221 3350 254 3411 et
268 3349 426 3413 fidelitate
439 3350 532 3426 regia
555 3350 780 3426 persistentes,
803 3351 888 3428 quod
909 3367 929 3412 a
1023 3349 1201 3422 Honorius,
1226 3351 1307 3422 ete,
1333 3349 1462 3411 dilectis
1488 3349 1566 3411 filiis
1590 3351 1624 3412 et
1649 3351 1780 3412 clericis

128 3446 226 3509 vobis
251 3446 464 3508 laudabiliter
487 3447 631 3523 coaptum
654 3447 705 3510 est
727 3447 928 3510 laudabilius
985 3449 1114 3509 Sanctae
1131 3446 1246 3508 Mariae
1266 3446 1310 3507 de
1326 3446 1477 3508 Flumine
1495 3446 1702 3508 decaecano
1720 3463 1779 3508 sa·

128 3544 309 3621 impleatis,
321 3546 355 3606 et
369 3543 452 3606 detis
468 3544 612 3605 studium
625 3545 659 3606 et
672 3561 807 3622 operam
820 3545 930 3608 efflca-
983 3545 1095 3606 lutam.

129 3657 214 3712 cem,
231 3639 383 3703 fidelibus
403 3641 493 3718 regis
513 3641 549 3702 in
563 3643 793 3704 remissionem
809 3659 930 3720 pecca·
1021 3641 1126 3704 iustis
1143 3641 1335 3720 petentium,
1353 3641 1429 3713 etc,
1445 3657 1552 3716 usque
1569 3641 1778 3720 suscipimus.

128 3739 258 3800 minum
286 3739 513 3817 injungentes,
543 3737 580 3800 at
610 3739 674 3816 ipsi
705 3739 740 3800 in
775 3741 928 3816 Angliam
985 3739 1181 3816 specialiter
1193 3739 1304 3802 autom
1318 3739 1431 3802 Sancti
1447 3739 1605 3817 Stephani
1618 3739 1650 3802 et
1668 3739 1781 3803 Sancti

128 3837 320 3916 properent,
334 3835 441 3898 eidem
460 3836 624 3897 auxilium
638 3835 781 3899 viriliter
794 3837 927 3915 impen-
983 3837 1108 3910 Quirini
1122 3837 1280 3899 ecclesias
1294 3851 1368 3898 cam
1377 3837 1529 3898 omnibus
1539 3837 1781 3900 tenementis'et

129 3934 215 4006 suri,
235 3936 333 4011 prout
354 3933 538 3996 defensioni
560 3949 630 3994 suae
650 3933 801 3996 videritis
825 3951 929 4012 expe-
982 3933 1191 4013 pertinentiis
1208 3933 1289 4006 sais,
1310 3934 1467 3998 forestam
1484 3935 1583 4012 juxta
1603 3934 1779 3998 ecclesiam

1023 1371 1066 1428 In
1072 1371 1230 1429 eumdem
1239 1370 1314 1442 sere
1321 1372 1459 1429 anodiam
1470 1369 1636 1436 universis
1648 1371 1782 1433 baroni-

982 1465 1043 1525 bus
1067 1465 1100 1525 et
1122 1465 1274 1526 fidelibus
1300 1465 1442 1526 illustris
1466 1468 1556 1542 regis
1576 1468 1705 1545 Angliae
1721 1485 1780 1546 per

983 1563 1166 1624 Pictaviam
1182 1563 1215 1624 et
1228 1563 1442 1626 Wasconiam
1457 1563 1654 1638 constitutis,
1672 1581 1779 1640 usquc

984 1659 1152 1736 expedire.
1166 1663 1296 1722 Deuade
1309 1681 1315 1719 :
1330 1661 1369 1722 Et
1382 1660 1513 1738 quidam
1527 1677 1570 1722 ex
1579 1662 1671 1724 vobis
1684 1678 1778 1724 suam

983 1757 1024 1818 ad
1046 1771 1106 1818 nos
1126 1757 1294 1833 querelam
1312 1757 1530 1830 destinarant,
1547 1757 1633 1836 quod
1648 1762 1779 1836 praelati

983 1854 1023 1916 ‹le
1042 1853 1191 1940 partibus
1213 1854 1332 1916 vestris
1355 1855 1445 1931 ipsos
1465 1855 1661 1932 quibusdam
1684 1859 1779 1920 novis

983 1950 1243 2029 impetitionibus
1257 1952 1433 2013 molestare
1446 1952 1607 2026 nituntur,
1620 1955 1779 2017 noveritis

983 2065 1043 2110 nos
1058 2049 1139 2126 ipsis
1155 2049 1278 2110 nostris
1291 2049 1422 2111 dedisse
1435 2049 1554 2111 litteris
1567 2051 1601 2111 in
1615 2052 1780 2115 mandatis

984 2147 1019 2207 at
1035 2146 1076 2207 ab
1094 2147 1241 2223 ipsorum
1264 2146 1396 2208 interim
1419 2147 1650 2210 molestatione
1668 2149 1778 2211 desis-

983 2245 1065 2305 tant.
1339 2231 1348 2248 ⁰

1146 2623 1202 2668 em
1224 2609 1257 2669 et
1278 2609 1418 2670 elericos
1438 2609 1575 2669 Suiictoe
1595 2612 1722 2671 Marica
1739 2613 1779 2670 dc

1189 2707 1569 2768 ltumiaedececoono.

1279 2819 1313 2876 te
1328 2826 1400 2892 sept.
1419 2819 1499 2876 lale.

1097 2933 1210 2984 Annales
1222 2933 1395 2984 Ceccanensos.
1414 2935 1579 2986 lllonaments
1594 2935 1651 2986 Ger.
1666 2933 1779 2986 historia

1266 3019 1284 3063 t.
1298 3013 1365 3073 XIX,
1377 3029 1402 3080 p.
1413 3013 1481 3076 aot]

129 4033 231 4106 dire3
256 4031 370 4094 contra
403 4047 501 4110 quem
526 4032 561 4092 et
590 4045 668 4092 suos
695 4031 725 4092 si
752 4032 808 4109 qai
834 4047 927 4098 arma
984 4033 1095 4095 Sancti
1109 4031 1268 4110 stephani
1278 4032 1312 4093 et
1322 4031 1364 4094 de
1378 4031 1485 4110 capite
1495 4033 1604 4110 pontis
1615 4033 1655 4094 de
1668 4033 1775 4110 prato,

128 4144 265 4192 movere
283 4129 555 4206 praesumpserint
573 4129 608 4189 in
629 4129 779 4206 partibus
801 4130 926 4192 cisma-
982 4131 1015 4191 et
1027 4129 1178 4191 detineis
1193 4128 1393 4202 molendina,
1405 4131 1532 4201 vineas,
1544 4129 1681 4201 reditus,
1694 4129 1780 4190 deci-

126 4226 236 4298 rinis,
264 4243 338 4288 cum
370 4227 485 4287 sancta
517 4225 699 4287 universali
727 4227 853 4304 synodo
884 4227 928 4289 sit
981 4242 1063 4298 maa,
1081 4225 1274 4297 oblationes,
1291 4225 1454 4297 homines,
1470 4225 1597 4297 hortos,
1618 4225 1780 4286 cannabi-

126 4323 289 4386 statatam
303 4325 340 4386 ut
353 4323 388 4385 in
405 4323 473 4385 toto
488 4323 566 4385 orbe
590 4323 784 4393 christiano,
810 4325 927 4386 saltem
982 4339 1053 4395 nas,
1068 4323 1101 4384 et
1112 4322 1340 4400 possessiones
1355 4320 1440 4382 alias
1454 4321 1496 4382 ad
1510 4323 1654 4382 vestram
1670 4321 1778 4383 eccle-

125 4435 190 4499 per
211 4421 476 4498 quadriennium,
498 4437 564 4498 pax
584 4421 786 4498 generaliter
808 4421 925 4482 obser·
983 4419 1066 4480 siam
1084 4419 1298 4496 pertinentes
1322 4419 1408 4480 sicut
1433 4435 1473 4479 ea
1496 4418 1608 4479 omnia
1629 4419 1720 4496 juste
1741 4432 1781 4482 ac

125 4518 235 4578 vetar.
260 4517 295 4578 Si
316 4517 433 4578 moniti
454 4533 514 4594 per
527 4533 587 4579 vos
603 4517 643 4578 ad
659 4533 774 4594 paoem
795 4517 927 4594 plenam
981 4517 1119 4594 pacifice
1142 4515 1328 4594 possidetis,
1349 4513 1443 4577 vobis
1466 4516 1498 4577 et
1517 4531 1575 4592 per
1596 4533 1654 4580 vos
1672 4517 1778 4578 eidem

126 4615 188 4678 aut
213 4613 342 4675 firmam
367 4616 518 4690 treugam
542 4614 781 4677 inviolabiliter
807 4615 925 4677 obser·
982 4615 1132 4676 ecclesiae
1161 4613 1357 4675 auctoritate
1382 4611 1572 4690 Apostolica
1597 4615 1778 4676 confirma-

126 4712 271 4774 vandam
301 4713 514 4790 acquiescere
543 4713 627 4774 torte
655 4713 924 4789 contempserint,
982 4729 1064 4784 mue,
1078 4713 1110 4774 et
1123 4713 1297 4790 praesentis
1308 4711 1424 4789 scripti
1439 4711 1623 4789 patrocinio
1636 4727 1780 4774 comma·

125 4827 190 4889 per
204 4809 580 4872 excommunicationem
595 4811 630 4870 in
644 4827 805 4887 personas
822 4813 855 4872 et
869 4813 925 4871 in·
982 4811 1102 4872 nimus.
1128 4809 1312 4871 Libertates
1341 4825 1471 4886 quoque
1492 4809 1525 4871 et
1552 4809 1778 4873 immanitates

127 4908 306 4971 terdictum
315 4908 464 4968 interrae
473 4907 657 4968 arctissime
668 4908 924 4986 compellantur;
981 4923 1110 4970 necnon
1125 4909 1158 4968 et
1172 4906 1398 4983 exemptiones
1412 4905 1611 4986 secularium
1629 4908 1779 4970 exactio-

127 5005 201 5068 etsi
216 5021 391 5066 censuram
407 5005 666 5066 ecclesiasticam
678 5005 924 5084 vilipenderint,
982 5021 1060 5065 uum
1083 5019 1103 5064 a
1125 5003 1245 5064 dilecto
1265 5001 1332 5063 tllio
1350 5001 1454 5063 nobili
1474 5002 1547 5062 viro
1563 5002 1714 5064 Johanne
1736 5003 1778 5064 de

127 5103 294 5166 cumtales
301 5103 367 5164 sint
375 5101 620 5180 perturbatores
629 5103 753 5178 negotii
762 5103 924 5176 crucifixi,
982 5106 1129 5163 Ceo-cano
1144 5101 1212 5161 tam
1228 5100 1280 5176 pie
1295 5091 1393 5178 qaa'm
1409 5097 1655 5176 provide-vobis
1672 5100 1705 5160 et
1721 5115 1778 5161 ec-

127 5202 185 5280 qui
193 5199 368 5279 praelatam
376 5215 592 5276 regemcruce
599 5197 763 5276 signatum
772 5202 926 5280 persequi
981 5199 1093 5260 clesiae
1105 5197 1224 5289 vestrae
1239 5211 1427 5268 concessae,
1438 5195 1526 5257 sicut
1538 5195 1572 5256 in
1585 5197 1776 5259 authentico

164 5387 206 5457 Ἰ.
221 5385 431 5444 examinentur.
981 5380 1115 5458 Angliam
1126 5381 1272 5456 premisit,
1285 5395 1384 5438 meuse
1397 5379 1561 5452 septembri,
1573 5385 1672 5451 septem
1682 5382 1777 5438 millia

164 5455 208 5530 (α)
230 5457 314 5514 Anno
341 5457 420 5524 lali,
446 5453 601 5514 baronibus
622 5451 760 5512 adversus
785 5455 927 5514 loannem
981 5453 1261 5526 bellatorumiaqait
1275 5449 1411 5510 fladullas
1430 5449 1680 5526 coggeshalcnsis,
1698 5459 1777 5511 tomo

126 5527 243 5600 Angliae
266 5541 366 5600 regem
389 5529 483 5584 acrias
503 5525 719 5593 rebellantibus,
735 5533 764 5584 et
784 5527 838 5584 icto
860 5541 926 5584 cum
981 5535 1078 5586 nostro
1090 5525 1194 5594 XVllI,
1208 5539 1281 5598 pag.
1292 5523 1353 5582 109.
1368 5521 1532 5598 (Bouquet).

127 5600 163 5657 iis
187 5596 310 5665 laedere,
333 5596 509 5668 ladovicus,
531 5597 610 5670 regis
634 5596 755 5670 Philippi
781 5595 865 5666 llius,
898 5597 926 5654 iu
992 5636 1001 5650 .

319 5764 433 5810 airaon.
454 5765 527 5812 roim
547 5753 583 5810 ll.
833 5797 838 5805 .
1100 5728 1107 5739 ’
1535 5745 1561 5802 2.
