4234 6442
356 378 416 438 459
979 375 1154 440 HONORII
1177 378 1222 438 111
1245 377 1392 438 OPERA.
1964 385 2029 444 460

357 533 500 598 habebat
534 536 656 614 prater
685 535 866 599 annualem
897 535 1156 612 hospitationem
1210 537 1433 609 continentur,
1442 537 1476 600 et
1484 533 1585 600 etiam
1595 535 1844 602 hactenussunt
1854 543 2024 612 servatae,

354 634 488 710 ¹quando
515 633 639 696 ibidem
663 633 821 711 jacuerit,
846 635 880 697 et
904 633 1033 696 talliam
1057 649 1155 712 quam
1210 635 1399 712 apostolico
1415 633 1598 697 munimine
1613 635 1821 698 roboramus.
1839 641 1936 699 Sane
1955 655 2024 699 no-

356 730 443 810 apud
459 731 656 807 cergiacum
672 731 706 793 in
733 731 922 803 chassim,
934 732 967 794 et
979 731 1067 809 apud
1081 734 1158 793 (lor
1210 732 1334 794 vallum
1357 735 1555 805 vestrorum,
1581 735 1657 807 etc,
1687 749 1795 808 usque
1818 739 2024 812 praesumat

354 830 473 892 melias
484 829 577 890 vobis
590 829 736 891 donavit.
752 832 800 892 lla
814 829 900 890 dono
915 827 1010 892 bonae
1032 845 1158 892 memo-
1211 829 1324 891 Liceat
1346 845 1476 907 quoque
1499 829 1594 892 robis
1621 831 1772 904 clericos,
1800 835 1878 904 etc,
1906 849 2025 907 aesque

356 925 416 986 riae
430 924 587 986 Gaulredi
602 925 777 986 carnoten.
801 925 960 1000 episcopi,
981 924 1103 986 altaria
1116 925 1156 985 de
1210 927 1366 990 retinere.
1383 927 1602 990 Prohibemus
1620 930 1768 1007 insuper,
1785 933 1821 992 ut
1834 930 1925 992 nulli
1949 931 2025 992 sra-

356 1022 567 1094 Monarvilla,
588 1023 622 1087 et
645 1022 685 1084 de
704 1021 862 1084 Rubrido.
882 1025 931 1083 Ex
949 1021 1035 1083 dono
1049 1022 1156 1084 Alvisi
1210 1026 1297 1086 trum
1312 1025 1510 1098 vestrorum,
1525 1027 1601 1099 etc,
1617 1043 1724 1101 usquc
1738 1029 1897 1090 retinere.

355 1120 452 1183 bonae
476 1120 643 1182 memoriae
671 1120 861 1182 atrebaten.
885 1119 1032 1196 episcopi
1051 1119 1157 1182 altare
1249 1122 1456 1184 auctoritate
1484 1139 1614 1200 quoque
1634 1125 1824 1201 apostolica
1845 1125 2021 1202 prohihe-

357 1218 398 1279 de
429 1217 591 1279 Anechin.
628 1217 790 1278 Eudone
824 1217 964 1278 illustris
988 1217 1156 1278 memoriae
1211 1235 1296 1291 mus,
1313 1235 1355 1281 ne
1369 1219 1490 1296 aliquis
1502 1219 1605 1281 abbas
1619 1224 1812 1284 monasterii
1826 1223 1938 1300 ipsius
1956 1227 2023 1285 ter·

357 1315 501 1376 Eduardi
511 1315 639 1378 scilicet
655 1315 688 1376 et
695 1314 856 1376 Willelmi
867 1314 1030 1391 quondam
1042 1329 1156 1390 regum
1211 1332 1277 1388 ras,
1296 1317 1444 1378 redditus
1459 1317 1501 1378 ad
1516 1317 1625 1394 ipsum
1640 1321 1838 1394 spectantes,
1855 1322 2020 1396 parenti-

355 1413 495 1489 Angliae,
508 1413 753 1475 Derherstriam
766 1429 869 1490 super
887 1413 1026 1476 fluvium
1043 1411 1158 1474 Sabri-
1211 1413 1272 1474 bus
1285 1415 1356 1475 suis
1372 1415 1430 1476 aut
1445 1414 1532 1484 aliis,
1548 1414 1673 1488 domos,
1690 1416 1744 1477 vel
1760 1417 1861 1478 etiam
1875 1433 1920 1478 ea
1939 1435 2019 1495 qua

355 1527 408 1577 nae
425 1511 535 1583 sitam,
550 1511 732 1582 tentonem,
750 1512 879 1572 Moram
895 1526 970 1571 cum
990 1510 1156 1586 appendi·
1211 1510 1251 1572 de
1268 1510 1402 1572 caducis
1424 1511 1634 1587 proveniant,
1655 1513 1713 1572 aut
1737 1513 1926 1575 ministeria
1953 1515 2019 1575 do-

355 1609 414 1671 tiis
430 1609 511 1670 suis.
535 1608 583 1670 nd
596 1607 669 1670 haec
684 1607 874 1671 comitatum
891 1607 1083 1679 wlcassini,
1100 1607 1156 1684 qui
1211 1624 1295 1679 mus,
1313 1607 1379 1670 nisi
1392 1607 1451 1668 illa
1464 1609 1594 1670 tantum
1609 1625 1681 1684 quae
1699 1610 1777 1671 sunt
1789 1611 2016 1673 servientium

352 1706 440 1784 juris
454 1705 544 1768 beati
563 1705 715 1783 Dionysii
730 1705 790 1778 est,
807 1721 904 1782 quem
925 1705 1066 1766 illustris
1081 1721 1156 1766 me·
1210 1705 1419 1777 clericorum,
1436 1705 1515 1766 dare
1537 1707 1726 1782 praesumat,
1751 1721 1813 1768 nec
1833 1709 2018 1786 pecuniam

356 1803 472 1866 moriae
487 1803 673 1866 ludovicus
688 1802 853 1880 quondam
874 1819 937 1864 rex
951 1805 1156 1864 Francorum
1211 1803 1298 1864 ultra
1311 1805 1444 1864 centum
1457 1801 1559 1864 libras
1570 1802 1643 1864 sine
1657 1819 1797 1864 assensu
1808 1805 1913 1866 totius
1923 1808 2017 1882 capri·

355 1902 602 1979 persuperium
617 1901 783 1978 quiondam
796 1900 947 1962 abbatem
960 1901 1069 1961 sancti
1084 1899 1158 1960 nic
1211 1899 1274 1960 tuli
1294 1900 1346 1962 rel
1367 1900 1506 1976 majoris
1526 1900 1559 1962 et
1581 1901 1726 1962 sanioris
1751 1903 1868 1978 partis,
1896 1905 2015 1964 mutuo

356 1998 446 2075 nysii
474 1999 509 2059 in
531 1997 730 2060 beneficium
754 1999 787 2060 et
811 1997 946 2059 feudum
971 1997 1157 2074 suscepisse
1212 1997 1381 2074 suscipere
1392 1997 1522 2058 audeat.
1532 1997 1623 2058 Nulli
1633 2015 1761 2075 quoque
1770 2001 2016 2064 monachorum

357 2094 579 2170 cognoscitur,
596 2094 753 2171 quoniam
768 2095 798 2156 is
813 2094 963 2170 possidet
984 2097 1080 2171 cujus
1095 2110 1158 2155 no-
1212 2094 1371 2172 quidquid
1392 2095 1465 2158 sine
1486 2110 1651 2156 consensu
1675 2094 1803 2158 abbatis
1826 2097 1868 2157 ab
1896 2099 2014 2175 aliquo

355 2192 446 2264 mine
462 2191 658 2268 possidetur,
680 2191 740 2252 tibi
754 2191 888 2268 tuisque
909 2190 1156 2254 successoribus
1213 2196 1325 2256 mutuo
1341 2192 1489 2269 recipere
1509 2192 1618 2254 liceat.
1641 2196 1672 2254 ls
1689 2197 1800 2255 autem
1814 2195 1871 2272 qui
1891 2197 2015 2256 minis-

356 2289 602 2352 confirmamus.
627 2289 796 2351 vicariam
825 2305 955 2367 quoque
984 2290 1017 2351 et
1044 2289 1156 2350 omni·
1212 2291 1332 2352 terium
1345 2289 1460 2352 domus
1470 2289 1635 2362 habuerit,
1645 2291 1732 2353 ultra
1741 2293 1873 2353 centum
1883 2293 2012 2354 solidos

356 2387 488 2448 modam
510 2387 674 2465 justitiam
698 2404 738 2449 ac
762 2387 947 2463 plenariam
971 2386 1156 2448 libertatem
1213 2389 1405 2472 mutuctpon
1420 2387 1565 2464 accipiat
1582 2389 1702 2464 praeter
1716 2387 1844 2450 abbatis
1858 2405 2011 2451 consen-

353 2487 450 2563 juxta
462 2485 577 2546 villam
592 2485 697 2546 sancti
712 2485 872 2562 Dionysii,
884 2485 970 2547 sicut
984 2485 1157 2560 suscriptis
1213 2501 1297 2546 sum.
1334 2485 1516 2546 statuimus
1544 2485 1644 2547 etiam
1671 2487 1707 2547 ut
1732 2485 1834 2547 abbas
1857 2486 2009 2562 sigillum

358 2583 510 2645 terminis
525 2582 753 2660 distinguitur,
775 2599 795 2644 a
811 2583 912 2644 fluvio
927 2582 1082 2646 videlicet
1098 2585 1159 2644 Se-
1214 2583 1382 2658 proprium
1398 2581 1520 2644 habeat
1536 2583 1622 2644 sicut
1643 2584 1693 2644 est
1707 2583 1747 2644 de
1765 2585 2009 2646 consuetudine

357 2696 478 2758 queue,
493 2696 513 2742 a
527 2681 717 2742 molendino
741 2680 828 2758 quod
848 2681 948 2756 vulgo
972 2680 1159 2758 appellatur
1213 2681 1374 2741 hactenus
1389 2678 1610 2741 observatum.
1625 2682 1662 2740 In
1687 2680 1937 2756 parochialibus
1951 2699 2013 2743 au·

355 2777 481 2840 Barard
498 2795 602 2856 usque
611 2778 652 2840 ad
666 2793 855 2855 supremum
864 2778 963 2854 caput
977 2778 1068 2839 villae
1084 2793 1158 2855 quae
1180 2809 1181 2820 ,

355 2875 495 2938 vocatur
517 2875 754 2944 Arbervillare,
781 2890 879 2952 quam
912 2873 1070 2951 praelatus
1096 2888 1158 2936 rex

355 2973 442 3052 juris
477 2989 551 3034 esse
587 2971 676 3034 beati
711 2971 862 3048 Dionysii
899 2985 1155 3047 recognoscens,

357 3070 465 3132 eidem
481 3069 683 3132 monasterio
701 3068 858 3141 restituit,
874 3067 969 3130 vohis
990 3068 1158 3131 nihilomi-

358 3182 422 3228 nus
435 3167 680 3229 confirmamus.

399 3265 566 3327 Praeterea
577 3263 798 3326 omnimodam
808 3263 1002 3342 potestatem
1013 3279 1159 3324 omnem-

360 3379 423 3440 que
444 3361 621 3440 Justitiam,
642 3362 675 3423 et
700 3361 874 3422 universas
900 3361 1156 3423 consuetudines

360 3459 583 3522 nundinarum
597 3459 633 3521 in
648 3459 728 3521 dicti
739 3459 844 3536 ipsius
855 3459 943 3535 regis
954 3458 1157 3521 liberalitate

359 3557 454 3620 robis
469 3572 657 3629 concessas,
674 3559 710 3619 ut
722 3557 890 3636 perpetuis
905 3572 962 3618 eas
973 3557 1083 3635 quiete
1098 3555 1159 3617 ob-

359 3655 495 3718 tineatis
517 3655 721 3732 temporibus
745 3654 1007 3717 confirmationis
1035 3654 1157 3717 nostrae

361 3753 545 3814 munimine
558 3751 766 3814 roboramus.
779 3752 829 3813 Ad
842 3751 914 3814 haec
924 3752 1158 3814 refutationem

361 3865 473 3926 prava
503 3849 752 3919 consuetudinis
767 3865 866 3926 quam
888 3850 1099 3911 Burchardus
1118 3848 1159 3910 de

361 3948 474 4009 Monte
492 3947 697 4008 Morentiaco
715 3946 749 4008 in
771 3945 878 4007 vineis
902 3946 1005 4008 vestri
1024 3962 1160 4008 monas-

361 4043 438 4106 terii
449 4043 485 4104 in
495 4043 624 4118 Diogilo
635 4044 715 4105 villa
726 4043 799 4106 sitis
809 4040 952 4104 habebat
962 4044 995 4104 et
1007 4043 1159 4119 llotagici

360 4143 460 4204 terrae
477 4157 558 4202 sum.
574 4141 734 4204 Similiter
753 4139 1024 4218 compositionem
1040 4140 1159 4202 initam

1212 2777 1277 2839 tem
1310 2776 1461 2838 ecclesiis
1489 2793 1571 2854 quas
1606 2777 1749 2849 habetis,
1783 2778 1884 2840 liceat
1915 2779 2012 2841 vobis

1212 2873 1401 2936 sacerdotes
1429 2873 1553 2950 eligere
1580 2876 1614 2936 et
1636 2875 1824 2936 dioecesano
1851 2877 2009 2954 episcopo

1213 2973 1426 3048 prasentare,
1448 2971 1579 3048 qlribus,
1597 2972 1626 3033 si
1644 2972 1756 3034 idonei
1779 2973 1903 3035 fuerint
1919 2975 2012 3052 epis-

1212 3085 1314 3146 copus
1329 3070 1516 3132 animarum
1529 3085 1642 3132 curam
1658 3069 1850 3143 committat,
1867 3074 1906 3132 ut
1921 3073 1957 3133 ei
1971 3072 2011 3133 de

1212 3167 1451 3242 spiritualibus,
1472 3166 1566 3229 vobis
1584 3169 1693 3229 autem
1711 3167 1751 3229 de
1770 3169 2011 3244 temporalibus

1212 3263 1353 3327 debeant
1362 3265 1573 3340 respondere.
1585 3266 1603 3327 J
1607 3265 1738 3327 ustitias
1748 3265 1848 3327 etiam
1861 3267 1918 3327 aut
1930 3266 2009 3328 ohi-

1212 3362 1264 3423 cia
1280 3361 1441 3424 laicorum
1456 3377 1529 3438 quae
1544 3361 1639 3424 bonae
1654 3363 1822 3423 memoria
1838 3363 1892 3423 W.
1908 3378 2010 3440 quon-

1212 3459 1288 3520 dam
1312 3458 1415 3520 ahbas
1434 3458 1581 3536 ejusdem
1607 3459 1801 3520 monasterii
1825 3460 1866 3520 ad
1892 3476 2010 3521 manus

1212 3572 1290 3618 suas
1305 3555 1346 3617 ab
1367 3556 1556 3618 hominibus
1567 3557 1602 3618 in
1616 3556 1720 3633 burgo
1736 3555 1843 3618 sancti
1858 3557 2009 3634 Dionysii

1213 3653 1493 3716 commorantibus
1502 3653 1833 3729 legitimarevocavit,
1841 3654 1883 3716 de
1891 3657 2009 3717 caetero

1211 3753 1289 3814 aliis
1310 3752 1492 3829 assignari3
1518 3751 1688 3828 regulares
1708 3753 1807 3814 etiam
1830 3755 2009 3815 consuetu-

1213 3851 1307 3912 dines
1327 3866 1348 3912 a
1368 3849 1668 3926 praedecessoribus
1689 3850 1859 3912 nostriset
1880 3849 2008 3912 anobis

1212 3947 1375 4009 hactenus
1390 3946 1582 4008 observatas
1597 3946 1709 4024 aliqua
1723 3947 1859 4010 levitate
1874 3949 2005 4020 mutari,

1213 4045 1279 4106 nisi
1292 4045 1332 4106 de
1354 4044 1412 4105 tua
1436 4045 1507 4105 sive
1526 4045 1659 4106 tuorum
1681 4043 1783 4107 luerit
1802 4045 2007 4122 providentia

1214 4157 1442 4204 successorum
1455 4157 1529 4202 cum
1545 4157 1711 4203 consen-su
1721 4141 1859 4219 capituli
1874 4143 1927 4204 vel
1939 4159 2007 4204 ma·

360 4239 450 4302 inter
483 4239 722 4302 monasterium
746 4239 894 4300 vestrum
926 4238 960 4299 et
985 4237 1158 4300 ecclesiam
1210 4240 1372 4318 joris·aut
1390 4239 1534 4301 sanioris
1549 4240 1665 4317 partis,
1686 4240 1884 4302 auctoritate
1900 4242 2006 4317 Apos-

362 4335 1158 4415 sanctiExuperiitlorbolien.inpraesentiabonee

362 4434 878 4511 memoriaedohannisquondam
888 4433 1160 4512 carnotenepis-

362 4533 448 4609 copi,
464 4547 563 4609 super
583 4532 774 4606 integritate
801 4531 985 4607 praebendae
1011 4531 1159 4608 ejusdem

361 4629 525 4690 ecclesiae.
546 4629 595 4690 nd
614 4628 786 4704 exemplar
804 4627 940 4705 insuper
959 4628 1066 4690 felicis
1085 4645 1159 4690 me-

362 4727 477 4790 moriae
486 4725 669 4787 lnnocentii
680 4725 828 4797 secundi,
839 4724 1009 4786 Anastasii
1022 4726 1055 4787 et
1065 4726 1160 4787 Inno-

362 4825 462 4888 centii
474 4824 564 4886 tertii
579 4826 803 4887 Romanorum
817 4823 1024 4894 Pontificum,
1036 4824 1160 4899 praede·

361 4938 531 4984 sessorum
547 4922 747 4994 nostrorum,
769 4920 1043 4997 compositionem
1059 4935 1160 4997 super

251 5074 254 5086 ,
362 5020 590 5084 controversia
610 5035 684 5097 quae
704 5019 870 5096 quondam
885 5019 974 5081 inter
987 5019 1158 5080 monaste-

361 5119 447 5180 rium
472 5120 619 5180 vestrum
642 5118 675 5180 et
695 5117 934 5180 monaster-ium
959 5115 1066 5179 sancti
1090 5115 1157 5180 Mi-

361 5217 487 5286 chaelis
504 5216 705 5288 vertebatur,
721 5215 808 5277 sicut
826 5215 861 5277 in
877 5214 1066 5276 eorumdem
1086 5216 1158 5276 Ro·

361 5330 536 5376 manorum
561 5313 758 5376 Pontificum
782 5313 983 5375 authenticis
1008 5311 1158 5389 plenarie

1213 4338 1313 4400 tolica
1328 4336 1552 4414 prohibemus.
1569 4338 1680 4399 Novas
1695 4337 1858 4414 praeterea
1873 4338 1907 4399 et
1917 4338 2008 4399 inde-

1211 4433 2005 4512 bitasexactionesaharchiepiscopis,episcopis,

1213 4531 1469 4602 archidiaconis,
1491 4547 1551 4593 seu
1572 4531 1708 4594 decanis
1727 4533 1779 4594 vel
1800 4533 1878 4594 aliis
1898 4534 2006 4594 eccle-

1214 4631 1339 4692 siarum
1353 4629 1501 4706 praelatis
1514 4631 1650 4691 omnino
1665 4630 1761 4691 vobis
1777 4630 1850 4692 lieri
1863 4631 2008 4705 prohibe·

1213 4743 1297 4790 mus.
1329 4727 1481 4789 chrisma
1509 4743 1601 4799 vero,
1620 4726 1730 4788 oleum
1749 4730 1914 4799 sanctum,
1934 4731 2004 4798 etc,

1213 4841 1320 4900 uscue
1335 4825 1504 4886 exhibere.
1518 4824 1864 4902 inhibemusinsuper,
1879 4825 2006 4887 utinlra

1213 4922 1296 4984 fines
1320 4922 1562 5000 parochialium
1586 4922 1804 4983 ecclesiarum
1822 4923 2006 4984 vestrarum

1213 5020 1324 5082 nullus
1339 5020 1412 5082 sine
1426 5019 1607 5081 dioecesani
1620 5019 1769 5097 episcopi
1782 5021 1815 5081 et
1826 5021 1937 5082 vestro
1951 5036 2003 5080 as·

1213 5133 1314 5180 sensu
1340 5118 1513 5195 capellam,
1544 5117 1596 5179 vel
1632 5118 1813 5179 oratorium
1841 5117 2003 5178 aedilicare

1213 5217 1402 5292 praesumat,
1415 5215 1516 5276 salvis
1531 5214 1714 5292 privilegiis
1727 5217 1885 5276 Romanae
1901 5215 2005 5276 Eccle-

1213 5315 1283 5375 siae.
1308 5313 1428 5374 Missas
1457 5329 1539 5374 sane
1564 5311 1714 5390 publicas
1744 5311 1919 5381 celebrari,
1952 5315 2006 5372 aut

362 5412 565 5486 continetur,
595 5411 793 5474 auctoritate
818 5410 1010 5487 apostolica
1036 5409 1160 5472 contir-
1213 5411 1372 5474 stationes
1387 5411 1551 5472 ineodem
1564 5409 2009 5486 monasteriopraeterabba-

361 5526 502 5572 mamus.
519 5513 587 5572 Has
599 5509 762 5587 siquidem
778 5523 893 5570 omnes
903 5507 1158 5584 compositiones
1212 5508 1255 5569 tis
1284 5509 1487 5570 voluntatem
1516 5508 1589 5569 lieri
1611 5495 1840 5586 prohibemus;
1868 5507 1925 5568 sed
1949 5523 2007 5568 nec

360 5624 420 5670 seu
432 5607 649 5670 refutationes
657 5607 743 5670 siout
755 5605 879 5683 absque
891 5605 1053 5682 pravitate
1063 5603 1157 5667 tactae
1212 5605 1429 5677 interdicere,
1460 5621 1521 5667 nec
1550 5605 1856 5676 excommunicare,
1884 5619 1947 5668 nec
1969 5603 2006 5664 ad

361 5707 438 5770 sunt
457 5707 490 5770 et
509 5706 668 5783 respue,
690 5707 723 5766 et
743 5703 778 5766 in
802 5703 934 5782 scriptis
956 5701 1157 5766 authenticis
1213 5701 1373 5781 synodum
1388 5718 1508 5766 vocare
1524 5702 1574 5764 vel
1587 5701 1750 5772 abbatem,
1764 5702 1815 5764 vel
1828 5701 1934 5779 ipsius
1947 5701 2006 5764 loci
