4200 6394
141 361 182 422 81
554 357 608 418 vi.
619 385 661 404 -
675 357 720 419 IN
735 349 1035 420 aestimatoria·
1055 352 1212 444 nitardi
1228 357 1392 419 MARIAE.
1759 355 1801 421 82

141 521 224 588 aute
239 505 421 580 adveutum
435 515 511 578 iiiii
526 515 596 592 bei,
613 516 785 595 pulchrior
799 517 872 594 post
888 515 946 580 ln·
1001 515 1109 579 llario
1137 515 1294 579 decorata
1319 531 1448 580 summo
1471 515 1657 580 honesmtls
1681 517 1797 596 splen-

142 615 385 688 carnationem‚
416 613 641 692 pulcherrima
667 615 742 698 post
771 630 865 676 suam
891 630 948 678 as-
1001 613 1093 688 dore,
1110 613 1164 676 vel
1179 614 1300 677 amicta
1317 611 1399 688 soie,
1424 614 1709 678 maturitatis
1725 617 1800 679 cla-

143 713 380 794 sumptionem.
393 711 469 775 Fuit
482 729 561 790 ergo
574 713 675 775 Beata
689 713 797 775 Maria
807 712 946 790 pulchra
1000 711 1110 774 ritate.
1125 713 1218 775 Luna
1236 712 1296 774 sub
1316 712 1454 790 pedihus
1468 716 1552 792 ejus,
1577 711 1664 776 idest
1683 715 1800 777 Eccle-

141 815 181 877 nt
196 812 289 886 luna,
305 811 401 888 virgo
414 809 544 873 scilicet
557 809 694 872 humilis
709 811 743 873 et
759 809 923 872 ioeounda.
1000 809 1050 870 sia
1070 809 1213 874 honorat
1222 825 1298 873 eam
1312 811 1471 890 tanqumn
1486 811 1661 874 Dominam
1683 813 1798 876 mundi

185 911 304 972 Electa
326 907 365 970 at
381 911 441 970 sot.
465 908 523 970 Sol
539 908 591 971 est
609 905 683 970 lons
707 907 840 981 caloris,
866 923 945 986 spe-
1000 907 1164 984 Reginoru
1180 908 1273 970 cmii.
1290 910 1419 972 ὓοιοιια
1434 910 1608 973 duodecim
1624 911 1798 973 nudarum

140 1008 257 1070 culum
285 1005 434 1080 luminis,
469 1007 610 1068 metator
641 1005 812 1084 temporis.
842 1005 944 1068 Beata
998 1005 1050 1066 est
1079 1005 1281 1070 animitas
1309 1006 1493 1082 vinnom,
1518 1008 1572 1070 vel
1595 1007 1798 1072 univositas

141 1105 253 1168 Maria
272 1105 323 1167 est
343 1103 449 1166 electa
468 1105 506 1167 ut
523 1103 585 1177 sol,
607 1103 694 1181 quod
714 1103 801 1166 sicut
823 1103 874 1165 sol
894 1104 946 1166 est
997 1101 1193 1179 angelomum
1205 1105 1241 1167 et
1261 1103 1470 1180 Sanctorum,
1483 1106 1542 1184 qui
1565 1106 1721 1168 dicuutur
1734 1121 1796 1169 co·

137 1202 323 1281 fulgentior
355 1199 485 1264 caeteris
517 1201 756 1275 luminaribus,
788 1199 840 1264 sic
870 1201 943 1279 ipsa
995 1215 1080 1262 rona
1094 1201 1205 1264 Boutae
1218 1202 1345 1276 hieriae,
1360 1203 1448 1282 quod
1462 1203 1631 1267 honorant
1644 1204 1798 1282 ipsamet

137 1301 276 1377 dignior
296 1297 458 1362 creaturis
486 1297 652 1362 omnibns.
675 1297 806 1377 eligere
831 1300 943 1363 autem
996 1298 1192 1376 gaudentio
1206 1302 1279 1378 ejus
1293 1300 1404 1363 lande.

136 1395 275 1472 dicitur,
295 1396 427 1478 quando
446 1395 487 1459 de
502 1395 617 1459 multis
630 1401 734 1459 uhum
748 1397 940 1460 assumitur.
1035 1396 1194 1460 Mdatrlx
1206 1397 1366 1475 temporie
1382 1413 1443 1476 per
1453 1398 1623 1477 pietatem,
1639 1400 1727 1478 quod
1748 1397 1799 1462 sl·

137 1495 197 1558 Sic
211 1497 315 1558 Beata
337 1494 445 1558 illaria
466 1493 507 1556 de
520 1493 689 1557 universis
708 1495 759 1558 est
779 1493 885 1557 electa
906 1493 942 1558 ln
994 1496 1052 1558 cut
1066 1494 1116 1556 sol
1135 1495 1317 1557 amendens
1336 1495 1471 1558 adducit
1487 1495 1633 1559 oahdnm
1652 1501 1793 1576 tempus,

136 1594 201 1656 Ilei
223 1595 375 1668 matrem,
403 1591 490 1672 qnod
516 1589 664 1655 sanctior
689 1593 722 1654 et
746 1591 942 1656 meliorest
993 1593 1030 1655 et
1052 1591 1258 1655 descendens
1287 1591 1455 1670 trigidum,
1483 1595 1533 1657 sic
1559 1596 1662 1658 Beam
1687 1595 1797 1658 marin

138 1691 276 1769 cognita
289 1693 366 1754 aute
379 1691 493 1753 mundi
508 1689 789 1754 constitutionem.
803 1691 878 1769 Ipsa
891 1693 942 1754 est
991 1689 1110 1767 dirigit
1132 1693 1262 1753 memes
1287 1691 1419 1754 nostras
1447 1691 1483 1753 in
1510 1692 1742 1770 prosperitate,
1762 1694 1797 1756 et

138 1788 217 1852 sous
237 1789 362 1851 caloris
382 1803 444 1867 per
461 1787 674 1862 charitatem,
699 1787 869 1868 speculum
887 1789 942 1851 lu·
993 1789 1027 1850 et
1038 1787 1231 1854 consolatur
1241 1789 1295 1852 vel
1310 1789 1453 1870 protegit
1464 1805 1526 1852 nes
1536 1790 1570 1852 in
1581 1791 1796 1854 adversitate.

139 1888 242 1948 minis
251 1903 311 1966 per
320 1887 541 1960 honestatem,
556 1887 698 1950 metator
709 1887 868 1968 temporis
881 1904 941 1966 per
994 1885 1080 1948 Nam
1114 1903 1190 1949 cum
1226 1887 1376 1951 ascendit
1409 1901 1470 1966 per
1503 1889 1667 1952 aestivaha
1700 1888 1797 1966 signa

137 1985 308 2064 pietatem.
320 1987 409 2048 Fons
425 1985 546 2048 caloris
559 2001 619 2064 per
632 1983 840 2059 charitatem,
853 1985 939 2063 quod
992 1983 1179 2060 proximior
1198 1983 1295 2047 nobis
1314 1987 1368 2048 est
1384 1985 1421 2048 et
1442 1986 1519 2049 ideo
1537 1985 1574 2049 nt
1588 1987 1695 2049 calor.
1715 1987 1797 2048 (lum

139 2083 227 2145 sicut
238 2081 289 2145 sol
302 2081 498 2162 principalis
509 2083 562 2144 est
572 2081 607 2144 in
622 2081 765 2153 fervore,
778 2083 827 2144 sic
837 2083 939 2147 Beata
993 2083 1103 2144 antem
1122 2082 1295 2146 desernit
1313 2097 1377 2162 per
1399 2083 1548 2162 hyberna
1567 2083 1675 2161 sigua,
1696 2084 1830 2147 elom·-
1895 2089 1900 2099 “

137 2181 248 2243 hlaria
283 2180 466 2243 ferventior
499 2179 610 2243 extitit
633 2181 670 2242 in
698 2179 874 2255 charitate,
906 2182 940 2244 et
993 2181 1092 2256 putor
1106 2197 1126 2243 a
1140 2179 1236 2242 nobis
1248 2183 1285 2244 et
1298 2181 1373 2244 ideo
1388 2180 1425 2245 lit
1441 2182 1559 2259 iligna.
1575 2181 1717 2262 'tempus
1734 2197 1795 2245 ca-

137 2277 287 2342 charitas
301 2280 375 2356 ejus
388 2278 522 2341 femena
545 2279 582 2342 ut
600 2279 650 2342 sol
669 2279 861 2342 nullatenus
878 2295 940 2341 ex-
989 2277 1096 2342 lidum
1110 2277 1280 2355 significat
1294 2279 1560 2358 prosperitatem.
1568 2281 1715 2359 ‘l'empus
1729 2279 1794 2342 irl-

134 2376 248 2453 tingui
260 2375 377 2454 potuit.
402 2373 498 2438 Unde
513 2375 695 2438 Salomon:
717 2379 797 2441 Non
820 2379 940 2440 catto·
992 2375 1105 2452 gidum
1139 2376 1308 2454 significat
1337 2378 1586 2442 adversitatem.
1622 2377 1659 2441 si
1691 2379 1794 2441 Beata

134 2476 267 2554 arcetur
287 2478 325 2537 tn
338 2476 437 2538 nocte
456 2481 598 2538 bacerna
610 2477 689 2549 dccv
703 2475 817 2557 (Pron
838 2491 936 2546 1111,
992 2471 1100 2536 Maria
1120 2473 1220 2537 luerit
1234 2473 1331 2536 nobis
1352 2475 1521 2553 proxima,
1537 2475 1625 2538 idest
1638 2477 1798 2553 propitia,

137 2571 204 2651 18).
226 2573 377 2635 Lucerna
399 2571 452 2636 est
474 2572 623 2635 charitas
643 2589 716 2652 quae
736 2589 804 2636 non
828 2573 940 2636 emin·
988 2571 1122 2647 ternpus
1136 2571 1202 2634 erit
1216 2571 1373 2645 calidum,
1389 2571 1476 2636 idest
1487 2571 1707 2650 disponentur
1717 2573 1794 2636 dies

136 2669 302 2746 guiturin
317 2671 425 2744 nocte,
442 2670 529 2733 idest
546 2670 582 2732 in
596 2671 814 2733 tribulatione
832 2671 887 2734 vel
900 2671 938 2733 in
992 2667 1099 2729 nostri
1127 2667 1163 2730 ln
1188 2667 1409 2747 prosperitate
1434 2671 1470 2732 et
1496 2683 1590 2747 pace.
1617 2671 1655 2732 Sl
1683 2671 1794 2733 autom

135 2768 334 2841 tentatione,
344 2768 442 2848 juxta
462 2767 543 2830 illud
559 2767 688 2831 Cantici
702 2769 936 2831 canticorum:
992 2763 1200 2842 elongare-a
1219 2779 1260 2829 se
1282 2778 1303 2828 a
1325 2766 1422 2829 nobis
1444 2769 1580 2846 propter
1599 2767 1794 2847 iniquitates

134 2869 247 2945 aaziae
270 2867 388 2929 mattea
411 2881 481 2928 oon
506 2867 699 2942 potuerant
728 2868 938 2946 eattnmcerc
991 2863 1025 2926 et
1039 2861 1217 2941 spurcitias
1233 2863 1377 2938 nostras,
1397 2865 1527 2943 tempus
1542 2865 1607 2928 erit
1621 2865 1791 2942 trigidum,

136 2964 356 3037 charitatem,
390 2977 454 3027 avec
481 2963 629 3039 fiumina
663 2965 812 3030 omero
844 2967 939 3028 tttom
991 2961 1079 3024 idest
1092 2959 1279 3024 ndmrdtas
1300 2961 1495 3041 praevalebit
1517 2963 1554 3024 in
1577 2961 1684 3025 nobis.
1700 2963 1794 3028 Unde

137 3059 396 3148 (costuma).
991 3059 1149 3122 Salomon
1166 3081 1175 3121 ε
1191 3060 1547 3124 Nonttmebttdomat
1560 3063 1795 3140 &archipo-

178 3163 282 3238 Aquae
309 3161 421 3223 multa
452 3161 531 3222 sunt
554 3159 666 3224 multae
702 3159 937 3226 delectationes
991 3159 1193 3221 recreatore
1208 3155 1321 3238 (Prot.
1344 3174 1441 3232 mr,
1454 3157 1523 3240 21).
1545 3157 1668 3222 Domus
1683 3161 1795 3223 Beate

137 3257 313 3321 trahentes
353 3259 394 3320 ad
430 3257 637 3336 lasciviam;
681 3257 819 3322 flumina
861 3245 938 3324 suut
991 3255 1108 3318 Mariae
1132 3256 1183 3318 est
1203 3257 1417 3334 congregatio
1440 3253 1622 3333 bonorum
1644 3255 1704 3319 uix
1718 3258 1796 3322 sunt

138 3352 360 3419 adversitates
397 3355 569 3423 trahentes
605 3355 647 3419 ad
681 3357 936 3438 impatientiam.
992 3351 1144 3415 homines
1156 3355 1308 3432 perversi
1317 3353 1376 3433 qui
1385 3353 1473 3417 sicut
1481 3355 1542 3417 nix
1551 3355 1592 3416 de
1604 3354 1794 3417 caelestibus

141 3457 247 3534 Aqua
274 3453 386 3517 multae
419 3470 485 3516 non
522 3455 703 3534 potuerunt
741 3457 937 3536 extinguere
991 3450 1124 3521 oodoni,
1150 3451 1228 3513 ditm
1246 3451 1396 3515 toettsiifl
1411 3452 1643 3528 contemnunt
1666 3451 1794 3529 stiam

136 3551 337 3616 charitatem
358 3553 468 3619 Beatae
494 3553 621 3628 Mariae,
641 3553 727 3634 quod
754 3553 847 3617 nulla
867 3571 937 3618 un·
991 3547 1079 3609 nivis
1105 3548 1184 3612 sunt
1211 3549 1461 3626 persecutiones
1487 3549 1662 3610 malorum.
1690 3549 1794 3611 Beata
1874 3621 1876 3624 ,

135 3665 238 3727 quam
275 3648 450 3713 delectatio
487 3651 595 3728 potuit
631 3667 704 3714 eam
749 3667 935 3732 superare,
991 3645 1193 3708 Marianon
1222 3646 1318 3710 timet
1337 3645 1451 3708 domui
1481 3659 1552 3707 suto
1573 3661 1593 3707 a
1615 3641 1794 3722 frigoribus

134 3763 200 3808 nee
224 3747 360 3809 numina
380 3745 562 3819 obruerunt
592 3749 703 3822 iiiam,
730 3751 810 3828 quia
834 3751 936 3812 nulia
991 3741 1091 3815 nius.
1105 3742 1413 3806 meaomuesnonr
1429 3745 1502 3822 elus
1521 3743 1796 3824 moniminepro

134 3843 356 3908 adversitates
370 3846 549 3924 potuerunt
573 3847 750 3909 einocere.
771 3849 850 3909 ilaec
871 3863 936 3909 au·
989 3840 1069 3902 tecti
1104 3855 1171 3902 non
1205 3841 1323 3906 timent
1350 3842 1599 3928 persecutiones
1630 3843 1794 3905 malorum

132 3943 203 4004 tem
215 3941 353 4006 flumina
365 3943 418 4005 vel
431 3943 650 4006 adversitates
668 3944 849 4008 voluerunt
864 3963 937 4008 earn
992 3937 1139 4001 dicentes
1154 3939 1244 4002 :Sub
1255 3939 1352 4002 totvm
1362 3943 1567 4018 meantum
1576 3941 1795 4018 conficptmus

134 4039 437 4122 obruere,quando
459 4041 598 4118 largitio
619 4043 830 4120 AEgyptuma
853 4043 937 4107 iacle
992 4035 1408 4101 sanotobaoeaoso...
1494 4053 1498 4060 '

134 4138 291 4212 Herodis,
323 4139 357 4201 et
379 4140 511 4218 quando
532 4139 616 4210 vidit
641 4139 745 4202 illium
778 4157 875 4207 suum
900 4141 937 4204 in
1031 4133 1796 4214 EsieraoeleotaBeataldariaquatenussplen·

134 4237 242 4298 cruce
256 4236 464 4314 pendentem.
993 4231 1087 4294 deret
1099 4233 1132 4294 et
1143 4232 1269 4295 caleret
1278 4233 1315 4295 ut
1323 4231 1389 4295 sol:
1402 4233 1591 4311 splenderet
1596 4249 1658 4312 per
1665 4233 1795 4312 sapien-

176 4331 355 4412 Speculum
371 4333 507 4396 luminis
526 4351 587 4416 per
606 4333 824 4412 honestatem,
848 4338 936 4416 quod
992 4329 1085 4402 iiam,
1097 4329 1223 4392 caleret
1239 4344 1299 4408 per
1312 4329 1520 4402 charitatem,
1536 4329 1623 4408 quod
1648 4331 1794 4408 Spiritus

133 4431 224 4493 sicot
245 4431 295 4493 sol
323 4431 491 4496 illuminat
511 4433 704 4496 universam
723 4435 859 4508 terram,
886 4436 936 4498 sic
991 4426 1794 4506 Sanctussupervestitum,etvlrtusllltisslnri

56 4535 60 4542 '
133 4529 206 4592 vita
219 4529 330 4592 Beata
352 4529 469 4592 Mariae
491 4529 616 4610 inclyta
634 4533 771 4595 cunctas
789 4532 937 4597 illustrat
991 4523 1200 4588 obumbravit
1214 4523 1276 4608 illi.
1286 4523 1372 4588 ludi
1380 4523 1522 4588 Mariam
1530 4525 1792 4604 interrogantem

133 4627 315 4689 Ecclesiae.
347 4627 441 4690 Unde
465 4629 738 4692 Ecclesiasticus:
768 4631 864 4692 sicat
887 4637 937 4696 sot
991 4637 1035 4685 ex
1053 4621 1219 4700 sapientia
1234 4625 1616 4698 :memoratorum
1630 4627 1794 4700 palmarem

133 4728 255 4786 ortena
267 4727 396 4788 mundo
419 4729 457 4794 to
477 4727 657 4790 arsames
679 4731 754 4801 Det,
777 4731 828 4791 stc
843 4731 938 4792 bocco
988 4725 1109 4784 otram
1121 4737 1191 4785 non
1203 4725 1389 4800 coprtoacot
1402 4721 1497 4806 (Luc.
1506 4735 1530 4796 1,
1543 4721 1609 4804 ai).
1623 4723 1709 4786 Audi
1720 4736 1796 4787 res-

132 4825 293 4886 mvttarts
316 4825 448 4900 spectes
479 4827 786 4890 momenmentum
814 4829 937 4892 mmor
991 4819 1189 4899 pendentem
1204 4835 1247 4884 ex
1261 4821 1424 4884 charitate
1444 4825 1557 4884 :h'cce
1574 4825 1698 4885 cremia
1721 4827 1794 4886 Do·

133 4935 211 4982 suaa
225 4919 328 4998 (licei.
347 4935 442 4992 xxvi,
457 4921 523 5004 22).
548 4923 648 5000 Quasi
673 4923 819 4988 diceret:
843 4926 937 4989 Sicut
990 4922 1079 4982 mint
1105 4920 1169 4995 etat
1192 4921 1280 4982 mitt
1301 4923 1491 4983 scamnum
1520 4921 1664 4984 cabum
1696 4921 1795 4984 taciem

133 5017 187 5080 srl
210 5017 377 5081 illuminet
399 5021 591 5083 universum
614 5021 776 5084 mundum
803 5023 935 5102 quando
991 5015 1570 5098 (buc.1,aal.iudisapiontiamin
1587 5019 1796 5082 Mariazlda-

109 5119 188 5180 .est
201 5117 244 5178 in·
257 5117 411 5190 excelsis,
434 5119 481 5185 ita
506 5119 633 5196 species
652 5119 748 5185 bonae
772 5119 934 5195 mulieris,
990 5115 1054 5190 ria,
1071 5115 1192 5200 inoluit,
1209 5117 1436 5180 commanet
1458 5120 1576 5180 omnio
1596 5119 1701 5180 cerba
1722 5122 1795 5181 ooec

135 5215 225 5277 idest
239 5214 398 5279 honestas
410 5217 489 5279 vitae
502 5215 612 5280 Beata
631 5217 747 5282 Mariae
761 5219 812 5281 est
825 5219 860 5286 in
881 5235 938 5282 or·
990 5215 1172 5288 cerasos-ens
1189 5215 1226 5274 to
1248 5215 1351 5276 corde
1371 5227 1436 5277 coo
1453 5211 1547 5295 (Luc.
1570 5231 1607 5289 ιι,
1627 5211 1691 5296 19).
1707 5215 1793 5278 Audi

136 5313 331 5374 namentum
345 5313 463 5378 domus
474 5329 555 5388 suae,
569 5313 655 5390 idest
669 5315 836 5380 Ecclesiae.
851 5317 936 5382 Hinc
991 5311 1187 5376 thematem
1208 5310 1244 5374 in
1265 5325 1305 5373 ea
1322 5313 1550 5392 :humanat
1572 5315 1694 5374 acinco
1713 5327 1794 5376 mea

135 5411 187 5471 est
207 5411 308 5472 etiam
322 5411 409 5490 quod
429 5414 575 5474 loannes
591 5412 676 5477 vidit
689 5413 723 5473 ln
738 5414 936 5492 Apocalypsi
990 5413 1187 5482 Dominum,
1214 5410 1248 5472 ct
1270 5412 1443 5474 emuttaoit
1466 5411 1613 5486 sparatus
1637 5427 1736 5475 meus
1756 5415 1795 5475 irc

135 5507 310 5570 mulierem
330 5509 484 5572 amictam
504 5511 584 5584 sole,
610 5512 644 5573 et
663 5511 748 5572 luna'
763 5511 823 5572 sub
839 5513 936 5590 pedi·
991 5511 1061 5572 Deo
1074 5509 1223 5573 satutari
1237 5523 1313 5572 mcc
1331 5508 1424 5588 (Luc.
1444 5525 1467 5582 1,
1485 5507 1550 5589 46).
1571 5511 1671 5573 Recte
1691 5511 1795 5588 igitur

135 5605 197 5669 bus
213 5609 297 5685 ejus,
314 5608 347 5669 et
362 5608 517 5688 incapite
536 5611 609 5688 ejus
624 5621 747 5672 corona
765 5609 936 5672 stellarum
990 5609 1092 5670 Beata
1107 5607 1215 5669 Maria
1235 5607 1358 5670 dicitur
1372 5607 1479 5670 electa
1501 5609 1538 5670 ut
1560 5609 1610 5672 sol
1633 5609 1793 5688 quantum

135 5701 323 5766 duodecim.
360 5705 481 5768 Mulier
511 5708 631 5774 amicta
668 5707 738 5770 sole
764 5708 814 5776 est
835 5709 936 5772 Beata
991 5705 1032 5770 ad
1046 5705 1256 5788 splendorem
1271 5705 1466 5782 honestatis,
1481 5707 1566 5787 qrrod
1581 5695 1666 5772 sicut
1679 5708 1728 5773 sol
1744 5711 1794 5772 est
