4200 6394
121 295 188 357 ms
549 274 1040 376 1x,--1udonvnns1ons
1062 271 1375 358 seneciacum.
1604 287 1606 294 ’
1729 271 1789 353 nl

122 455 291 521 Carisius
311 457 349 526 in
369 454 464 520 noba
484 453 606 538 (Galat.
624 471 669 530 ιν,
687 454 751 535 19).
775 454 815 518 Εῖ
828 451 930 516 alibi:
987 455 1020 518 ot
1042 471 1171 532 passus,
1196 453 1320 518 frustra
1340 453 1525 521 resurrexit
1548 469 1568 526 a
1590 454 1730 518 mortuis
1753 453 1787 516 et

126 555 169 614 ln
197 551 328 614 Christo
351 555 433 614 iesu
453 567 514 630 ego
539 569 598 616 vos
622 553 735 631 genui.
757 555 844 630 Ergo
870 550 933 614 filii
986 553 1137 616 ascendit
1146 552 1182 614 in
1192 553 1305 616 coelos.
1319 551 1414 616 Absit
1425 553 1519 616 hoca
1533 553 1598 615 lide
1609 551 1784 615 catholica.

125 649 281 728 Apostoli
307 651 404 712 Pauli
430 651 518 716 siout
544 651 683 714 novellae
705 651 870 716 olivarum
895 650 931 712 in
986 655 1070 714 Ecce
1083 668 1182 729 quam
1196 652 1361 729 pretiosus
1376 651 1515 716 fructus.

125 749 275 810 circuitu
290 765 414 810 mensae
428 752 500 827 oJus
523 749 609 822 sunt,
630 751 708 828 quia
730 765 844 811 omnes
858 751 931 828 ejus
1026 749 1143 812 Videte
1168 750 1253 812 alios
1271 765 1338 812 non
1352 751 1462 811 minus
1485 751 1660 828 pretiosos.
1686 747 1784 810 Psal-

127 847 330 908 reficiuntur
350 845 484 925 eloquio
506 849 539 911 et
566 846 818 910 auctoritatibus
841 846 934 924 sagi·
986 847 1084 910 mista
1112 847 1192 911 dicit
1218 847 1258 910 de
1286 847 1530 924 glorificatione
1563 849 1785 910 sanctorum:

129 945 266 1006 nentur.
288 944 365 1006 ideo
384 960 463 1007 vero
479 945 633 1024 Epistolae
652 945 748 1008 Pauli
761 946 794 1007 et
806 943 931 1007 Psalmi
985 949 1132 1009 Domine
1146 950 1184 1008 in
1198 949 1327 1010 lamiae
1342 947 1458 1010 vultus
1479 947 1532 1009 tat
1552 945 1784 1018 ambularunt,

132 1042 241 1105 David
262 1044 295 1104 et
315 1042 532 1119 Evangelium
556 1042 704 1106 Matthaei
716 1059 786 1123 prae
799 1043 931 1105 caeteris
986 1044 1020 1105 et
1034 1047 1071 1107 tn
1085 1047 1224 1107 aomina
1240 1045 1298 1106 tao
1313 1045 1516 1107 sautiabant
1533 1044 1604 1106 tota
1618 1047 1683 1117 dia,
1699 1042 1734 1104 et
1747 1046 1785 1104 in

130 1141 310 1218 scripturis
322 1141 358 1202 in
372 1141 523 1203 ecclesiis
533 1141 795 1220 frequentantur,
805 1143 842 1204 ut
853 1158 928 1203 curm
986 1143 1047 1204 tua
1053 1143 1196 1215 justitia
1210 1143 1458 1206 caattabuatar
1470 1141 1539 1222 (Ps.
1554 1143 1604 1215 88,
1617 1139 1787 1222 mimag-

131 1238 326 1316 peccatores
338 1238 706 1304 audierintMattluaeum
719 1238 931 1317 publicanum
986 1258 1048 1302 nus
1072 1240 1198 1302 fructus
1225 1240 1388 1302 bonorum
1410 1241 1460 1302 est
1480 1240 1652 1302 ambulare
1672 1239 1706 1300 in
1726 1239 1784 1300 lu-

129 1336 381 1411 Evangelistam
395 1336 530 1410 iactum,
548 1336 690 1400 Paolum
703 1337 931 1414 blasphemum
986 1339 1076 1401 mine
1101 1338 1233 1401 Domini
1257 1339 1293 1400 in
1318 1337 1507 1400 coelestibus
1536 1340 1569 1402 et
1590 1337 1786 1402 innomine

128 1433 164 1494 et
178 1436 424 1510 persecutorem
444 1433 568 1496 iactum
588 1450 662 1498 osse
679 1435 883 1513 Apostolum,
900 1435 934 1496 ei
986 1435 1117 1499 Domini
1137 1436 1289 1500 exultare
1311 1435 1381 1498 tota
1403 1435 1469 1506 die,
1490 1435 1587 1508 idest,
1609 1437 1682 1496 sine
1706 1435 1783 1510 iine,

129 1531 237 1592 David
255 1531 442 1593 adulterum
461 1536 494 1594 et
509 1532 709 1594 homicidam
722 1532 845 1595 iactum
858 1549 933 1596 osse
987 1532 1066 1613 quia
1086 1533 1282 1612 glorificatis
1302 1533 1337 1594 in
1352 1549 1458 1610 regno
1472 1549 1538 1594 non
1554 1533 1604 1595 est
1622 1531 1688 1594 nisi
1712 1533 1784 1594 dies

129 1627 345 1706 Prophetam,
373 1629 544 1692 confidunt
567 1646 626 1708 per
651 1631 711 1692 Dei
739 1631 933 1694 misericor·
987 1647 1064 1694 una.
1081 1633 1157 1694 Nox
1172 1632 1262 1693 enim
1275 1647 1341 1693 non
1353 1631 1417 1692 erit
1430 1630 1512 1703 illio,
1528 1631 1560 1692 et
1577 1629 1653 1691 ideo
1664 1629 1787 1691 dicitur

131 1727 223 1788 diam
251 1742 318 1789 non
347 1727 455 1788 solum
482 1728 618 1790 ueniam
650 1728 846 1808 promereri,
874 1729 930 1790 sed
971 1731 1022 1792 in
1037 1729 1176 1808 psalmo,
1193 1730 1272 1808 quia
1283 1729 1402 1817 melior
1414 1729 1464 1790 est
1478 1725 1549 1790 dies
1563 1743 1628 1789 una
1641 1728 1676 1789 in
1690 1727 1786 1789 atriis

130 1825 232 1887 eiiam
253 1824 396 1900 gloriam
420 1826 562 1904 adipisci
579 1849 587 1887 ε
609 1828 684 1908 quis
703 1828 791 1889 enim
806 1827 934 1890 dubitet
987 1829 1119 1892 Domini
1134 1843 1235 1905 super
1247 1828 1365 1898 millia,
1381 1827 1459 1906 quia
1472 1843 1586 1889 omnes
1602 1826 1672 1887 dies
1687 1826 1787 1904 hujus

132 1923 215 2001 quin
233 1924 321 1984 Deus
337 1924 488 1986 misereri
506 1925 587 1986 velit
599 1925 703 1998 illius,
720 1941 817 2004 quem
832 1926 932 1988 talem
987 1926 1102 1988 mundi
1127 1925 1295 1989 habebunt
1321 1925 1432 1996 finem,
1461 1926 1520 1988 sod
1540 1925 1601 1986 illa
1625 1925 1695 1986 dies
1719 1939 1787 1986 una

133 2038 174 2084 ac
188 2023 318 2083 tantum
329 2022 407 2084 lecit
419 2023 573 2096 creando,
589 2039 685 2101 quem
698 2025 799 2086 talem
814 2040 853 2087 ac
863 2027 934 2086 tan·
986 2041 1054 2087 non
1068 2024 1213 2088 finietur.

131 2121 203 2182 tum
230 2119 310 2182 iecit
336 2121 436 2182 etiam
465 2121 675 2184 redimendo?
700 2125 856 2199 Magnum
883 2123 933 2184 est
1027 2126 1096 2200 Ego
1119 2122 1207 2185 sicut
1229 2122 1318 2185 oliva
1345 2120 1556 2186 nuenncavi.
1584 2121 1680 2183 Oliva
1702 2117 1788 2180 hene

14 2295 17 2300 ι
132 2217 219 2296 quod
238 2217 375 2291 creavit,
399 2219 456 2280 sed
479 2223 586 2298 majus
608 2220 760 2297 estquod
779 2219 931 2282 redemit.
987 2221 1136 2284 radicata
1151 2237 1283 2299 semper
1297 2221 1393 2294 viret,
1410 2220 1442 2282 et
1460 2219 1577 2283 beatus
1595 2217 1784 2296 Apostolus,

132 2315 284 2378 creando
310 2315 417 2379 iactus
442 2321 493 2379 est
515 2317 614 2379 homo
633 2319 675 2380 ad
700 2318 879 2394 imaginem
901 2319 934 2380 et
987 2337 1062 2382 cum
1077 2319 1221 2382 oleaster
1244 2320 1332 2382 esset
1350 2319 1495 2398 judaicae
1518 2317 1677 2396 perfidiae,
1701 2331 1786 2378 oon-

132 2413 385 2480 similiiudinem
420 2414 501 2490 Dei;
529 2415 722 2477 redimendo
750 2415 857 2477 iactus
883 2417 934 2479 est
986 2435 1104 2481 vorsus
1119 2417 1160 2480 ad
1183 2418 1280 2480 iidem
1296 2417 1418 2478 Christi
1438 2417 1637 2478 consecutus
1652 2414 1703 2477 est
1728 2413 1788 2474 mi·

132 2515 221 2574 Deus
232 2513 274 2572 ad
284 2511 464 2588 imaginem
475 2513 766 2576 etsimilitudinem
775 2513 931 2576 hominis.
987 2516 1215 2589 sericomiam,
1233 2531 1405 2594 perquam
1425 2515 1572 2575 insertus
1594 2513 1644 2574 est
1666 2513 1701 2574 in
1723 2510 1790 2573 oli-

133 2613 178 2673 De
197 2611 257 2671 illo
281 2610 431 2672 dicitur:
459 2613 556 2674 Fecit
584 2615 676 2674 Dans
696 2615 870 2675 nomiliam
889 2615 933 2674 ad
987 2631 1074 2688 vam,
1108 2613 1277 2676 radicatus
1308 2614 1342 2674 et
1366 2612 1522 2674 fundatus
1553 2611 1590 2671 in
1622 2610 1785 2671 charitate

133 2712 322 2785 inmissam
343 2709 377 2770 et
390 2710 652 2774 similitudinem
671 2725 773 2772 snam
795 2707 891 2789 (Gen.
907 2725 931 2784 1,
988 2711 1121 2774 Christi.
1136 2711 1231 2774 Unde
1243 2711 1334 2789 ipse:
1352 2709 1475 2786 Certus
1485 2723 1563 2771 sane
1576 2710 1664 2783 preca
1677 2721 1789 2780 aequa

133 2809 184 2878 26,
204 2804 272 2886 27).
290 2809 336 2867 De
355 2806 419 2867 isto
433 2806 575 2869 dicitur:
593 2809 673 2868 Cum
694 2807 728 2868 in
748 2807 853 2870 forma
873 2807 932 2869 Dei
986 2825 1213 2886 massamque
1231 2810 1314 2883 atta,
1335 2823 1444 2884 napae
1460 2807 1788 2884 praesentiamque

134 2905 223 2966 esset
256 2919 321 2965 non
340 2903 492 2981 rapinam
518 2904 701 2966 arbitratus
720 2906 771 2966 est
803 2921 876 2966 esse
897 2899 933 2966 s'e
987 2910 1109 2984 patara
1130 2909 1295 2984 potemini
1314 2921 1376 2970 aas
1390 2919 1559 2981 separare
1572 2920 1595 2966 a
1617 2903 1799 2966 enaritate¹
1914 2941 1919 2949 -

135 3001 299 3080 aequalem
316 3004 393 3064 Deo.
406 3004 843 3078 Eainanioitsametipsum
854 3006 932 3078 sor·
987 3010 1052 3070 Det
1061 3023 1138 3082 aaa
1151 3007 1203 3069 est
1215 3009 1252 3067 in
1265 3005 1400 3068 Christo
1411 3007 1496 3067 Jesa
1507 3001 1618 3082 (Rom.
1635 3016 1706 3074 u111,
1720 2997 1787 3079 39).

136 3115 231 3162 anain
252 3104 347 3162 sarci
364 3101 598 3176 accipimuset
619 3104 655 3162 in
673 3101 934 3164 similitudinem
989 3105 1083 3168 Oliva
1096 3119 1227 3181 sempor
1240 3104 1337 3166 viret.
1355 3103 1393 3165 nt
1407 3102 1523 3164 beatus
1538 3099 1715 3178 Apostolus
1730 3099 1787 3160 vi-

135 3201 312 3260 nominam
328 3200 452 3273 sactum,
475 3199 509 3262 et
525 3199 643 3262 hadita
658 3200 821 3262 inventas
834 3205 934 3263 nanzo
988 3202 1056 3266 ruit
1069 3203 1105 3265 in
1126 3217 1202 3264 rore
1224 3217 1355 3280 semper
1378 3198 1682 3279 supernae‘gratiae3
1704 3196 1790 3258 sicut

135 3295 273 3376 (Philip.
289 3311 328 3368 11,
343 3294 389 3375 6).
988 3302 1060 3379 ipse
1075 3301 1142 3363 ait:
1160 3301 1285 3362 aratia
1298 3302 1363 3364 Det
1386 3315 1465 3361 sam
1480 3301 1515 3360 td
1533 3299 1622 3373 qaod
1644 3311 1735 3367 sarm
1757 3295 1792 3356 et

173 3395 285 3473 Majus
306 3395 359 3455 est
381 3393 514 3473 quidem
537 3385 662 3456 hahere
683 3393 934 3458 similitudinem
987 3400 1105 3476 pratia
1122 3401 1198 3472 aias
1210 3401 1247 3460 la
1262 3413 1319 3459 mc
1333 3413 1447 3459 vacua
1461 3411 1530 3458 aon
1541 3395 1620 3471 sicit,
1633 3397 1694 3455 sed
1705 3408 1793 3454 sem·

134 3492 206 3565 Dei,
232 3507 331 3570 quam
353 3489 477 3554 habere
498 3491 749 3555 similitudinem
770 3491 932 3569 hominis3
987 3497 1290 3571 pentamemanet
1301 3493 1330 3574 (1
1342 3496 1416 3556 Gor.
1429 3511 1485 3566 xv,
1496 3491 1560 3572 10).
1572 3491 1667 3553 Oliva
1675 3505 1791 3567 pacem

134 3589 192 3650 sed
208 3591 337 3651 tantum
353 3592 461 3667 majus
480 3589 635 3669 estquod
655 3593 743 3652 Deus
762 3590 869 3652 iactus
884 3593 936 3652 est
989 3587 1789 3670 significat,etPauluspacomnobisannuntiavit,

134 3687 178 3748 ad
214 3686 392 3765 imaginem
424 3687 458 3749 et
492 3687 743 3750 similitudinem
776 3687 932 3761 hominis,
989 3693 1068 3772 quia
1079 3693 1115 3754 in
1127 3693 1200 3768 ipso
1216 3690 1327 3769 posuit
1338 3692 1426 3751 Deus
1438 3687 1576 3751 verbum
1588 3684 1791 3748 reconcilia-

136 3801 235 3863 quam
248 3785 335 3866 quod
353 3786 452 3848 homo
466 3785 574 3848 iactus
589 3788 640 3848 cst
651 3786 692 3848 ad
709 3786 888 3862 imaginem
903 3787 936 3848 et
988 3791 1089 3854 tionis
1101 3789 1233 3852 vestrm.
1247 3786 1342 3851 Unde
1352 3787 1423 3866 ipse
1436 3786 1642 3860 :Jmtaucan
1654 3799 1700 3846 ea
1710 3785 1789 3858 fide,

135 3883 387 3948 similitudinem
407 3883 477 3946 Dei.
504 3883 589 3947 Illud
609 3887 717 3962 maius
737 3886 788 3946 est
805 3883 935 3946 ratione
987 3903 1109 3966 pacem
1140 3891 1327 3950 habeamus
1360 3889 1405 3950 ad
1438 3890 1551 3974 Deum
1577 3899 1646 3959 par
1670 3885 1791 3945 desum

135 3981 320 4056 dignitatis.
346 3981 437 4044 Istud
461 3986 570 4060 majus
594 3985 645 4044 est
667 3981 797 4044 ratione
816 3981 936 4058 digna·
990 3988 1165 4050 caratam
1178 3984 1288 4065 (Rom.
1305 4001 1337 4058 v,
1352 3982 1397 4064 1).
1410 3983 1644 4046 ecolismam
1655 3982 1791 4045 Christo

134 4079 248 4141 tionis.
265 4080 345 4152 Quis
362 4095 442 4156 ergo
457 4080 606 4143 diffidere
621 4081 738 4158 potest,
753 4080 834 4159 quin
847 4081 935 4142 Deus
988 4087 1159 4163 wanilone
1172 4087 1365 4160 maalmam,
1390 4084 1556 4157 canossam
1570 4085 1641 4143 Deo
1663 4084 1795 4142 aanor·

135 4178 336 4240 misereatur
357 4177 460 4251 illius,
481 4194 578 4257 quem
598 4177 677 4241 iecit
695 4179 737 4240 ad
757 4178 936 4255 imaginem
994 4183 1088 4245 tante
1111 4197 1180 4259 per
1206 4195 1281 4244 aas.
1311 4183 1535 4244 obsecramus
1554 4193 1621 4254 pro
1643 4177 1791 4249 canisio,

135 4277 169 4338 et
192 4276 445 4338 similitudinem
461 4293 569 4350 suam,
590 4293 688 4354 quem
709 4276 857 4354 praeiecit
870 4293 935 4339 vo·
989 4281 1273 4344 recorwtltamlml
1286 4282 1357 4340 Deo
1373 4277 1418 4357 (11
1430 4278 1504 4339 Gor.
1518 4293 1551 4349 s,
1565 4272 1631 4354 20).
1748 4269 1752 4276 ’

134 4373 936 4452 latilibuscoeli,hestiisterraeaopiscibusmarist
1031 4378 1125 4440 Oliva
1151 4376 1252 4438 habet
1282 4375 1318 4437 in
1343 4390 1378 4436 se
1403 4375 1469 4436 tria
1500 4369 1789 4443 commendabilia,

135 4473 223 4534 Nam
241 4473 352 4534 omnia
368 4471 510 4550 subjecit
524 4471 584 4535 sub
599 4471 737 4551 pedihus
755 4475 838 4550 ejus,
856 4489 936 4535 oves
989 4477 1144 4539 truncum
1158 4473 1296 4546 scilicet,
1310 4489 1422 4534 ramos
1438 4474 1471 4534 et
1483 4470 1641 4533 trucium.
1652 4469 1692 4531 nt
1704 4471 1790 4530 Pau·

135 4572 170 4632 et
185 4569 287 4632 boves
295 4570 481 4644 universas,
492 4571 631 4649 insuper
643 4572 676 4633 et
685 4587 805 4649 pecora
814 4571 934 4649 campi,
990 4574 1043 4636 lus
1059 4573 1176 4636 habuit
1191 4575 1347 4635 truncum
1361 4572 1394 4632 et
1403 4586 1525 4642 ramos,
1537 4568 1615 4648 quia
1623 4567 1793 4631 radicatus

134 4668 292 4731 volucres
306 4668 382 4730 coeli
399 4671 432 4730 ct
446 4669 556 4747 pisces
568 4669 671 4734 maris
686 4668 742 4748 qui
754 4668 935 4747 perambu·
991 4673 1024 4735 et
1048 4669 1205 4734 fundatus
1227 4669 1291 4732 luit
1316 4671 1353 4732 in
1373 4669 1437 4730 iide
1462 4667 1731 4746 patriarcharum
1758 4665 1792 4728 et

135 4766 209 4827 lant
236 4766 372 4828 semitas
398 4767 512 4828 maris.
545 4767 624 4839 Quis
647 4767 760 4830 valeat
785 4767 937 4830 dubitare
992 4770 1230 4849 prophetarum
1254 4770 1287 4832 et
1310 4768 1507 4830 oaeterorum
1526 4767 1669 4845 patrum.
1698 4763 1792 4826 Unde

135 4863 218 4943 quin
241 4865 327 4928 Deus
348 4863 547 4926 misereatur
562 4864 666 4940 illius,
685 4869 821 4944 propter
840 4879 937 4943 quem
992 4870 1040 4931 ait
1053 4868 1180 4932 Judaeis
1192 4869 1228 4929 in
1242 4865 1379 4929 Actibus
1393 4864 1648 4943 Apostolorum:
1668 4862 1715 4924 nl
1729 4877 1792 4923 nos

135 4961 384 5032 exinaniuitse,
395 4961 535 5024 formam
547 4963 636 5024 serui
646 4963 826 5040 accipiens,
841 4963 876 5025 in
890 4963 939 5025 si·
992 4969 1086 5028 codis
1099 4965 1350 5044 annuntiamus
1370 4965 1640 5038 promissionem
1658 4975 1735 5035 aaa
1748 4960 1796 5019 ad

134 5059 358 5122 militudinem
379 5059 550 5121 hominum
571 5060 678 5123 molus
698 5062 731 5124 ot
748 5060 865 5124 habitu
878 5061 937 5122 in·
988 5064 1111 5138 patres
1141 5062 1279 5122 nostros
1306 5061 1399 5136 sacta
1427 5059 1480 5121 est
1506 5057 1591 5138 (Act.
1622 5071 1697 5128 xrn,
1723 5053 1791 5134 32).

135 5159 256 5220 ventus
277 5159 314 5220 ut
335 5157 570 5232 nomenatus
589 5158 747 5221 obediens
769 5175 874 5238 usque
895 5159 937 5222 ad
992 5160 1116 5224 Habuit
1130 5159 1285 5230 iructum,
1302 5158 1400 5226 idest,
1414 5157 1525 5218 omnia
1541 5170 1642 5232 opera
1663 5152 1793 5230 periec-

136 5259 289 5329 mortem,
302 5257 441 5318 mortem
451 5257 563 5318 autem
573 5257 695 5319 crucis.
707 5259 793 5320 Nam
802 5258 937 5336 proprio
993 5262 1113 5322 torum.
1130 5256 1226 5320 Unde
1239 5271 1327 5316 nunc
1337 5254 1503 5316 exclamat
1513 5268 1588 5314 cum
1602 5249 1788 5328 Propheta:

136 5354 207 5416 tilio
228 5369 289 5415 suo
309 5370 376 5415 non
395 5355 555 5432 pepercit,
572 5354 629 5417 sed
646 5370 705 5431 pro
718 5355 815 5417 nobis
830 5357 939 5418 omni·
992 5374 1011 5418 a
1033 5359 1101 5432 Ego
1128 5371 1201 5416 sum
1225 5353 1314 5416 oliva
1342 5351 1515 5414 fructifera
1540 5349 1576 5411 in
1600 5348 1696 5411 domo
1723 5349 1792 5410 Do-

135 5452 199 5513 bus
212 5451 350 5515 tradidit
363 5450 475 5528 illum;
492 5453 549 5530 qui
568 5454 698 5515 tantum
710 5449 939 5516 dilexit'mun-
993 5454 1086 5516 mini.
1111 5470 1130 5514 s

137 5551 217 5612 dum
233 5552 270 5612 ui
290 5550 395 5612 lilium
410 5567 506 5612 suum
529 5551 737 5630 unigenitum
761 5551 856 5614 daret
879 5568 939 5630 pro
1033 5552 1184 5615 Diximus
1198 5550 1238 5613 de
1252 5549 1353 5619 oliva,
1370 5545 1467 5609 modo
1482 5544 1633 5608 dicamus
1651 5543 1691 5607 de
1705 5544 1790 5607 oleo.

136 5648 274 5712 mundo.
290 5647 445 5730 Alioquin
463 5637 591 5713 nusuu
610 5650 708 5714 natus
723 5649 774 5713 ost
787 5647 939 5713 Christus
993 5649 1071 5712 Tria
1089 5647 1168 5712 iacit
1182 5647 1291 5711 oleum
1314 5662 1322 5708 ε
1349 5644 1452 5710 Sonat
1470 5644 1610 5709 uulnera
1627 5642 1789 5724 corporis,
