4234 6408
293 255 350 316 iot
911 250 1087 314 HONORH
1107 253 1152 314 111
1174 255 1322 318 OPERA.
1885 257 1942 322 168

295 413 358 477 bus
377 429 420 478 ex
437 411 634 478 testamento
653 409 884 474 decedentium
903 409 1094 490 relinquun-
1146 412 1220 476 lans
1243 413 1371 476 avobls
1397 414 1467 476 suis
1492 415 1613 478 litteris
1634 429 1694 492 per
1721 415 1887 490 eumdem,
1907 421 1944 482 ut

255 593 257 596 Ι
293 514 360 588 tur,
384 511 493 573 seuin
507 511 597 588 ipsos
620 508 743 571 iratres
764 508 880 572 contra
893 508 1092 584 spostolicae
1147 511 1254 588 ipsum
1268 510 1462 590 reciperetis
1484 513 1521 575 in
1542 512 1740 575 canonicum
1764 513 1797 576 et
1817 513 1854 574 in
1868 513 1941 576 sra-

296 609 391 672 Sedis
399 609 525 670 indulta
535 606 731 668 sententiam
740 605 1092 668 excommunicationis
1146 609 1246 684 trem3
1265 613 1360 688 cujus
1374 609 1529 687 precibus
1544 625 1587 672 er
1606 625 1647 673 eo
1667 624 1817 672 annuere
1835 611 1943 674 distu-

295 711 355 769 aut
377 706 544 768 interdicti
567 704 841 782 praesumpserint
867 703 1090 781 promulgare,
1147 706 1244 778 listis,
1270 707 1348 784 quia
1374 709 1623 770 concessionem
1642 708 1830 785 praebendas
1851 709 1945 772 illius

295 806 349 867 rel
369 802 505 866 decimis
524 803 674 866 laborum
695 802 736 864 de
756 801 855 864 terris
876 801 999 864 habitis
1014 802 1091 864 ante
1147 803 1188 864 ad
1202 819 1261 864 vos
1276 803 1436 868 dicebatis
1454 806 1550 883 lapsu
1565 807 1724 884 temporis
1739 806 1941 870 devolutam.

296 903 479 964 Concilium
522 902 678 978 generale
717 916 776 962 seu
815 901 1092 963 nutrimentorum
1147 902 1293 979 Cumque
1314 917 1415 980 super
1442 903 1620 966 collatione
1641 902 1828 981 praebendae
1851 905 1944 966 illius

295 1001 454 1077 ipsorum,
474 999 593 1076 spretis
614 997 812 1075 Apostolicae
835 997 929 1058 Sedis
949 997 1091 1074 privile·
1146 999 1306 1061 intervos
1326 1001 1360 1061 et
1382 1001 1607 1062 venerabilem
1633 1001 1770 1063 fratrem
1795 1005 1944 1064 nostrum

296 1097 405 1173 legiis
431 1098 639 1174 extorquere,
656 1094 838 1156 monitione
852 1095 1038 1172 praemissa,
1062 1094 1092 1154 si
1147 1097 1322 1158 carnoten.
1336 1097 1528 1175 episcopum
1545 1099 1664 1162 luisset
1675 1099 1814 1176 quaestio
1832 1101 1943 1162 susci-

296 1195 376 1256 laici
390 1195 522 1266 luerint,
539 1193 670 1270 publice
690 1193 837 1254 candelis
848 1183 1013 1266 'accensis
1028 1209 1091 1253 ex·
1146 1194 1226 1266 tata,
1238 1195 1497 1272 proponentibus
1508 1195 1601 1258 vobis
1615 1197 1827 1258 donationem
1837 1196 1946 1274 ipsius

297 1291 606 1355 communicationis
636 1291 800 1353 sententia
825 1290 1024 1369 percellatis.
1056 1290 1091 1352 Si
1146 1290 1332 1368 praebendae
1346 1293 1388 1353 ad
1402 1308 1462 1354 vos
1477 1293 1604 1371 dejure
1619 1295 1785 1371 spectare3
1808 1295 1947 1372 acepis-

295 1406 376 1453 rero
414 1388 528 1451 clerici
559 1389 613 1451 rel
641 1390 795 1450 canonici
822 1389 992 1466 regulares
1032 1401 1092 1450 seu
1147 1405 1229 1466 copo
1244 1391 1425 1462 asserente,
1443 1391 1529 1468 quod
1545 1391 1656 1453 desua
1672 1392 1886 1454 concessione
1902 1393 1944 1454 ad

297 1487 452 1550 monachi
478 1486 620 1560 fuerint,
646 1486 868 1564 appellatione
896 1487 1034 1560 remota,
1051 1485 1091 1548 ab
1146 1486 1340 1563 praedictum
1354 1487 1558 1550 cardinalem
1573 1489 1759 1566 praebendae
1772 1490 1946 1552 concessio

296 1586 406 1649 oidclo
430 1588 463 1648 et
487 1585 650 1647 beneflcio
683 1584 908 1662 suspendatis,
940 1585 1092 1646 neutram
1146 1583 1343 1662 pertinebat.
1372 1585 1581 1646 Venerabilis
1606 1585 1711 1648 frater
1747 1587 1861 1648 noster
1886 1602 1948 1648 ar-

295 1683 480 1747 relaxaturi
501 1683 699 1746 sententiam
721 1682 825 1746 donec
839 1683 1008 1760 praedictis
1022 1681 1093 1745 lra—
1147 1681 1943 1760 chlepiscopusSenonen.proposuitexadvers0‚

295 1782 402 1846 tribus
430 1781 581 1859 plenarie
608 1780 834 1855 satisfaciant3
862 1781 896 1843 ei
919 1781 987 1842 tam
1012 1780 1092 1842 laici
1146 1779 1232 1856 quod
1246 1795 1347 1857 quum
1357 1778 1536 1857 praebenda
1550 1780 1611 1842 illa
1621 1795 1681 1858 per
1690 1795 1815 1842 annum
1827 1782 1860 1843 et
1871 1797 1948 1844 am-

297 1896 396 1958 quam
411 1879 524 1942 clerici
537 1879 714 1941 saeculares
727 1879 784 1956 qui
795 1893 855 1955 pro
867 1878 1012 1942 violenta
1025 1892 1092 1940 ma·
1145 1876 1233 1952 plius
1244 1879 1315 1954 jam
1327 1877 1489 1950 vacasset,
1504 1877 1653 1955 potestas
1662 1876 1854 1940 conterendi
1868 1893 1946 1941 eam

296 1974 1092 2054 nuuminjectioneanathematisvinculofuerint
1145 1973 1188 2034 ad
1213 1973 1323 2050 ipsum
1349 1973 1459 2040 iuerat
1493 1973 1675 2037 secundum
1707 1974 1948 2038 lateranensis

296 2071 1091 2151 innodati,quumdioecesaniepiscopilitterisad
1146 2071 1268 2134 statuta
1292 2071 1427 2134 concilii
1454 2069 1621 2135 devoluta.
1650 2071 1744 2135 Unde
1767 2074 1836 2136 tam
1853 2073 1945 2136 idem

298 2171 417 2234 Sedem
443 2169 666 2249 Apostolicam
690 2170 879 2244 venientes,
908 2169 950 2232 ab
976 2169 1091 2232 eodem
1146 2168 1418 2248 archiepiscopus
1432 2185 1493 2247 pro
1507 2169 1762 2233 conservatione
1774 2171 1860 2248 juris
1875 2173 1944 2247 sui,

296 2267 430 2330 vinculo
445 2269 636 2331 mereantur
651 2267 912 2330 absolutorias
930 2269 1041 2330 autem
1056 2269 1091 2330 in
1146 2281 1245 2344 quam
1262 2266 1438 2345 episcopus
1461 2269 1496 2330 et
1517 2267 1676 2347 praelatus
1702 2268 1863 2345 magister
1881 2285 1947 2346 pre

297 2366 415 2445 quibus
425 2366 512 2429 bona
526 2365 759 2443 praedictorum
772 2365 912 2428 fratrum
922 2365 975 2428 uel
988 2365 1092 2427 bomi-
1140 2365 1218 2440 jure
1232 2378 1391 2426 concesso
1405 2363 1571 2427 cardinali
1586 2365 1744 2442 praedicto
1759 2366 1800 2427 ad
1824 2366 1944 2428 sedern

295 2478 375 2527 num
390 2463 796 2542 s‘uorumperviolentiam
809 2462 940 2527 detenta
955 2463 1089 2533 luerint,
1144 2461 1368 2539 Apostolicam
1399 2462 1620 2541 appellarunt.
1647 2465 1696 2524 'l'u
1722 2479 1863 2543 quoque,
1892 2465 1945 2526 nli

296 2561 443 2640 quandiu
457 2562 504 2623 ibi
526 2560 613 2634 sunt,
626 2561 794 2624 interdicti
809 2563 983 2624 sententiae
1005 2577 1089 2638 sup·
1145 2558 1280 2632 decane,
1295 2575 1369 2620 cum
1384 2559 1580 2637 quibusdam
1591 2560 1679 2633 aliis,
1697 2576 1741 2624 ne
1754 2561 1838 2624 citra
1855 2561 1948 2623 deli-

295 2657 438 2737 ponatis.
453 2660 573 2722 Datum
585 2660 752 2733 Laterani,
767 2660 866 2722 tertio
881 2659 956 2721 idus
966 2662 1091 2738 janua·
1144 2656 1326 2719 berationis
1347 2659 1469 2719 nostrae
1491 2657 1649 2720 statutum
1663 2657 1790 2737 aliquid
1803 2660 1947 2722 ordina-

294 2757 351 2830 rii,
364 2756 575 2835 pontificatus
589 2757 695 2820 nostri
708 2773 796 2819 anno
810 2756 930 2837 primo.
1067 2801 1069 2804 -
1145 2754 1296 2817 retunde
1314 2754 1491 2832 praebenda
1511 2755 1680 2832 praedicta,
1703 2756 1851 2819 nostram
1873 2774 1942 2820 au-

1145 2852 1302 2914 dientiam
1314 2851 1500 2930 appellasti.
1510 2853 1578 2915 Nos
1588 2852 1692 2929 igitur
1700 2853 1779 2916 dicti
1789 2855 1944 2931 magistri

836 2930 841 2945 Χ
1144 2950 1298 3012 meritum
1318 2949 1536 3022 attendentes,
1562 2951 1616 3012 cui
1636 2966 1737 3029 super
1761 2951 1944 3016 sufficienti

597 3009 788 3098 CXXXVI
1145 3048 1333 3110 litteratura
1349 3048 1382 3110 et
1395 3047 1543 3127 moribus
1558 3047 1738 3126 plurimum
1750 3049 1944 3112 testimonia

1145 3145 1383 3222 suffragantur,
1418 3143 1460 3206 ad
1489 3160 1607 3223 preces
1639 3145 1719 3209 dicti
1746 3146 1943 3222 cardinalis,

294 3225 348 3284 Ad
379 3225 545 3286 demeum
572 3224 821 3300 cicendelum
849 3225 1087 3289 carnotenses.
1145 3258 1242 3321 quem
1267 3242 1356 3304 inter
1377 3242 1463 3305 arros
1487 3242 1609 3305 ratres
1636 3243 1767 3307 nostros
1799 3246 1943 3322 speciali

588 3337 621 3396 lt
632 3337 693 3412 jan.
714 3337 794 3398 lili.
1144 3339 1313 3417 diligimus
1328 3339 1482 3416 carituie3
1495 3340 1646 3404 volentes
1662 3329 1881 3404 nibilominus
1900 3342 1944 3407 de
1979 3382 1982 3388 ι
2087 3329 2088 3332 “

328 3461 448 3526 samse„
465 3459 512 3513 pb,
523 3461 543 3521 1,
552 3461 627 3527 epist.
639 3461 693 3514 132
705 3463 763 3514 p„
777 3463 814 3514 L,
827 3463 903 3514 pm,
916 3462 951 3514 d,
963 3462 1058 3527 min,
1144 3436 1252 3500 medio
1265 3438 1413 3500 vestrum
1425 3452 1555 3500 omnem
1572 3437 1747 3501 discordias
1762 3439 1940 3504 materiam

1144 3550 1311 3609 amovere,
1336 3550 1404 3597 non
1431 3535 1591 3598 habentes
1620 3536 1806 3613 respectum
1831 3537 1874 3598 ad
1902 3554 1942 3602 ea

294 3603 426 3666 becloi-at
450 3619 482 3664 so
503 3604 685 3678 praebendum
708 3605 739 3664 in
770 3605 892 3664 ecclesia
922 3605 1089 3665 carnotensi
1166 3648 1217 3694 ,1ae
1229 3633 1304 3694 acta
1319 3633 1395 3694 sunt
1445 3647 1497 3694 „ae
1512 3632 1597 3695 forte
1632 3634 1745 3696 ΘΒΜ
1758 3635 1942 3698 secundum

329 3701 479 3794 vacantem
493 3695 671 3795 concessisse
681 3695 1089 3769 magistrobartclericocar·
1143 3649 1360 3791 gubtffitatem
1379 3649 1467 3806 fingis
1489 3651 1639 3791 invandpa
1666 3731 1826 3809 reputari,
1852 3749 1943 3810 pm-

328 3779 417 3840 d¹¹¹³¹¹
431 3783 460 3840 S·
481 3780 609 3840 Admm'
745 3899 750 3908 .
1143 3826 1283 3888 bendam
1311 3825 1418 3904 ipsam
1440 3825 1539 3889 tertia
1567 3826 1652 3888 feria
1682 3826 1835 3905 proxima
1862 3830 1941 3892 ante

334 3924 513 3998 Honorius,
534 3927 608 3997 etc,
634 3925 760 3988 decano
783 3925 816 3989 et
834 3927 979 4005 capitulo
1003 3929 1087 3991 Gar·
1143 3923 1357 3988 Nativitatem
1392 3924 1524 3986 Domini
1550 3924 1710 4001 magistro
1737 3926 1941 4006 consuimus

294 4021 406 4084 notan.
969 4092 975 4103 ι
1143 4024 1334 4096 memorato,
1356 4021 1573 4084 decernentes
1586 4023 1719 4084 irritum
1738 4024 1773 4085 et
1790 4023 1893 4087 inane
1910 4025 1939 4087 si

336 4119 430 4182 Sicut
463 4119 603 4183 dilectus
638 4119 727 4184 illius
768 4121 883 4184 noster
913 4125 945 4185 S.
982 4124 1088 4187 sancti
1143 4119 1219 4197 quid
1233 4119 1274 4180 de
1286 4119 1462 4198 praebenda
1476 4119 1549 4196 ipsa
1564 4120 1599 4180 in
1620 4120 1852 4197 praejudicium
1863 4137 1941 4184 con·

292 4213 433 4276 Adriani
456 4215 615 4277 diaconus
638 4215 818 4280 cardinalis
842 4232 948 4294 nuper
962 4233 1087 4296 propo·
1143 4217 1303 4280 cessionis
1322 4218 1445 4279 nostrae
1462 4217 1536 4294 post
1550 4217 1807 4295 appellationem
1822 4219 1864 4281 ad
1877 4236 1939 4282 nos

294 4311 483 4374 suitcoram
502 4311 610 4386 nobis,
631 4313 754 4375 dudum
776 4314 925 4392 tempore
948 4314 1088 4377 concilii
1142 4313 1289 4390 legitime
1326 4313 1556 4391 interpositam
1593 4313 1694 4377 suerii
1729 4315 1938 4379 attentatum.

293 4409 459 4484 generalis
491 4411 691 4474 venerabilis
723 4411 828 4474 irater
859 4414 973 4476 noster
1006 4415 1089 4475 Car-
1143 4412 1303 4483 Quocirca
1319 4409 1653 4474 universitatisestrae
1673 4414 1940 4490 parapostolica

293 4505 404 4567 notan.
423 4507 598 4584 episcopus
613 4509 700 4585 apud
725 4510 842 4571 sedem
864 4511 1087 4588 apostolicam
1142 4509 1265 4586 scripta
1293 4508 1515 4588 praecipiendo
1538 4507 1744 4583 mandamus,
1774 4511 1939 4587 quatenus

293 4602 502 4671 constitutus,
516 4604 551 4664 in
570 4604 701 4680 signum
719 4606 906 4669 dilectionis
925 4610 959 4670 et
971 4608 1087 4685 gratiae
1142 4605 1265 4668 dictum
1305 4606 1499 4682 magistrum
1540 4606 1699 4684 tanquam
1740 4609 1938 4670 canonicum

294 4699 450 4776 specialis
477 4700 667 4762 conserendi
695 4701 907 4780 praebendam
933 4721 1033 4765 unam
1051 4705 1087 4766 in
1142 4705 1288 4766 vestrum
1306 4703 1450 4780 benigna
1475 4703 1507 4766 et
1523 4701 1672 4765 fraterna
1695 4705 1836 4767 caritate
1849 4706 1940 4768 trac-

293 4796 434 4858 ecclesia
460 4797 635 4860 Carnoten.
665 4799 772 4861 eidem
799 4800 962 4863 cardinali
987 4802 1088 4864 cessit
1141 4803 1218 4864 tetis
1237 4801 1272 4862 in
1297 4801 1450 4863 omnibus
1469 4817 1542 4878 quae
1566 4800 1608 4862 ad
1631 4801 1844 4878 praebendam
1861 4817 1941 4880 per-

293 4897 346 4981 jus
366 4894 399 4957 et
418 4895 555 4959 tradidit
568 4896 775 4973 potestatem,
797 4898 880 4960 dans
902 4898 966 4961 sibi
987 4915 1087 4978 super
1140 4900 1247 4962 tinent
1261 4897 1324 4960 sibi
1338 4898 1509 4960 humiliter
1519 4898 1773 4977 respondentem
1789 4899 1939 4978 alioquin

291 4991 441 5056 nocsuas
450 4993 689 5058 testimoniales
698 4995 825 5059 litteras
834 4997 943 5074 sigillo
952 5000 1086 5076 proprio
1141 4997 1271 5059 dilectis
1298 4996 1376 5057 liliis
1404 4995 1534 5068 abbati,
1567 4995 1671 5073 priori
1699 4997 1734 5058 et
1760 4997 1938 5059 cellerario

290 5090 474 5154 roboratas.
497 5093 712 5155 Postmodum
733 5095 843 5158 autem
866 5095 955 5158 idem
976 5096 1087 5158 cardi·
1141 5100 1264 5156 sanctae
1286 5093 1460 5156 Genovelae
1485 5093 1650 5154 Parisien.
1679 5093 1796 5155 damus
1815 5095 1940 5158 nostris

291 5189 377 5252 nalis
392 5189 593 5253 cernnoatus
607 5207 668 5270 per
679 5191 807 5255 litteras
828 5193 975 5272 episcopi
990 5195 1087 5256 ante·
1140 5191 1260 5255 litteris
1279 5192 1314 5253 in
1329 5191 1506 5264 mandatis,
1523 5191 1560 5253 ut
1582 5190 1648 5268 ipsi
1665 5190 1842 5269 praelatum
1864 5208 1940 5254 ma-

291 5285 470 5364 dicitquod
487 5289 576 5350 certa
599 5288 776 5367 praebenda
797 5290 949 5364 vacabat,
970 5292 1087 5354 aucte-
1140 5289 1279 5368 gistrum
1304 5289 1341 5350 in
1364 5289 1496 5366 plenam
1521 5287 1708 5366 praebendae
1729 5289 1837 5367 ipsius
1859 5305 1939 5367 pos

289 5382 389 5445 ritate
416 5385 577 5448 cessionis
607 5386 713 5464 ipsius
746 5387 957 5465 praebendam
978 5389 1086 5466 ipsam
1140 5387 1322 5450 sessionem
1345 5386 1507 5449 inducant
1521 5387 1554 5448 et
1576 5386 1733 5448 tueantur
1750 5386 1934 5450 inductum.

289 5483 462 5543 vacantem
488 5484 647 5560 magistro
670 5487 746 5546 Bar.
777 5485 901 5549 clerico
926 5501 986 5548 sue
1011 5486 1085 5548 viro
1140 5483 1416 5556 contradictores
1443 5484 1472 5544 si
1489 5484 1546 5562 qui
1560 5482 1695 5555 luerint,
1712 5482 1765 5546 vel
1793 5484 1937 5546 rebelles

290 5576 552 5654 utiqueprovido
574 5581 761 5646 etdiscreto
776 5585 951 5656 concessit,
965 5587 1083 5662 postu·
1140 5599 1199 5662 per
1222 5597 1396 5646 censuram
1422 5581 1696 5654 ecclesiasticam,
1727 5581 1857 5644 sublato
1873 5597 1938 5658 ap-
