<?xml version="1.0" encoding="UTF-8"?>
<!DOCTYPE html PUBLIC "-//W3C//DTD XHTML 1.0 Transitional//EN"
    "http://www.w3.org/TR/xhtml1/DTD/xhtml1-transitional.dtd">
<html xmlns="http://www.w3.org/1999/xhtml" xml:lang="en" lang="en">
 <head>
  <title>
</title>
<meta http-equiv="Content-Type" content="text/html;charset=utf-8" />
  <meta name='ocr-system' content='tesseract 3.04.00' />
  <meta name='ocr-capabilities' content='ocr_page ocr_carea ocr_par ocr_line ocrx_word'/>
</head>
<body>
  <div class='ocr_page' id='page_1' title='image "./mediiaevibiblio02unkngoog_0370.png"; bbox 0 0 4234 6408; ppageno 0'>
   <div class='ocr_carea' id='block_1_1' title="bbox 139 183 1793 256">
    <p class='ocr_par' dir='ltr' id='par_1_1' title="bbox 139 183 1793 256">
     <span class='ocr_line' id='line_1_1' title="bbox 139 183 1793 256; baseline -0.004 -6"><span class='ocrx_word' id='word_1_1' title='bbox 139 184 200 250; x_wconf 80' lang='lat'>257</span> <span class='ocrx_word' id='word_1_2' title='bbox 772 183 1002 248; x_wconf 77' lang='lat' dir='ltr'>aeternnm.</span> <span class='ocrx_word' id='word_1_3' title='bbox 1026 187 1104 250; x_wconf 83' lang='lat' dir='ltr'>nra.</span> <span class='ocrx_word' id='word_1_4' title='bbox 1129 190 1153 250; x_wconf 93' lang='lat'>1.</span> <span class='ocrx_word' id='word_1_5' title='bbox 1733 193 1793 256; x_wconf 71' lang='lat'>253</span> 
     </span>
    </p>
   </div>
   <div class='ocr_carea' id='block_1_2' title="bbox 138 341 1830 2570">
    <p class='ocr_par' dir='ltr' id='par_1_2' title="bbox 141 341 1791 426">
     <span class='ocr_line' id='line_1_2' title="bbox 141 341 1791 426; baseline 0.004 -18"><span class='ocrx_word' id='word_1_6' title='bbox 141 343 290 417; x_wconf 88' lang='lat' dir='ltr'>retentis,</span> <span class='ocrx_word' id='word_1_7' title='bbox 307 341 342 406; x_wconf 93' lang='lat' dir='ltr'>in</span> <span class='ocrx_word' id='word_1_8' title='bbox 357 341 474 404; x_wconf 89' lang='lat' dir='ltr'>ordine</span> <span class='ocrx_word' id='word_1_9' title='bbox 497 355 558 420; x_wconf 93' lang='lat' dir='ltr'>pro</span> <span class='ocrx_word' id='word_1_10' title='bbox 582 341 649 406; x_wconf 87' lang='lat' dir='ltr'>Deo</span> <span class='ocrx_word' id='word_1_11' title='bbox 673 343 806 418; x_wconf 88' lang='lat' dir='ltr'>serviat,</span> <span class='ocrx_word' id='word_1_12' title='bbox 824 345 942 424; x_wconf 91' lang='lat' dir='ltr'>etpost</span> <span class='ocrx_word' id='word_1_13' title='bbox 994 347 1095 410; x_wconf 91' lang='lat' dir='ltr'>tionis</span> <span class='ocrx_word' id='word_1_14' title='bbox 1110 348 1291 426; x_wconf 80' lang='lat' dir='ltr'>intringere</span> <span class='ocrx_word' id='word_1_15' title='bbox 1304 349 1356 410; x_wconf 89' lang='lat' dir='ltr'>rel</span> <span class='ocrx_word' id='word_1_16' title='bbox 1369 349 1400 410; x_wconf 90' lang='lat' dir='ltr'>el</span> <span class='ocrx_word' id='word_1_17' title='bbox 1415 364 1499 410; x_wconf 89' lang='lat' dir='ltr'>ausu</span> <span class='ocrx_word' id='word_1_18' title='bbox 1513 351 1691 413; x_wconf 86' lang='lat' dir='ltr'>temerario</span> <span class='ocrx_word' id='word_1_19' title='bbox 1707 369 1791 414; x_wconf 87' lang='lat' dir='ltr'>con-</span> 
     </span>
    </p>

    <p class='ocr_par' dir='ltr' id='par_1_3' title="bbox 143 439 1795 526">
     <span class='ocr_line' id='line_1_3' title="bbox 143 439 1795 526; baseline 0.003 -19"><span class='ocrx_word' id='word_1_20' title='bbox 143 458 277 513; x_wconf 89' lang='lat' dir='ltr'>annum,</span> <span class='ocrx_word' id='word_1_21' title='bbox 300 439 473 502; x_wconf 92' lang='lat' dir='ltr'>sibonum</span> <span class='ocrx_word' id='word_1_22' title='bbox 498 442 531 502; x_wconf 87' lang='lat' dir='ltr'>et</span> <span class='ocrx_word' id='word_1_23' title='bbox 555 441 756 503; x_wconf 85' lang='lat' dir='ltr'>conveniens</span> <span class='ocrx_word' id='word_1_24' title='bbox 789 442 942 505; x_wconf 86' lang='lat' dir='ltr'>videatur</span> <span class='ocrx_word' id='word_1_25' title='bbox 995 445 1108 507; x_wconf 87' lang='lat' dir='ltr'>traire.</span> <span class='ocrx_word' id='word_1_26' title='bbox 1137 446 1171 508; x_wconf 87' lang='lat' dir='ltr'>Si</span> <span class='ocrx_word' id='word_1_27' title='bbox 1189 448 1263 524; x_wconf 91' lang='lat' dir='ltr'>quis</span> <span class='ocrx_word' id='word_1_28' title='bbox 1289 447 1399 508; x_wconf 88' lang='lat' dir='ltr'>autem</span> <span class='ocrx_word' id='word_1_29' title='bbox 1425 447 1487 508; x_wconf 86' lang='lat' dir='ltr'>lroc</span> <span class='ocrx_word' id='word_1_30' title='bbox 1516 448 1679 510; x_wconf 84' lang='lat' dir='ltr'>attentare</span> <span class='ocrx_word' id='word_1_31' title='bbox 1708 467 1795 526; x_wconf 76' lang='lat' dir='ltr'>pree-</span> 
     </span>
    </p>

    <p class='ocr_par' dir='ltr' id='par_1_4' title="bbox 144 537 1792 624">
     <span class='ocr_line' id='line_1_4' title="bbox 144 537 1792 624; baseline 0.002 -20"><span class='ocrx_word' id='word_1_32' title='bbox 144 541 297 604; x_wconf 91' lang='lat' dir='ltr'>ministro</span> <span class='ocrx_word' id='word_1_33' title='bbox 312 538 426 601; x_wconf 90' lang='lat' dir='ltr'>domus</span> <span class='ocrx_word' id='word_1_34' title='bbox 442 540 475 600; x_wconf 89' lang='lat' dir='ltr'>et</span> <span class='ocrx_word' id='word_1_35' title='bbox 488 537 648 601; x_wconf 84' lang='lat' dir='ltr'>iratribus</span> <span class='ocrx_word' id='word_1_36' title='bbox 672 539 705 600; x_wconf 87' lang='lat' dir='ltr'>et</span> <span class='ocrx_word' id='word_1_37' title='bbox 725 539 786 611; x_wconf 89' lang='lat' dir='ltr'>illi,</span> <span class='ocrx_word' id='word_1_38' title='bbox 802 541 834 600; x_wconf 88' lang='lat' dir='ltr'>et</span> <span class='ocrx_word' id='word_1_39' title='bbox 849 541 941 601; x_wconf 92' lang='lat' dir='ltr'>locus</span> <span class='ocrx_word' id='word_1_40' title='bbox 996 545 1175 620; x_wconf 78' lang='lat' dir='ltr'>sumpserit</span> <span class='ocrx_word' id='word_1_41' title='bbox 1192 545 1454 621; x_wconf 81' lang='lat' dir='ltr'>indignationem</span> <span class='ocrx_word' id='word_1_42' title='bbox 1471 545 1705 624; x_wconf 87' lang='lat' dir='ltr'>omnipotentis</span> <span class='ocrx_word' id='word_1_43' title='bbox 1721 549 1792 622; x_wconf 87' lang='lat' dir='ltr'>Del,</span> 
     </span>
    </p>

    <p class='ocr_par' dir='ltr' id='par_1_5' title="bbox 143 633 1794 720">
     <span class='ocr_line' id='line_1_5' title="bbox 143 633 1794 720; baseline 0.004 -19"><span class='ocrx_word' id='word_1_44' title='bbox 143 637 313 702; x_wconf 79' lang='lat' dir='ltr'>vacaverit</span> <span class='ocrx_word' id='word_1_45' title='bbox 335 633 527 712; x_wconf 73' lang='lat' dir='ltr'>recipiatur.</span> <span class='ocrx_word' id='word_1_46' title='bbox 555 635 650 698; x_wconf 88' lang='lat' dir='ltr'>Nihil</span> <span class='ocrx_word' id='word_1_47' title='bbox 672 637 783 698; x_wconf 86' lang='lat' dir='ltr'>tamen</span> <span class='ocrx_word' id='word_1_48' title='bbox 803 653 863 714; x_wconf 93' lang='lat' dir='ltr'>pro</span> <span class='ocrx_word' id='word_1_49' title='bbox 887 653 943 698; x_wconf 91' lang='lat' dir='ltr'>re-</span> <span class='ocrx_word' id='word_1_50' title='bbox 997 656 1037 702; x_wconf 90' lang='lat' dir='ltr'>ac</span> <span class='ocrx_word' id='word_1_51' title='bbox 1062 641 1233 704; x_wconf 89' lang='lat' dir='ltr'>beatorum</span> <span class='ocrx_word' id='word_1_52' title='bbox 1262 643 1352 705; x_wconf 90' lang='lat' dir='ltr'>Petri</span> <span class='ocrx_word' id='word_1_53' title='bbox 1382 643 1415 704; x_wconf 89' lang='lat' dir='ltr'>et</span> <span class='ocrx_word' id='word_1_54' title='bbox 1448 643 1544 704; x_wconf 87' lang='lat' dir='ltr'>Pauli</span> <span class='ocrx_word' id='word_1_55' title='bbox 1568 644 1794 720; x_wconf 87' lang='lat' dir='ltr'>apostolorum</span> 
     </span>
    </p>

    <p class='ocr_par' dir='ltr' id='par_1_6' title="bbox 146 732 1796 817">
     <span class='ocr_line' id='line_1_6' title="bbox 146 732 1796 817; baseline 0.003 -17"><span class='ocrx_word' id='word_1_56' title='bbox 146 737 295 814; x_wconf 89' lang='lat' dir='ltr'>ceptione</span> <span class='ocrx_word' id='word_1_57' title='bbox 309 749 370 794; x_wconf 89' lang='lat' dir='ltr'>sua</span> <span class='ocrx_word' id='word_1_58' title='bbox 383 733 548 810; x_wconf 81' lang='lat' dir='ltr'>exigatur.</span> <span class='ocrx_word' id='word_1_59' title='bbox 571 732 697 812; x_wconf 80' lang='lat' dir='ltr'>Siquid</span> <span class='ocrx_word' id='word_1_60' title='bbox 712 735 822 796; x_wconf 87' lang='lat' dir='ltr'>tamen</span> <span class='ocrx_word' id='word_1_61' title='bbox 837 735 942 812; x_wconf 86' lang='lat' dir='ltr'>gratis</span> <span class='ocrx_word' id='word_1_62' title='bbox 997 739 1070 817; x_wconf 87' lang='lat' dir='ltr'>ejus</span> <span class='ocrx_word' id='word_1_63' title='bbox 1095 755 1130 800; x_wconf 91' lang='lat' dir='ltr'>se</span> <span class='ocrx_word' id='word_1_64' title='bbox 1152 739 1283 803; x_wconf 84' lang='lat' dir='ltr'>nouerit</span> <span class='ocrx_word' id='word_1_65' title='bbox 1307 740 1529 802; x_wconf 89' lang='lat' dir='ltr'>incursurum.</span> <span class='ocrx_word' id='word_1_66' title='bbox 1560 745 1678 804; x_wconf 86' lang='lat' dir='ltr'>Datum</span> <span class='ocrx_word' id='word_1_67' title='bbox 1703 745 1796 806; x_wconf 86' lang='lat' dir='ltr'>Late·</span> 
     </span>
    </p>

    <p class='ocr_par' dir='ltr' id='par_1_7' title="bbox 146 830 1795 919">
     <span class='ocr_line' id='line_1_7' title="bbox 146 830 1795 919; baseline 0.004 -23"><span class='ocrx_word' id='word_1_68' title='bbox 146 833 282 904; x_wconf 90' lang='lat' dir='ltr'>dederit,</span> <span class='ocrx_word' id='word_1_69' title='bbox 303 831 500 919; x_wconf 83' lang='lat' dir='ltr'>recipiatur3</span> <span class='ocrx_word' id='word_1_70' title='bbox 527 830 604 893; x_wconf 90' lang='lat' dir='ltr'>dum</span> <span class='ocrx_word' id='word_1_71' title='bbox 627 841 740 894; x_wconf 83' lang='lat' dir='ltr'>tamen</span> <span class='ocrx_word' id='word_1_72' title='bbox 761 832 828 895; x_wconf 89' lang='lat' dir='ltr'>tale</span> <span class='ocrx_word' id='word_1_73' title='bbox 847 831 943 896; x_wconf 89' lang='lat' dir='ltr'>sitde</span> <span class='ocrx_word' id='word_1_74' title='bbox 997 837 1084 905; x_wconf 86' lang='lat' dir='ltr'>rani,</span> <span class='ocrx_word' id='word_1_75' title='bbox 1098 837 1213 916; x_wconf 89' lang='lat' dir='ltr'>quinto</span> <span class='ocrx_word' id='word_1_76' title='bbox 1228 837 1302 900; x_wconf 88' lang='lat' dir='ltr'>idus</span> <span class='ocrx_word' id='word_1_77' title='bbox 1314 837 1486 912; x_wconf 81' lang='lat' dir='ltr'>februarii,</span> <span class='ocrx_word' id='word_1_78' title='bbox 1498 841 1709 916; x_wconf 88' lang='lat' dir='ltr'>pontificatus</span> <span class='ocrx_word' id='word_1_79' title='bbox 1721 859 1795 902; x_wconf 71' lang='lat' dir='ltr'>nos-¹</span> 
     </span>
    </p>

    <p class='ocr_par' dir='ltr' id='par_1_8' title="bbox 147 929 1278 1013">
     <span class='ocr_line' id='line_1_8' title="bbox 147 929 1278 1013; baseline 0.006 -21"><span class='ocrx_word' id='word_1_80' title='bbox 147 947 210 1010; x_wconf 78' lang='lat' dir='ltr'>quo</span> <span class='ocrx_word' id='word_1_81' title='bbox 220 929 941 1006; x_wconf 81' lang='lat' dir='ltr'>nonuideaturecclssiaelitigiumimminere.</span> <span class='ocrx_word' id='word_1_82' title='bbox 998 935 1041 997; x_wconf 90' lang='lat' dir='ltr'>tri</span> <span class='ocrx_word' id='word_1_83' title='bbox 1057 951 1146 998; x_wconf 88' lang='lat' dir='ltr'>anno</span> <span class='ocrx_word' id='word_1_84' title='bbox 1160 935 1278 1013; x_wconf 91' lang='lat' dir='ltr'>primo.</span> 
     </span>
    </p>

    <p class='ocr_par' dir='ltr' id='par_1_9' title="bbox 138 1027 945 1105">
     <span class='ocr_line' id='line_1_9' title="bbox 138 1027 945 1105; baseline 0 -14"><span class='ocrx_word' id='word_1_85' title='bbox 138 1030 272 1092; x_wconf 79' lang='lat' dir='ltr'>&#39;sivero</span> <span class='ocrx_word' id='word_1_86' title='bbox 294 1027 335 1090; x_wconf 92' lang='lat' dir='ltr'>de</span> <span class='ocrx_word' id='word_1_87' title='bbox 360 1027 532 1105; x_wconf 87' lang='lat' dir='ltr'>eujusdam</span> <span class='ocrx_word' id='word_1_88' title='bbox 552 1028 700 1090; x_wconf 90' lang='lat' dir='ltr'>moribus</span> <span class='ocrx_word' id='word_1_89' title='bbox 722 1029 831 1090; x_wconf 79' lang='lat' dir='ltr'>risum</span> <span class='ocrx_word' id='word_1_90' title='bbox 844 1028 945 1091; x_wconf 88' lang='lat' dir='ltr'>luerit</span> 
     </span>
    </p>

    <p class='ocr_par' dir='ltr' id='par_1_10' title="bbox 145 1125 1471 1241">
     <span class='ocr_line' id='line_1_10' title="bbox 145 1125 1471 1241; baseline 0.002 -53"><span class='ocrx_word' id='word_1_91' title='bbox 145 1125 371 1197; x_wconf 89' lang='lat' dir='ltr'>dubitandum,</span> <span class='ocrx_word' id='word_1_92' title='bbox 384 1125 548 1202; x_wconf 88' lang='lat' dir='ltr'>prolixior</span> <span class='ocrx_word' id='word_1_93' title='bbox 559 1125 648 1188; x_wconf 89' lang='lat' dir='ltr'>deeo</span> <span class='ocrx_word' id='word_1_94' title='bbox 658 1126 809 1203; x_wconf 90' lang='lat' dir='ltr'>probatio</span> <span class='ocrx_word' id='word_1_95' title='bbox 820 1125 946 1190; x_wconf 86' lang='lat' dir='ltr'>habea·</span> <span class='ocrx_word' id='word_1_96' title='bbox 1334 1153 1471 1241; x_wconf 69' lang='lat' dir='ltr'>CCVII</span> 
     </span>
    </p>

    <p class='ocr_par' dir='ltr' id='par_1_11' title="bbox 145 1222 946 1301">
     <span class='ocr_line' id='line_1_11' title="bbox 145 1222 946 1301; baseline -0.001 -15"><span class='ocrx_word' id='word_1_97' title='bbox 145 1225 210 1286; x_wconf 91' lang='lat' dir='ltr'>tur.</span> <span class='ocrx_word' id='word_1_98' title='bbox 228 1224 263 1286; x_wconf 89' lang='lat' dir='ltr'>Si</span> <span class='ocrx_word' id='word_1_99' title='bbox 273 1224 350 1285; x_wconf 88' lang='lat' dir='ltr'>ante</span> <span class='ocrx_word' id='word_1_100' title='bbox 364 1222 590 1300; x_wconf 83' lang='lat' dir='ltr'>receptionem</span> <span class='ocrx_word' id='word_1_101' title='bbox 602 1223 726 1301; x_wconf 79' lang='lat' dir='ltr'>aliquis</span> <span class='ocrx_word' id='word_1_102' title='bbox 736 1223 946 1301; x_wconf 86' lang='lat' dir='ltr'>seintempe-</span> 
     </span>
    </p>

    <p class='ocr_par' dir='ltr' id='par_1_12' title="bbox 145 1319 1797 1399">
     <span class='ocr_line' id='line_1_12' title="bbox 145 1319 1797 1399; baseline 0.003 -15"><span class='ocrx_word' id='word_1_103' title='bbox 145 1323 261 1384; x_wconf 88' lang='lat' dir='ltr'>ranter</span> <span class='ocrx_word' id='word_1_104' title='bbox 272 1319 437 1392; x_wconf 88' lang='lat' dir='ltr'>habuerit,</span> <span class='ocrx_word' id='word_1_105' title='bbox 455 1321 487 1383; x_wconf 90' lang='lat' dir='ltr'>et</span> <span class='ocrx_word' id='word_1_106' title='bbox 508 1321 685 1398; x_wconf 74' lang='lat' dir='ltr'>impatiens</span> <span class='ocrx_word' id='word_1_107' title='bbox 701 1321 896 1399; x_wconf 87' lang='lat' dir='ltr'>disciplinae,</span> <span class='ocrx_word' id='word_1_108' title='bbox 912 1322 946 1383; x_wconf 87' lang='lat' dir='ltr'>et</span> <span class='ocrx_word' id='word_1_109' title='bbox 999 1323 1051 1383; x_wconf 84' lang='lat' dir='ltr'>Ad</span> <span class='ocrx_word' id='word_1_110' title='bbox 1064 1323 1220 1384; x_wconf 82' lang='lat' dir='ltr'>abbatem</span> <span class='ocrx_word' id='word_1_111' title='bbox 1238 1323 1508 1397; x_wconf 78' lang='lat' dir='ltr'>conventumque</span> <span class='ocrx_word' id='word_1_112' title='bbox 1523 1327 1557 1386; x_wconf 82' lang='lat' dir='ltr'>S.</span> <span class='ocrx_word' id='word_1_113' title='bbox 1568 1328 1695 1388; x_wconf 74' lang='lat' dir='ltr'>Merite</span> <span class='ocrx_word' id='word_1_114' title='bbox 1708 1328 1742 1389; x_wconf 87' lang='lat' dir='ltr'>et</span> <span class='ocrx_word' id='word_1_115' title='bbox 1752 1331 1797 1389; x_wconf 80' lang='lat' dir='ltr'>ud</span> 
     </span>
    </p>

    <p class='ocr_par' dir='ltr' id='par_1_13' title="bbox 147 1417 1601 1497">
     <span class='ocr_line' id='line_1_13' title="bbox 147 1417 1601 1497; baseline 0.002 -17"><span class='ocrx_word' id='word_1_116' title='bbox 147 1419 189 1480; x_wconf 92' lang='lat' dir='ltr'>ad</span> <span class='ocrx_word' id='word_1_117' title='bbox 203 1417 379 1480; x_wconf 85' lang='lat' dir='ltr'>arbitrium</span> <span class='ocrx_word' id='word_1_118' title='bbox 394 1417 540 1480; x_wconf 90' lang='lat' dir='ltr'>ministri</span> <span class='ocrx_word' id='word_1_119' title='bbox 554 1434 621 1480; x_wconf 89' lang='lat' dir='ltr'>non</span> <span class='ocrx_word' id='word_1_120' title='bbox 633 1419 860 1481; x_wconf 84' lang='lat' dir='ltr'>emendaverit</span> <span class='ocrx_word' id='word_1_121' title='bbox 874 1435 947 1480; x_wconf 91' lang='lat' dir='ltr'>mo-</span> <span class='ocrx_word' id='word_1_122' title='bbox 1191 1423 1381 1482; x_wconf 72' lang='lat' dir='ltr'>arnoldum</span> <span class='ocrx_word' id='word_1_123' title='bbox 1395 1424 1601 1497; x_wconf 80' lang='lat' dir='ltr'>episcopum.</span> 
     </span>
    </p>

    <p class='ocr_par' dir='ltr' id='par_1_14' title="bbox 146 1514 945 1590">
     <span class='ocr_line' id='line_1_14' title="bbox 146 1514 945 1590; baseline 0 -12"><span class='ocrx_word' id='word_1_124' title='bbox 146 1533 200 1578; x_wconf 89' lang='lat' dir='ltr'>res</span> <span class='ocrx_word' id='word_1_125' title='bbox 213 1533 304 1590; x_wconf 91' lang='lat' dir='ltr'>suos,</span> <span class='ocrx_word' id='word_1_126' title='bbox 327 1514 494 1578; x_wconf 85' lang='lat' dir='ltr'>tribuatur</span> <span class='ocrx_word' id='word_1_127' title='bbox 504 1515 537 1578; x_wconf 94' lang='lat' dir='ltr'>ei</span> <span class='ocrx_word' id='word_1_128' title='bbox 559 1515 706 1578; x_wconf 90' lang='lat' dir='ltr'>modeste</span> <span class='ocrx_word' id='word_1_129' title='bbox 721 1516 858 1578; x_wconf 90' lang='lat' dir='ltr'>licentia</span> <span class='ocrx_word' id='word_1_130' title='bbox 871 1533 945 1578; x_wconf 92' lang='lat' dir='ltr'>cum</span> 
     </span>
    </p>

    <p class='ocr_par' dir='ltr' id='par_1_15' title="bbox 145 1585 1494 1692">
     <span class='ocr_line' id='line_1_15' title="bbox 145 1585 1494 1692; baseline 0.001 -16"><span class='ocrx_word' id='word_1_131' title='bbox 145 1614 300 1676; x_wconf 87' lang='lat' dir='ltr'>omnibus</span> <span class='ocrx_word' id='word_1_132' title='bbox 321 1629 396 1692; x_wconf 83' lang='lat' dir='ltr'>quae</span> <span class='ocrx_word' id='word_1_133' title='bbox 418 1613 539 1687; x_wconf 89' lang='lat' dir='ltr'>attulit,</span> <span class='ocrx_word' id='word_1_134' title='bbox 558 1613 746 1676; x_wconf 86' lang='lat' dir='ltr'>recedendi.</span> <span class='ocrx_word' id='word_1_135' title='bbox 771 1616 808 1676; x_wconf 93' lang='lat' dir='ltr'>ln</span> <span class='ocrx_word' id='word_1_136' title='bbox 830 1615 946 1676; x_wconf 89' lang='lat' dir='ltr'>ordine</span> <span class='ocrx_word' id='word_1_137' title='bbox 1290 1585 1396 1644; x_wconf 74' lang='lat' dir='ltr'>tlebr.</span> <span class='ocrx_word' id='word_1_138' title='bbox 1414 1587 1494 1646; x_wconf 75' lang='lat'>¹²¹⁷·</span> 
     </span>
    </p>

    <p class='ocr_par' dir='ltr' id='par_1_16' title="bbox 148 1710 1796 1791">
     <span class='ocr_line' id='line_1_16' title="bbox 148 1710 1796 1791; baseline 0.005 -18"><span class='ocrx_word' id='word_1_139' title='bbox 148 1728 228 1776; x_wconf 84' lang='lat' dir='ltr'>vero</span> <span class='ocrx_word' id='word_1_140' title='bbox 238 1713 359 1790; x_wconf 87' lang='lat' dir='ltr'>aliquis</span> <span class='ocrx_word' id='word_1_141' title='bbox 368 1711 625 1790; x_wconf 86' lang='lat' dir='ltr'>nonreoipiatur</span> <span class='ocrx_word' id='word_1_142' title='bbox 635 1713 812 1791; x_wconf 89' lang='lat' dir='ltr'>antequam</span> <span class='ocrx_word' id='word_1_143' title='bbox 822 1727 947 1774; x_wconf 89' lang='lat' dir='ltr'>annum</span> <span class='ocrx_word' id='word_1_144' title='bbox 1002 1710 1796 1782; x_wconf 69' lang='lat' dir='ltr'>patenum,apsup.c11nens.inaneua,Proiectus.oo]</span> 
     </span>
    </p>

    <p class='ocr_par' dir='ltr' id='par_1_17' title="bbox 147 1809 1797 1922">
     <span class='ocr_line' id='line_1_17' title="bbox 147 1809 1797 1922; baseline 0.001 -18"><span class='ocrx_word' id='word_1_145' title='bbox 147 1809 754 1922; x_wconf 42' lang='grc' dir='ltr'>ΜΨἡξθῗίωψθοφριθγίεεθ·</span> <span class='ocrx_word' id='word_1_146' title='bbox 777 1809 947 1872; x_wconf 64' lang='lat' dir='ltr'>Pr⁰f⁰⁵⁸i⁰</span> <span class='ocrx_word' id='word_1_147' title='bbox 1002 1847 1244 1920; x_wconf 80' lang='lat' dir='ltr'>compositionem</span> <span class='ocrx_word' id='word_1_148' title='bbox 1265 1847 1337 1903; x_wconf 86' lang='lat' dir='ltr'>inter</span> <span class='ocrx_word' id='word_1_149' title='bbox 1357 1846 1489 1904; x_wconf 89' lang='lat' dir='ltr'>abbatam</span> <span class='ocrx_word' id='word_1_150' title='bbox 1511 1856 1742 1921; x_wconf 83' lang='lat' dir='ltr'>conventumque</span> <span class='ocrx_word' id='word_1_151' title='bbox 1761 1849 1797 1906; x_wconf 91' lang='lat' dir='ltr'>de</span> 
     </span>
    </p>

    <p class='ocr_par' dir='ltr' id='par_1_18' title="bbox 149 1908 1830 2093">
     <span class='ocr_line' id='line_1_18' title="bbox 149 1908 1794 2008; baseline 0.005 -23"><span class='ocrx_word' id='word_1_152' title='bbox 149 1923 227 1970; x_wconf 59' lang='lat'>&#39;³0¹⁰</span> <span class='ocrx_word' id='word_1_153' title='bbox 238 1925 273 1970; x_wconf 88' lang='lat' dir='ltr'>tn</span> <span class='ocrx_word' id='word_1_154' title='bbox 287 1908 426 1970; x_wconf 63' lang='lat' dir='ltr'>ffl&#39;bltrlo</span> <span class='ocrx_word' id='word_1_155' title='bbox 441 1908 817 1987; x_wconf 61' lang='lat' dir='ltr'>m¹¹¹1⁵ir¹1⁸⁰¹¹ffllu³tu¹⁸·</span> <span class='ocrx_word' id='word_1_156' title='bbox 1037 1935 1133 1993; x_wconf 74' lang='lat' dir='ltr'>Monte</span> <span class='ocrx_word' id='word_1_157' title='bbox 1148 1935 1176 1991; x_wconf 91' lang='lat' dir='ltr'>S.</span> <span class='ocrx_word' id='word_1_158' title='bbox 1191 1933 1287 1991; x_wconf 84' lang='lat' dir='ltr'>blariae</span> <span class='ocrx_word' id='word_1_159' title='bbox 1302 1947 1337 1989; x_wconf 83' lang='lat' dir='ltr'>ex</span> <span class='ocrx_word' id='word_1_160' title='bbox 1347 1940 1426 2006; x_wconf 88' lang='lat' dir='ltr'>parte</span> <span class='ocrx_word' id='word_1_161' title='bbox 1438 1948 1506 2002; x_wconf 85' lang='lat' dir='ltr'>urta,</span> <span class='ocrx_word' id='word_1_162' title='bbox 1515 1942 1542 1992; x_wconf 88' lang='lat' dir='ltr'>et</span> <span class='ocrx_word' id='word_1_163' title='bbox 1551 1934 1706 1992; x_wconf 75' lang='lat' dir='ltr'>arnoldum</span> <span class='ocrx_word' id='word_1_164' title='bbox 1717 1937 1794 2008; x_wconf 91' lang='lat' dir='ltr'>epis·</span> 
     </span>
     <span class='ocr_line' id='line_1_19' title="bbox 189 2005 1830 2093; baseline 0.009 -27"><span class='ocrx_word' id='word_1_165' title='bbox 189 2007 208 2081; x_wconf 72' lang='grc' dir='ltr'><strong>ἓ</strong></span> <span class='ocrx_word' id='word_1_166' title='bbox 228 2007 258 2066; x_wconf 89' lang='grc'>8.</span> <span class='ocrx_word' id='word_1_167' title='bbox 281 2005 424 2082; x_wconf 77' lang='lat' dir='ltr'>PIgnora</span> <span class='ocrx_word' id='word_1_168' title='bbox 440 2022 506 2069; x_wconf 88' lang='lat' dir='ltr'>non</span> <span class='ocrx_word' id='word_1_169' title='bbox 521 2007 700 2084; x_wconf 73' lang='lat' dir='ltr'>accipiant,</span> <span class='ocrx_word' id='word_1_170' title='bbox 718 2005 785 2066; x_wconf 71' lang='lat' dir='ltr'>nisi</span> <span class='ocrx_word' id='word_1_171' title='bbox 800 2005 947 2068; x_wconf 88' lang='lat' dir='ltr'>decimas</span> <span class='ocrx_word' id='word_1_172' title='bbox 1037 2035 1140 2093; x_wconf 91' lang='lat' dir='ltr'>copum</span> <span class='ocrx_word' id='word_1_173' title='bbox 1162 2019 1327 2078; x_wconf 83' lang='lat' dir='ltr'>curiensem</span> <span class='ocrx_word' id='word_1_174' title='bbox 1343 2034 1378 2075; x_wconf 87' lang='lat' dir='ltr'>ex</span> <span class='ocrx_word' id='word_1_175' title='bbox 1393 2019 1492 2089; x_wconf 88' lang='lat' dir='ltr'>altera,</span> <span class='ocrx_word' id='word_1_176' title='bbox 1513 2035 1599 2093; x_wconf 90' lang='lat' dir='ltr'>super</span> <span class='ocrx_word' id='word_1_177' title='bbox 1620 2022 1741 2079; x_wconf 86' lang='lat' dir='ltr'>ecclesia</span> <span class='ocrx_word' id='word_1_178' title='bbox 1761 2021 1797 2080; x_wconf 90' lang='lat' dir='ltr'>do</span> <span class='ocrx_word' id='word_1_179' title='bbox 1828 2060 1830 2063; x_wconf 92' lang='lat'><em>-</em></span> 
     </span>
    </p>

    <p class='ocr_par' dir='ltr' id='par_1_19' title="bbox 152 2101 1797 2186">
     <span class='ocr_line' id='line_1_20' title="bbox 152 2101 1797 2186; baseline 0.004 -25"><span class='ocrx_word' id='word_1_180' title='bbox 152 2117 225 2162; x_wconf 91' lang='lat' dir='ltr'>cum</span> <span class='ocrx_word' id='word_1_181' title='bbox 249 2102 383 2164; x_wconf 88' lang='lat' dir='ltr'>licentia</span> <span class='ocrx_word' id='word_1_182' title='bbox 411 2102 465 2164; x_wconf 90' lang='lat' dir='ltr'>sui</span> <span class='ocrx_word' id='word_1_183' title='bbox 486 2103 645 2180; x_wconf 87' lang='lat' dir='ltr'>episcopi,</span> <span class='ocrx_word' id='word_1_184' title='bbox 669 2101 710 2163; x_wconf 90' lang='lat' dir='ltr'>de</span> <span class='ocrx_word' id='word_1_185' title='bbox 731 2117 832 2163; x_wconf 90' lang='lat' dir='ltr'>manu</span> <span class='ocrx_word' id='word_1_186' title='bbox 856 2102 946 2163; x_wconf 91' lang='lat' dir='ltr'>laici.</span> <span class='ocrx_word' id='word_1_187' title='bbox 1037 2107 1188 2186; x_wconf 73' lang='lat' dir='ltr'>Burgusio</span> <span class='ocrx_word' id='word_1_188' title='bbox 1202 2107 1433 2180; x_wconf 86' lang='lat' dir='ltr'>possessionibus</span> <span class='ocrx_word' id='word_1_189' title='bbox 1444 2115 1473 2166; x_wconf 88' lang='lat' dir='ltr'>et</span> <span class='ocrx_word' id='word_1_190' title='bbox 1481 2107 1567 2166; x_wconf 85' lang='lat' dir='ltr'>rebus</span> <span class='ocrx_word' id='word_1_191' title='bbox 1582 2109 1644 2166; x_wconf 90' lang='lat' dir='ltr'>aliis</span> <span class='ocrx_word' id='word_1_192' title='bbox 1659 2110 1797 2169; x_wconf 87' lang='lat' dir='ltr'>amicabi-</span> 
     </span>
    </p>

    <p class='ocr_par' dir='ltr' id='par_1_20' title="bbox 150 2196 1389 2276">
     <span class='ocr_line' id='line_1_21' title="bbox 150 2196 1389 2276; baseline -0.005 -16"><span class='ocrx_word' id='word_1_193' title='bbox 150 2198 340 2262; x_wconf 79' lang='lat' dir='ltr'>Juramenta</span> <span class='ocrx_word' id='word_1_194' title='bbox 353 2217 420 2262; x_wconf 92' lang='lat' dir='ltr'>non</span> <span class='ocrx_word' id='word_1_195' title='bbox 435 2200 560 2263; x_wconf 82' lang='lat' dir='ltr'>iaciant</span> <span class='ocrx_word' id='word_1_196' title='bbox 573 2200 639 2261; x_wconf 92' lang='lat' dir='ltr'>nisi</span> <span class='ocrx_word' id='word_1_197' title='bbox 649 2201 685 2261; x_wconf 92' lang='lat' dir='ltr'>in</span> <span class='ocrx_word' id='word_1_198' title='bbox 700 2215 820 2276; x_wconf 89' lang='lat' dir='ltr'>magna</span> <span class='ocrx_word' id='word_1_199' title='bbox 835 2215 949 2261; x_wconf 91' lang='lat' dir='ltr'>neces·</span> <span class='ocrx_word' id='word_1_200' title='bbox 1038 2199 1102 2256; x_wconf 85' lang='lat' dir='ltr'>liter</span> <span class='ocrx_word' id='word_1_201' title='bbox 1116 2197 1216 2254; x_wconf 89' lang='lat' dir='ltr'>initam</span> <span class='ocrx_word' id='word_1_202' title='bbox 1229 2196 1389 2255; x_wconf 78' lang='lat' dir='ltr'>confirmat.</span> 
     </span>
    </p>

    <p class='ocr_par' dir='ltr' id='par_1_21' title="bbox 150 2289 948 2374">
     <span class='ocr_line' id='line_1_22' title="bbox 150 2289 948 2374; baseline 0.006 -21"><span class='ocrx_word' id='word_1_203' title='bbox 150 2295 256 2370; x_wconf 88' lang='lat' dir='ltr'>sitate,</span> <span class='ocrx_word' id='word_1_204' title='bbox 274 2297 306 2359; x_wconf 89' lang='lat' dir='ltr'>et</span> <span class='ocrx_word' id='word_1_205' title='bbox 325 2289 400 2358; x_wconf 88' lang='lat' dir='ltr'>eum</span> <span class='ocrx_word' id='word_1_206' title='bbox 422 2297 556 2358; x_wconf 87' lang='lat' dir='ltr'>licentia</span> <span class='ocrx_word' id='word_1_207' title='bbox 568 2297 727 2364; x_wconf 85' lang='lat' dir='ltr'>ministri,</span> <span class='ocrx_word' id='word_1_208' title='bbox 743 2294 795 2358; x_wconf 84' lang='lat' dir='ltr'>vel</span> <span class='ocrx_word' id='word_1_209' title='bbox 804 2297 893 2374; x_wconf 88' lang='lat' dir='ltr'>jussi</span> <span class='ocrx_word' id='word_1_210' title='bbox 906 2295 948 2358; x_wconf 91' lang='lat' dir='ltr'>ab</span> 
     </span>
    </p>

    <p class='ocr_par' dir='ltr' id='par_1_22' title="bbox 149 2393 949 2472">
     <span class='ocr_line' id='line_1_23' title="bbox 149 2393 949 2472; baseline 0.005 -20"><span class='ocrx_word' id='word_1_211' title='bbox 149 2393 304 2472; x_wconf 89' lang='lat' dir='ltr'>episcopo</span> <span class='ocrx_word' id='word_1_212' title='bbox 320 2409 392 2465; x_wconf 90' lang='lat' dir='ltr'>suo,</span> <span class='ocrx_word' id='word_1_213' title='bbox 410 2394 462 2455; x_wconf 89' lang='lat' dir='ltr'>vel</span> <span class='ocrx_word' id='word_1_214' title='bbox 484 2393 526 2454; x_wconf 91' lang='lat' dir='ltr'>ab</span> <span class='ocrx_word' id='word_1_215' title='bbox 545 2394 613 2455; x_wconf 90' lang='lat' dir='ltr'>alio</span> <span class='ocrx_word' id='word_1_216' title='bbox 636 2394 726 2455; x_wconf 84' lang='lat' dir='ltr'>vices</span> <span class='ocrx_word' id='word_1_217' title='bbox 741 2393 949 2472; x_wconf 76' lang='lat' dir='ltr'>apostolicas</span> 
     </span>
    </p>

    <p class='ocr_par' dir='ltr' id='par_1_23' title="bbox 147 2491 947 2570">
     <span class='ocr_line' id='line_1_24' title="bbox 147 2491 947 2570; baseline 0.003 -20"><span class='ocrx_word' id='word_1_218' title='bbox 147 2492 297 2565; x_wconf 84' lang='lat' dir='ltr'>gerente,</span> <span class='ocrx_word' id='word_1_219' title='bbox 313 2491 347 2553; x_wconf 91' lang='lat' dir='ltr'>et</span> <span class='ocrx_word' id='word_1_220' title='bbox 360 2491 423 2552; x_wconf 88' lang='lat' dir='ltr'>boo</span> <span class='ocrx_word' id='word_1_221' title='bbox 436 2507 495 2568; x_wconf 93' lang='lat' dir='ltr'>pro</span> <span class='ocrx_word' id='word_1_222' title='bbox 514 2491 654 2553; x_wconf 85' lang='lat' dir='ltr'>honesta</span> <span class='ocrx_word' id='word_1_223' title='bbox 671 2493 705 2554; x_wconf 94' lang='lat' dir='ltr'>et</span> <span class='ocrx_word' id='word_1_224' title='bbox 725 2493 818 2570; x_wconf 76' lang='lat' dir='ltr'>iusta</span> <span class='ocrx_word' id='word_1_225' title='bbox 834 2507 947 2553; x_wconf 88' lang='lat' dir='ltr'>causa.</span> 
     </span>
    </p>
   </div>
   <div class='ocr_carea' id='block_1_3' title="bbox 1004 2343 1800 2520">
    <p class='ocr_par' dir='ltr' id='par_1_24' title="bbox 1004 2343 1800 2520">
     <span class='ocr_line' id='line_1_25' title="bbox 1043 2343 1798 2422; baseline 0.004 -17"><span class='ocrx_word' id='word_1_226' title='bbox 1043 2343 1146 2406; x_wconf 89' lang='lat' dir='ltr'>Justis</span> <span class='ocrx_word' id='word_1_227' title='bbox 1170 2343 1352 2422; x_wconf 91' lang='lat' dir='ltr'>petentium</span> <span class='ocrx_word' id='word_1_228' title='bbox 1380 2343 1555 2405; x_wconf 84' lang='lat' dir='ltr'>desideriis</span> <span class='ocrx_word' id='word_1_229' title='bbox 1577 2344 1713 2421; x_wconf 90' lang='lat' dir='ltr'>dignum</span> <span class='ocrx_word' id='word_1_230' title='bbox 1737 2347 1798 2419; x_wconf 90' lang='lat' dir='ltr'>est,</span> 
     </span>
     <span class='ocr_line' id='line_1_26' title="bbox 1004 2440 1800 2520; baseline 0.005 -18"><span class='ocrx_word' id='word_1_231' title='bbox 1004 2457 1065 2502; x_wconf 89' lang='lat' dir='ltr'>nos</span> <span class='ocrx_word' id='word_1_232' title='bbox 1080 2441 1177 2503; x_wconf 87' lang='lat' dir='ltr'>lacile</span> <span class='ocrx_word' id='word_1_233' title='bbox 1197 2440 1346 2518; x_wconf 85' lang='lat' dir='ltr'>praebere</span> <span class='ocrx_word' id='word_1_234' title='bbox 1361 2457 1571 2513; x_wconf 90' lang='lat' dir='ltr'>eonsensum,</span> <span class='ocrx_word' id='word_1_235' title='bbox 1586 2443 1619 2502; x_wconf 92' lang='lat' dir='ltr'>et</span> <span class='ocrx_word' id='word_1_236' title='bbox 1633 2445 1710 2504; x_wconf 85' lang='lat' dir='ltr'>rota</span> <span class='ocrx_word' id='word_1_237' title='bbox 1727 2459 1800 2520; x_wconf 84' lang='lat' dir='ltr'>quae</span> 
     </span>
    </p>
   </div>
   <div class='ocr_carea' id='block_1_4' title="bbox 152 2538 1800 2667">
    <p class='ocr_par' dir='ltr' id='par_1_25' title="bbox 152 2538 1800 2667">
     <span class='ocr_line' id='line_1_27' title="bbox 152 2538 1800 2667; baseline -0.016 -40"><span class='ocrx_word' id='word_1_238' title='bbox 152 2585 189 2646; x_wconf 70' lang='lat' dir='ltr'>Si</span> <span class='ocrx_word' id='word_1_239' title='bbox 209 2587 294 2664; x_wconf 71' lang='lat' dir='ltr'>quod</span> <span class='ocrx_word' id='word_1_240' title='bbox 318 2587 435 2648; x_wconf 61' lang='lat' dir='ltr'><strong>,stium</strong></span> <span class='ocrx_word' id='word_1_241' title='bbox 450 2588 485 2649; x_wconf 65' lang='lat' dir='ltr'>in</span> <span class='ocrx_word' id='word_1_242' title='bbox 503 2603 552 2657; x_wconf 45' lang='lat' dir='ltr'>re,</span> <span class='ocrx_word' id='word_1_243' title='bbox 564 2605 637 2667; x_wconf 51' lang='grc' dir='ltr'>Μ</span> <span class='ocrx_word' id='word_1_244' title='bbox 651 2588 817 2661; x_wconf 45' lang='lat' dir='ltr'>venditur,</span> <span class='ocrx_word' id='word_1_245' title='bbox 834 2591 948 2652; x_wconf 66' lang='lat' dir='ltr'><strong>notum</strong></span> <span class='ocrx_word' id='word_1_246' title='bbox 1004 2539 1177 2602; x_wconf 87' lang='lat' dir='ltr'>arationis</span> <span class='ocrx_word' id='word_1_247' title='bbox 1192 2538 1325 2601; x_wconf 85' lang='lat' dir='ltr'>tramite</span> <span class='ocrx_word' id='word_1_248' title='bbox 1337 2553 1403 2598; x_wconf 93' lang='lat' dir='ltr'>non</span> <span class='ocrx_word' id='word_1_249' title='bbox 1423 2538 1625 2610; x_wconf 89' lang='lat' dir='ltr'>discordant,</span> <span class='ocrx_word' id='word_1_250' title='bbox 1645 2539 1800 2602; x_wconf 86' lang='lat' dir='ltr'>effectum</span> 
     </span>
    </p>
   </div>
   <div class='ocr_carea' id='block_1_5' title="bbox 151 2632 1802 2908">
    <p class='ocr_par' dir='ltr' id='par_1_26' title="bbox 151 2632 1802 2908">
     <span class='ocr_line' id='line_1_28' title="bbox 229 2632 1801 2712; baseline 0.017 -43"><span class='ocrx_word' id='word_1_251' title='bbox 229 2685 235 2698; x_wconf 35' lang='grc'>1</span> <span class='ocrx_word' id='word_1_252' title='bbox 290 2685 297 2697; x_wconf 28' lang='grc' dir='ltr'><strong>ι</strong></span> <span class='ocrx_word' id='word_1_253' title='bbox 349 2685 355 2696; x_wconf 46' lang='grc'><em>,</em></span> <span class='ocrx_word' id='word_1_254' title='bbox 606 2685 612 2698; x_wconf 66' lang='grc'>,</span> <span class='ocrx_word' id='word_1_255' title='bbox 762 2688 768 2700; x_wconf 71' lang='grc'>,</span> <span class='ocrx_word' id='word_1_256' title='bbox 927 2688 933 2700; x_wconf 89' lang='grc'><em>,</em></span> <span class='ocrx_word' id='word_1_257' title='bbox 1004 2650 1101 2712; x_wconf 89' lang='lat' dir='ltr'>prose</span> <span class='ocrx_word' id='word_1_258' title='bbox 1125 2633 1241 2696; x_wconf 90' lang='lat' dir='ltr'>nentes</span> <span class='ocrx_word' id='word_1_259' title='bbox 1269 2632 1445 2710; x_wconf 90' lang='lat' dir='ltr'>complere.</span> <span class='ocrx_word' id='word_1_260' title='bbox 1470 2635 1663 2710; x_wconf 78' lang='lat' dir='ltr'>liapropter,</span> <span class='ocrx_word' id='word_1_261' title='bbox 1688 2633 1801 2696; x_wconf 91' lang='lat' dir='ltr'>dilecti</span> 
     </span>
     <span class='ocr_line' id='line_1_29' title="bbox 152 2651 1801 2808; baseline 0.021 -66"><span class='ocrx_word' id='word_1_262' title='bbox 152 2682 261 2757; x_wconf 80' lang='lat' dir='ltr'>luerit,</span> <span class='ocrx_word' id='word_1_263' title='bbox 288 2684 452 2746; x_wconf 79' lang='lat' dir='ltr'>radicetur</span> <span class='ocrx_word' id='word_1_264' title='bbox 475 2687 626 2762; x_wconf 81' lang='lat' dir='ltr'>emptori.</span> <span class='ocrx_word' id='word_1_265' title='bbox 651 2688 842 2764; x_wconf 82' lang='lat' dir='ltr'>Depositum</span> <span class='ocrx_word' id='word_1_266' title='bbox 861 2703 947 2760; x_wconf 89' lang='lat' dir='ltr'>aurr,</span> <span class='ocrx_word' id='word_1_267' title='bbox 1005 2731 1040 2792; x_wconf 63' lang='lat' dir='ltr'>in</span> <span class='ocrx_word' id='word_1_268' title='bbox 1055 2651 1195 2793; x_wconf 49' lang='lat' dir='ltr'>Doffnino</span> <span class='ocrx_word' id='word_1_269' title='bbox 1216 2730 1278 2791; x_wconf 54' lang='grc' dir='ltr'><strong>Μ</strong></span> <span class='ocrx_word' id='word_1_270' title='bbox 1306 2730 1429 2793; x_wconf 59' lang='lat' dir='ltr'><strong>vestris</strong></span> <span class='ocrx_word' id='word_1_271' title='bbox 1440 2731 1540 2807; x_wconf 63' lang='lat' dir='ltr'>justis</span> <span class='ocrx_word' id='word_1_272' title='bbox 1566 2729 1719 2808; x_wconf 61' lang='lat' dir='ltr'>precibus</span> <span class='ocrx_word' id='word_1_273' title='bbox 1744 2731 1801 2794; x_wconf 67' lang='lat' dir='ltr'>pn.</span> 
     </span>
     <span class='ocr_line' id='line_1_30' title="bbox 151 2776 1802 2908; baseline 0.021 -66"><span class='ocrx_word' id='word_1_274' title='bbox 151 2781 359 2858; x_wconf 85' lang='lat' dir='ltr'>uelargenti,</span> <span class='ocrx_word' id='word_1_275' title='bbox 374 2783 586 2860; x_wconf 84' lang='lat' dir='ltr'>velpeeuniae</span> <span class='ocrx_word' id='word_1_276' title='bbox 601 2784 951 2846; x_wconf 87' lang='lat' dir='ltr'>nonliceateissusci-</span> <span class='ocrx_word' id='word_1_277' title='bbox 1004 2829 1121 2893; x_wconf 54' lang='lat' dir='ltr'>ommi</span> <span class='ocrx_word' id='word_1_278' title='bbox 1142 2776 1416 2907; x_wconf 52' lang='lat' dir='ltr'>compositionem</span> <span class='ocrx_word' id='word_1_279' title='bbox 1442 2829 1530 2890; x_wconf 59' lang='lat' dir='ltr'>inter</span> <span class='ocrx_word' id='word_1_280' title='bbox 1556 2845 1614 2890; x_wconf 67' lang='lat' dir='ltr'>vos</span> <span class='ocrx_word' id='word_1_281' title='bbox 1638 2846 1681 2892; x_wconf 60' lang='lat'>01</span> <span class='ocrx_word' id='word_1_282' title='bbox 1708 2831 1802 2908; x_wconf 65' lang='lat' dir='ltr'>parte</span> 
     </span>
    </p>
   </div>
   <div class='ocr_carea' id='block_1_6' title="bbox 152 2879 1804 3106">
    <p class='ocr_par' dir='ltr' id='par_1_27' title="bbox 152 2879 1804 3106">
     <span class='ocr_line' id='line_1_31' title="bbox 152 2879 1803 3006; baseline 0.018 -45"><span class='ocrx_word' id='word_1_283' title='bbox 152 2894 244 2955; x_wconf 64' lang='lat' dir='ltr'>We·</span> <span class='ocrx_word' id='word_1_284' title='bbox 262 2881 336 2958; x_wconf 67' lang='lat'>19⁸³</span> <span class='ocrx_word' id='word_1_285' title='bbox 351 2879 406 2991; x_wconf 47' lang='lat'>(¹¹⁰,</span> <span class='ocrx_word' id='word_1_286' title='bbox 418 2895 482 2960; x_wconf 73' lang='lat'>‘1¹²³</span> <span class='ocrx_word' id='word_1_287' title='bbox 496 2881 649 2992; x_wconf 58' lang='lat' dir='ltr'>¹⁰¹¹er</span> <span class='ocrx_word' id='word_1_288' title='bbox 663 2883 802 2992; x_wconf 40' lang='lat' dir='ltr'>veperit’</span> <span class='ocrx_word' id='word_1_289' title='bbox 816 2883 870 2946; x_wconf 40' lang='grc' dir='ltr'>ἴθι</span> <span class='ocrx_word' id='word_1_290' title='bbox 886 2899 950 2961; x_wconf 67' lang='lat' dir='ltr'>ap*</span> <span class='ocrx_word' id='word_1_291' title='bbox 1006 2945 1083 3002; x_wconf 88' lang='lat' dir='ltr'>una,</span> <span class='ocrx_word' id='word_1_292' title='bbox 1105 2927 1137 2992; x_wconf 90' lang='lat' dir='ltr'>et</span> <span class='ocrx_word' id='word_1_293' title='bbox 1150 2926 1375 2990; x_wconf 83' lang='lat' dir='ltr'>venerabilem</span> <span class='ocrx_word' id='word_1_294' title='bbox 1392 2927 1527 2988; x_wconf 85' lang='lat' dir='ltr'>tratrem</span> <span class='ocrx_word' id='word_1_295' title='bbox 1549 2929 1699 2990; x_wconf 87' lang='lat' dir='ltr'>nostrum</span> <span class='ocrx_word' id='word_1_296' title='bbox 1718 2927 1803 3006; x_wconf 92' lang='lat' dir='ltr'>epis-</span> 
     </span>
     <span class='ocr_line' id='line_1_32' title="bbox 156 2977 1804 3106; baseline 0.017 -46"><span class='ocrx_word' id='word_1_297' title='bbox 156 2977 307 3053; x_wconf 54' lang='grc' dir='ltr'>1)οῙὛὲιῐιιε</span> <span class='ocrx_word' id='word_1_298' title='bbox 322 2977 433 3051; x_wconf 46' lang='grc' dir='ltr'>ΝΟΜ</span> <span class='ocrx_word' id='word_1_299' title='bbox 448 2978 490 3041; x_wconf 70' lang='grc' dir='ltr'>(Ῑθ</span> <span class='ocrx_word' id='word_1_300' title='bbox 504 2981 649 3057; x_wconf 61' lang='lat' dir='ltr'><strong>9⁰⁰⁰at¹⁸</strong></span> <span class='ocrx_word' id='word_1_301' title='bbox 660 2995 729 3042; x_wconf 72' lang='lat'>⁸⁰¹⁵</span> <span class='ocrx_word' id='word_1_302' title='bbox 742 2981 949 3055; x_wconf 52' lang='lat' dir='ltr'>⁰⁰¹²fit⁰atm3</span> <span class='ocrx_word' id='word_1_303' title='bbox 1007 3043 1124 3106; x_wconf 89' lang='lat' dir='ltr'>copum</span> <span class='ocrx_word' id='word_1_304' title='bbox 1144 3027 1337 3088; x_wconf 82' lang='lat' dir='ltr'>curiensem</span> <span class='ocrx_word' id='word_1_305' title='bbox 1355 3041 1399 3087; x_wconf 86' lang='lat' dir='ltr'>ex</span> <span class='ocrx_word' id='word_1_306' title='bbox 1413 3026 1529 3097; x_wconf 87' lang='lat' dir='ltr'>altera,</span> <span class='ocrx_word' id='word_1_307' title='bbox 1547 3041 1647 3104; x_wconf 90' lang='lat' dir='ltr'>super</span> <span class='ocrx_word' id='word_1_308' title='bbox 1661 3026 1804 3088; x_wconf 89' lang='lat' dir='ltr'>ecclesia</span> 
     </span>
    </p>
   </div>
   <div class='ocr_carea' id='block_1_7' title="bbox 149 3073 1804 3300">
    <p class='ocr_par' dir='ltr' id='par_1_28' title="bbox 149 3073 1804 3300">
     <span class='ocr_line' id='line_1_33' title="bbox 151 3073 1804 3202; baseline 0 -18"><span class='ocrx_word' id='word_1_309' title='bbox 151 3073 427 3186; x_wconf 50' lang='lat' dir='ltr'>⁰t⁰⁰mf¹¹¹¹m⁰⁰ti</span> <span class='ocrx_word' id='word_1_310' title='bbox 440 3079 535 3138; x_wconf 60' lang='grc' dir='ltr'>ΟΜ</span> <span class='ocrx_word' id='word_1_311' title='bbox 548 3075 953 3158; x_wconf 58' lang='lat' dir='ltr'><strong>⁸⁰⁰und³s⁰r¹³(praet⁰r&#39;</strong></span> <span class='ocrx_word' id='word_1_312' title='bbox 1007 3125 1048 3187; x_wconf 90' lang='lat' dir='ltr'>da</span> <span class='ocrx_word' id='word_1_313' title='bbox 1069 3125 1243 3201; x_wconf 82' lang='lat' dir='ltr'>Bargusio,</span> <span class='ocrx_word' id='word_1_314' title='bbox 1267 3123 1535 3202; x_wconf 86' lang='lat' dir='ltr'>possessionibus</span> <span class='ocrx_word' id='word_1_315' title='bbox 1553 3125 1586 3186; x_wconf 90' lang='lat' dir='ltr'>et</span> <span class='ocrx_word' id='word_1_316' title='bbox 1606 3123 1705 3186; x_wconf 90' lang='lat' dir='ltr'>rebus</span> <span class='ocrx_word' id='word_1_317' title='bbox 1728 3123 1804 3186; x_wconf 89' lang='lat' dir='ltr'>aliis</span> 
     </span>
     <span class='ocr_line' id='line_1_34' title="bbox 149 3175 1804 3300; baseline 0 -15"><span class='ocrx_word' id='word_1_318' title='bbox 149 3188 252 3249; x_wconf 63' lang='lat' dir='ltr'><strong>quam</strong></span> <span class='ocrx_word' id='word_1_319' title='bbox 267 3187 302 3234; x_wconf 50' lang='grc' dir='ltr'>’Π</span> <span class='ocrx_word' id='word_1_320' title='bbox 317 3175 443 3236; x_wconf 55' lang='lat' dir='ltr'><strong>⁰⁰t³v¹⁸</strong></span> <span class='ocrx_word' id='word_1_321' title='bbox 458 3175 608 3248; x_wconf 63' lang='lat' dir='ltr'>Paschae&#39;</span> <span class='ocrx_word' id='word_1_322' title='bbox 625 3175 658 3238; x_wconf 60' lang='lat' dir='ltr'>et</span> <span class='ocrx_word' id='word_1_323' title='bbox 679 3179 902 3250; x_wconf 48' lang='lat' dir='ltr'>P⁰⁰t⁰⁰⁰⁸t⁰⁸&#39;</span> <span class='ocrx_word' id='word_1_324' title='bbox 920 3178 954 3240; x_wconf 61' lang='lat' dir='ltr'>⁰t</span> <span class='ocrx_word' id='word_1_325' title='bbox 1008 3223 1229 3286; x_wconf 90' lang='lat' dir='ltr'>amicabiliter</span> <span class='ocrx_word' id='word_1_326' title='bbox 1253 3222 1389 3294; x_wconf 90' lang='lat' dir='ltr'>initam,</span> <span class='ocrx_word' id='word_1_327' title='bbox 1420 3221 1506 3283; x_wconf 88' lang='lat' dir='ltr'>sicut</span> <span class='ocrx_word' id='word_1_328' title='bbox 1538 3221 1611 3284; x_wconf 87' lang='lat' dir='ltr'>sine</span> <span class='ocrx_word' id='word_1_329' title='bbox 1639 3223 1804 3300; x_wconf 81' lang='lat' dir='ltr'>pravitate</span> 
     </span>
    </p>
   </div>
   <div class='ocr_carea' id='block_1_8' title="bbox 146 3271 1806 3494">
    <p class='ocr_par' dir='ltr' id='par_1_29' title="bbox 146 3271 1806 3494">
     <span class='ocr_line' id='line_1_35' title="bbox 146 3271 1805 3398; baseline 0.014 -66"><span class='ocrx_word' id='word_1_330' title='bbox 146 3271 347 3382; x_wconf 79' lang='lat' dir='ltr'>Natiuitatis</span> <span class='ocrx_word' id='word_1_331' title='bbox 368 3273 511 3347; x_wconf 84' lang='lat' dir='ltr'>Domini,</span> <span class='ocrx_word' id='word_1_332' title='bbox 539 3275 572 3334; x_wconf 90' lang='lat' dir='ltr'>et</span> <span class='ocrx_word' id='word_1_333' title='bbox 613 3273 884 3337; x_wconf 74' lang='lat' dir='ltr'>circumcisionis</span> <span class='ocrx_word' id='word_1_334' title='bbox 920 3275 954 3337; x_wconf 88' lang='lat' dir='ltr'>et</span> <span class='ocrx_word' id='word_1_335' title='bbox 1007 3320 1308 3398; x_wconf 56' lang='lat' dir='ltr'>providefactaest</span> <span class='ocrx_word' id='word_1_336' title='bbox 1332 3318 1805 3396; x_wconf 55' lang='lat' dir='ltr'>etabutraquepartespome</span> 
     </span>
     <span class='ocr_line' id='line_1_36' title="bbox 146 3364 1806 3494; baseline 0.009 -33"><span class='ocrx_word' id='word_1_337' title='bbox 146 3369 359 3446; x_wconf 61' lang='lat' dir='ltr'>Epiplffimae’</span> <span class='ocrx_word' id='word_1_338' title='bbox 378 3370 411 3431; x_wconf 65' lang='lat' dir='ltr'>⁰t</span> <span class='ocrx_word' id='word_1_339' title='bbox 432 3371 655 3448; x_wconf 60' lang='lat' dir='ltr'>praeterquam</span> <span class='ocrx_word' id='word_1_340' title='bbox 668 3372 703 3432; x_wconf 66' lang='lat' dir='ltr'>in</span> <span class='ocrx_word' id='word_1_341' title='bbox 718 3371 953 3434; x_wconf 54' lang='lat' dir='ltr'>sestiffiatibus</span> <span class='ocrx_word' id='word_1_342' title='bbox 1008 3419 1152 3494; x_wconf 89' lang='lat' dir='ltr'>recepta,</span> <span class='ocrx_word' id='word_1_343' title='bbox 1167 3419 1200 3478; x_wconf 89' lang='lat' dir='ltr'>et</span> <span class='ocrx_word' id='word_1_344' title='bbox 1210 3364 1370 3478; x_wconf 74' lang='lat' dir='ltr'>hactenus</span> <span class='ocrx_word' id='word_1_345' title='bbox 1382 3415 1518 3491; x_wconf 83' lang='lat' dir='ltr'>pacifice</span> <span class='ocrx_word' id='word_1_346' title='bbox 1530 3415 1715 3487; x_wconf 82' lang='lat' dir='ltr'>observata,</span> <span class='ocrx_word' id='word_1_347' title='bbox 1730 3431 1806 3476; x_wconf 89' lang='lat' dir='ltr'>auc-</span> 
     </span>
    </p>
   </div>
   <div class='ocr_carea' id='block_1_9' title="bbox 144 3466 1808 3686">
    <p class='ocr_par' dir='ltr' id='par_1_30' title="bbox 144 3466 1808 3686">
     <span class='ocr_line' id='line_1_37' title="bbox 145 3466 1808 3590; baseline -0.004 -12"><span class='ocrx_word' id='word_1_348' title='bbox 145 3483 228 3578; x_wconf 45' lang='lat' dir='ltr'>qufe</span> <span class='ocrx_word' id='word_1_349' title='bbox 254 3467 295 3528; x_wconf 63' lang='lat' dir='ltr'>ad</span> <span class='ocrx_word' id='word_1_350' title='bbox 326 3466 501 3574; x_wconf 49' lang='lat' dir='ltr'>⁰⁰l⁰nqum</span> <span class='ocrx_word' id='word_1_351' title='bbox 532 3467 821 3576; x_wconf 41' lang='lat' dir='ltr'>pmnmmiampm&#39;</span> <span class='ocrx_word' id='word_1_352' title='bbox 859 3469 954 3578; x_wconf 46' lang='lat' dir='ltr'>ssim</span> <span class='ocrx_word' id='word_1_353' title='bbox 1009 3515 1143 3577; x_wconf 90' lang='lat' dir='ltr'>toritate</span> <span class='ocrx_word' id='word_1_354' title='bbox 1158 3513 1340 3590; x_wconf 87' lang='lat' dir='ltr'>apostolica</span> <span class='ocrx_word' id='word_1_355' title='bbox 1356 3511 1590 3572; x_wconf 81' lang='lat' dir='ltr'>confirmamus</span> <span class='ocrx_word' id='word_1_356' title='bbox 1605 3513 1638 3572; x_wconf 91' lang='lat' dir='ltr'>et</span> <span class='ocrx_word' id='word_1_357' title='bbox 1658 3527 1808 3588; x_wconf 71' lang='lat' dir='ltr'>praesen-</span> 
     </span>
     <span class='ocr_line' id='line_1_38' title="bbox 144 3562 1806 3686; baseline -0.004 -12"><span class='ocrx_word' id='word_1_358' title='bbox 144 3579 259 3626; x_wconf 68' lang='lat' dir='ltr'><strong>m¹⁵⁸a</strong></span> <span class='ocrx_word' id='word_1_359' title='bbox 281 3580 341 3640; x_wconf 63' lang='lat' dir='ltr'>pm</span> <span class='ocrx_word' id='word_1_360' title='bbox 356 3562 519 3631; x_wconf 56' lang='lat' dir='ltr'>fldOhbus&#39;</span> <span class='ocrx_word' id='word_1_361' title='bbox 541 3562 600 3625; x_wconf 62' lang='lat' dir='ltr'>flat</span> <span class='ocrx_word' id='word_1_362' title='bbox 620 3563 785 3626; x_wconf 57' lang='lat' dir='ltr'><strong>³h⁵⁰lut¹⁰</strong></span> <span class='ocrx_word' id='word_1_363' title='bbox 807 3565 954 3628; x_wconf 55' lang='lat' dir='ltr'>fidenam</span> <span class='ocrx_word' id='word_1_364' title='bbox 1010 3612 1115 3674; x_wconf 89' lang='lat' dir='ltr'>sentis</span> <span class='ocrx_word' id='word_1_365' title='bbox 1127 3610 1242 3686; x_wconf 89' lang='lat' dir='ltr'>scripti</span> <span class='ocrx_word' id='word_1_366' title='bbox 1250 3607 1436 3686; x_wconf 87' lang='lat' dir='ltr'>patrocinio</span> <span class='ocrx_word' id='word_1_367' title='bbox 1448 3609 1701 3668; x_wconf 77' lang='lat' dir='ltr'>communimus</span> <span class='ocrx_word' id='word_1_368' title='bbox 1714 3607 1806 3670; x_wconf 88' lang='lat' dir='ltr'>Nulli</span> 
     </span>
    </p>
   </div>
   <div class='ocr_carea' id='block_1_10' title="bbox 143 3660 1779 4718">
    <p class='ocr_par' dir='ltr' id='par_1_31' title="bbox 143 3660 1708 4248">
     <span class='ocr_line' id='line_1_39' title="bbox 143 3660 955 3740; baseline 0.002 -18"><span class='ocrx_word' id='word_1_369' title='bbox 143 3661 385 3724; x_wconf 78' lang='lat' dir='ltr'>defunctorum</span> <span class='ocrx_word' id='word_1_370' title='bbox 397 3660 433 3722; x_wconf 88' lang='lat' dir='ltr'>in</span> <span class='ocrx_word' id='word_1_371' title='bbox 448 3660 651 3724; x_wconf 79' lang='lat' dir='ltr'>coemeterio</span> <span class='ocrx_word' id='word_1_372' title='bbox 662 3661 810 3738; x_wconf 81' lang='lat' dir='ltr'>Singulis</span> <span class='ocrx_word' id='word_1_373' title='bbox 825 3679 955 3740; x_wconf 84' lang='lat' dir='ltr'>qnoque</span> 
     </span>
     <span class='ocr_line' id='line_1_40' title="bbox 144 3757 957 3838; baseline -0.001 -17"><span class='ocrx_word' id='word_1_374' title='bbox 144 3759 308 3822; x_wconf 76' lang='lat' dir='ltr'>noctibus</span> <span class='ocrx_word' id='word_1_375' title='bbox 322 3758 364 3821; x_wconf 89' lang='lat' dir='ltr'>ad</span> <span class='ocrx_word' id='word_1_376' title='bbox 383 3759 495 3820; x_wconf 87' lang='lat' dir='ltr'>minus</span> <span class='ocrx_word' id='word_1_377' title='bbox 515 3758 550 3820; x_wconf 91' lang='lat' dir='ltr'>in</span> <span class='ocrx_word' id='word_1_378' title='bbox 574 3757 732 3836; x_wconf 86' lang='lat' dir='ltr'>hospitali</span> <span class='ocrx_word' id='word_1_379' title='bbox 746 3773 859 3820; x_wconf 88' lang='lat' dir='ltr'>coram</span> <span class='ocrx_word' id='word_1_380' title='bbox 872 3774 957 3838; x_wconf 89' lang='lat' dir='ltr'>pau·</span> 
     </span>
     <span class='ocr_line' id='line_1_41' title="bbox 144 3855 956 3936; baseline -0.002 -16"><span class='ocrx_word' id='word_1_381' title='bbox 144 3857 290 3936; x_wconf 86' lang='lat' dir='ltr'>peribus</span> <span class='ocrx_word' id='word_1_382' title='bbox 301 3872 361 3934; x_wconf 89' lang='lat' dir='ltr'>pro</span> <span class='ocrx_word' id='word_1_383' title='bbox 376 3857 464 3917; x_wconf 88' lang='lat' dir='ltr'>statu</span> <span class='ocrx_word' id='word_1_384' title='bbox 479 3855 513 3916; x_wconf 86' lang='lat' dir='ltr'>et</span> <span class='ocrx_word' id='word_1_385' title='bbox 525 3870 607 3931; x_wconf 91' lang='lat' dir='ltr'>pace</span> <span class='ocrx_word' id='word_1_386' title='bbox 621 3858 654 3917; x_wconf 87' lang='lat' dir='ltr'>S.</span> <span class='ocrx_word' id='word_1_387' title='bbox 667 3858 825 3918; x_wconf 81' lang='lat' dir='ltr'>Romanae</span> <span class='ocrx_word' id='word_1_388' title='bbox 838 3858 956 3919; x_wconf 81' lang='lat' dir='ltr'>Eccle-</span> 
     </span>
     <span class='ocr_line' id='line_1_42' title="bbox 144 3951 1490 4090; baseline 0.002 -74"><span class='ocrx_word' id='word_1_389' title='bbox 144 3956 215 4017; x_wconf 75' lang='lat' dir='ltr'>siae</span> <span class='ocrx_word' id='word_1_390' title='bbox 230 3955 264 4017; x_wconf 91' lang='lat' dir='ltr'>et</span> <span class='ocrx_word' id='word_1_391' title='bbox 277 3951 698 4026; x_wconf 85' lang='lat' dir='ltr'>totiustrlstianitatis,et</span> <span class='ocrx_word' id='word_1_392' title='bbox 706 3952 958 4032; x_wconf 87' lang='lat' dir='ltr'>probenelacto-</span> <span class='ocrx_word' id='word_1_393' title='bbox 1331 4001 1490 4090; x_wconf 68' lang='lat' dir='ltr'>CCVIII</span> 
     </span>
     <span class='ocr_line' id='line_1_43' title="bbox 144 4049 958 4130; baseline 0 -15"><span class='ocrx_word' id='word_1_394' title='bbox 144 4053 249 4115; x_wconf 79' lang='lat' dir='ltr'>ribus</span> <span class='ocrx_word' id='word_1_395' title='bbox 259 4051 293 4112; x_wconf 90' lang='lat' dir='ltr'>et</span> <span class='ocrx_word' id='word_1_396' title='bbox 301 4050 421 4130; x_wconf 79' lang='lat' dir='ltr'>probis</span> <span class='ocrx_word' id='word_1_397' title='bbox 428 4065 489 4128; x_wconf 90' lang='lat' dir='ltr'>pro</span> <span class='ocrx_word' id='word_1_398' title='bbox 498 4049 619 4128; x_wconf 89' lang='lat' dir='ltr'>quibus</span> <span class='ocrx_word' id='word_1_399' title='bbox 628 4051 795 4128; x_wconf 85' lang='lat' dir='ltr'>generalis</span> <span class='ocrx_word' id='word_1_400' title='bbox 809 4054 958 4116; x_wconf 80' lang='lat' dir='ltr'>Ecclesia</span> 
     </span>
     <span class='ocr_line' id='line_1_44' title="bbox 144 4149 1708 4248; baseline 0.001 -36"><span class='ocrx_word' id='word_1_401' title='bbox 144 4149 332 4214; x_wconf 82' lang='lat' dir='ltr'>cousuevit</span> <span class='ocrx_word' id='word_1_402' title='bbox 345 4163 443 4210; x_wconf 88' lang='lat' dir='ltr'>orare</span> <span class='ocrx_word' id='word_1_403' title='bbox 456 4149 641 4210; x_wconf 89' lang='lat' dir='ltr'>eommunis</span> <span class='ocrx_word' id='word_1_404' title='bbox 654 4149 714 4211; x_wconf 89' lang='lat' dir='ltr'>liat</span> <span class='ocrx_word' id='word_1_405' title='bbox 725 4151 844 4213; x_wconf 87' lang='lat' dir='ltr'>oratio.</span> <span class='ocrx_word' id='word_1_406' title='bbox 929 4189 932 4194; x_wconf 91' lang='lat'>-</span> <span class='ocrx_word' id='word_1_407' title='bbox 1112 4177 1164 4238; x_wconf 60' lang='lat' dir='ltr'>Ad</span> <span class='ocrx_word' id='word_1_408' title='bbox 1182 4175 1477 4248; x_wconf 57' lang='lat' dir='ltr'>apcmepsscopum</span> <span class='ocrx_word' id='word_1_409' title='bbox 1499 4171 1708 4232; x_wconf 61' lang='lat' dir='ltr'>gomanum,</span> 
     </span>
    </p>

    <p class='ocr_par' dir='ltr' id='par_1_32' title="bbox 143 4245 1779 4718">
     <span class='ocr_line' id='line_1_45' title="bbox 183 4245 959 4328; baseline 0.004 -21"><span class='ocrx_word' id='word_1_410' title='bbox 183 4250 214 4326; x_wconf 66' lang='lat'>5</span> <span class='ocrx_word' id='word_1_411' title='bbox 234 4248 265 4307; x_wconf 87' lang='lat' dir='ltr'>o.</span> <span class='ocrx_word' id='word_1_412' title='bbox 289 4249 326 4308; x_wconf 89' lang='lat' dir='ltr'>lu</span> <span class='ocrx_word' id='word_1_413' title='bbox 340 4245 552 4328; x_wconf 84' lang='lat' dir='ltr'>regularibus</span> <span class='ocrx_word' id='word_1_414' title='bbox 577 4247 670 4309; x_wconf 89' lang='lat' dir='ltr'>boris</span> <span class='ocrx_word' id='word_1_415' title='bbox 685 4263 812 4310; x_wconf 86' lang='lat' dir='ltr'>rnorem</span> <span class='ocrx_word' id='word_1_416' title='bbox 826 4251 863 4310; x_wconf 91' lang='lat' dir='ltr'>B.</span> <span class='ocrx_word' id='word_1_417' title='bbox 879 4248 959 4310; x_wconf 85' lang='lat' dir='ltr'>Vie-</span> 
     </span>
     <span class='ocr_line' id='line_1_46' title="bbox 143 4335 1516 4424; baseline 0 -16"><span class='ocrx_word' id='word_1_418' title='bbox 143 4345 236 4410; x_wconf 82' lang='lat' dir='ltr'>toris</span> <span class='ocrx_word' id='word_1_419' title='bbox 251 4343 446 4417; x_wconf 80' lang='lat' dir='ltr'>observent:</span> <span class='ocrx_word' id='word_1_420' title='bbox 466 4344 533 4406; x_wconf 90' lang='lat' dir='ltr'>nisi</span> <span class='ocrx_word' id='word_1_421' title='bbox 557 4344 641 4407; x_wconf 84' lang='lat' dir='ltr'>torte</span> <span class='ocrx_word' id='word_1_422' title='bbox 664 4346 890 4424; x_wconf 87' lang='lat' dir='ltr'>pausationes,</span> <span class='ocrx_word' id='word_1_423' title='bbox 904 4346 958 4408; x_wconf 82' lang='lat' dir='ltr'>rel</span> <span class='ocrx_word' id='word_1_424' title='bbox 1308 4335 1414 4396; x_wconf 58' lang='grc' dir='ltr'>ΗΘΜ·</span> <span class='ocrx_word' id='word_1_425' title='bbox 1437 4337 1516 4396; x_wconf 79' lang='lat'><strong>1²¹7·</strong></span> 
     </span>
     <span class='ocr_line' id='line_1_47' title="bbox 145 4442 1779 4532; baseline -0.007 -10"><span class='ocrx_word' id='word_1_426' title='bbox 145 4445 232 4506; x_wconf 58' lang='lat' dir='ltr'>alia</span> <span class='ocrx_word' id='word_1_427' title='bbox 247 4442 468 4521; x_wconf 73' lang='lat' dir='ltr'>prolixitates,</span> <span class='ocrx_word' id='word_1_428' title='bbox 484 4443 539 4505; x_wconf 62' lang='lat' dir='ltr'>Vel</span> <span class='ocrx_word' id='word_1_429' title='bbox 558 4443 695 4520; x_wconf 78' lang='lat' dir='ltr'>Vigiliae‚</span> <span class='ocrx_word' id='word_1_430' title='bbox 713 4443 889 4507; x_wconf 67' lang='lat' dir='ltr'>⁰⁰⁰³Si⁰110</span> <span class='ocrx_word' id='word_1_431' title='bbox 903 4442 957 4506; x_wconf 73' lang='grc' dir='ltr'>Ῑᾶ·</span> <span class='ocrx_word' id='word_1_432' title='bbox 1045 4465 1117 4532; x_wconf 79' lang='lat' dir='ltr'>[Coti.</span> <span class='ocrx_word' id='word_1_433' title='bbox 1133 4465 1179 4514; x_wconf 85' lang='lat' dir='ltr'>lat.</span> <span class='ocrx_word' id='word_1_434' title='bbox 1189 4463 1261 4526; x_wconf 79' lang='lat' dir='ltr'>atat,</span> <span class='ocrx_word' id='word_1_435' title='bbox 1281 4477 1308 4527; x_wconf 92' lang='lat' dir='ltr'>p.</span> <span class='ocrx_word' id='word_1_436' title='bbox 1320 4461 1361 4512; x_wconf 81' lang='lat' dir='ltr'>ot.</span> <span class='ocrx_word' id='word_1_437' title='bbox 1379 4461 1428 4512; x_wconf 88' lang='lat' dir='ltr'>llss</span> <span class='ocrx_word' id='word_1_438' title='bbox 1439 4459 1779 4526; x_wconf 77' lang='lat' dir='ltr'>nnllothtqnenntionale.]</span> 
     </span>
     <span class='ocr_line' id='line_1_48' title="bbox 146 4539 959 4621; baseline -0.002 -16"><span class='ocrx_word' id='word_1_439' title='bbox 146 4541 248 4605; x_wconf 81' lang='lat' dir='ltr'>boris</span> <span class='ocrx_word' id='word_1_440' title='bbox 273 4541 307 4602; x_wconf 91' lang='lat' dir='ltr'>et</span> <span class='ocrx_word' id='word_1_441' title='bbox 330 4541 507 4618; x_wconf 86' lang='lat' dir='ltr'>paucitatis</span> <span class='ocrx_word' id='word_1_442' title='bbox 532 4539 744 4621; x_wconf 79' lang='lat' dir='ltr'>serventium</span> <span class='ocrx_word' id='word_1_443' title='bbox 758 4541 799 4603; x_wconf 94' lang='lat' dir='ltr'>de</span> <span class='ocrx_word' id='word_1_444' title='bbox 818 4540 959 4604; x_wconf 90' lang='lat' dir='ltr'>consilio</span> 
     </span>
     <span class='ocr_line' id='line_1_49' title="bbox 148 4639 960 4718; baseline -0.001 -16"><span class='ocrx_word' id='word_1_445' title='bbox 148 4641 309 4718; x_wconf 85' lang='lat' dir='ltr'>priorum</span> <span class='ocrx_word' id='word_1_446' title='bbox 317 4640 351 4702; x_wconf 91' lang='lat' dir='ltr'>et</span> <span class='ocrx_word' id='word_1_447' title='bbox 366 4639 600 4715; x_wconf 89' lang='lat' dir='ltr'>religiosorum</span> <span class='ocrx_word' id='word_1_448' title='bbox 609 4640 758 4702; x_wconf 78' lang='lat' dir='ltr'>virorum</span> <span class='ocrx_word' id='word_1_449' title='bbox 769 4639 960 4702; x_wconf 81' lang='lat' dir='ltr'>fuerintne-</span> 
     </span>
    </p>
   </div>
   <div class='ocr_carea' id='block_1_11' title="bbox 1010 3705 1807 3880">
    <p class='ocr_par' dir='ltr' id='par_1_33' title="bbox 1010 3705 1807 3880">
     <span class='ocr_line' id='line_1_50' title="bbox 1010 3705 1807 3785; baseline -0.005 -14"><span class='ocrx_word' id='word_1_450' title='bbox 1010 3724 1091 3785; x_wconf 91' lang='lat' dir='ltr'>ergo</span> <span class='ocrx_word' id='word_1_451' title='bbox 1117 3707 1251 3770; x_wconf 92' lang='lat' dir='ltr'>omnino</span> <span class='ocrx_word' id='word_1_452' title='bbox 1279 3705 1449 3768; x_wconf 90' lang='lat' dir='ltr'>bominum</span> <span class='ocrx_word' id='word_1_453' title='bbox 1470 3705 1569 3768; x_wconf 90' lang='lat' dir='ltr'>liceat</span> <span class='ocrx_word' id='word_1_454' title='bbox 1594 3705 1681 3768; x_wconf 78' lang='lat' dir='ltr'>lianc</span> <span class='ocrx_word' id='word_1_455' title='bbox 1709 3707 1807 3784; x_wconf 85' lang='lat' dir='ltr'>pagi-</span> 
     </span>
     <span class='ocr_line' id='line_1_51' title="bbox 1011 3806 1179 3880; baseline -0.018 -9"><span class='ocrx_word' id='word_1_456' title='bbox 1011 3822 1099 3880; x_wconf 92' lang='lat' dir='ltr'>nam,</span> <span class='ocrx_word' id='word_1_457' title='bbox 1116 3806 1179 3869; x_wconf 90' lang='lat' dir='ltr'>etc.</span> 
     </span>
    </p>
   </div>
   <div class='ocr_carea' id='block_1_12' title="bbox 1014 4595 1811 4672">
    <p class='ocr_par' dir='ltr' id='par_1_34' title="bbox 1014 4595 1811 4672">
     <span class='ocr_line' id='line_1_52' title="bbox 1014 4595 1811 4672; baseline -0.006 -13"><span class='ocrx_word' id='word_1_458' title='bbox 1014 4602 1047 4660; x_wconf 77' lang='lat' dir='ltr'>lii</span> <span class='ocrx_word' id='word_1_459' title='bbox 1067 4599 1217 4658; x_wconf 83' lang='lat' dir='ltr'>coudrmat</span> <span class='ocrx_word' id='word_1_460' title='bbox 1240 4598 1335 4672; x_wconf 89' lang='lat' dir='ltr'>plures</span> <span class='ocrx_word' id='word_1_461' title='bbox 1361 4595 1473 4666; x_wconf 88' lang='lat' dir='ltr'>domos,</span> <span class='ocrx_word' id='word_1_462' title='bbox 1498 4597 1609 4666; x_wconf 90' lang='lat' dir='ltr'>vineas,</span> <span class='ocrx_word' id='word_1_463' title='bbox 1636 4595 1811 4667; x_wconf 87' lang='lat' dir='ltr'>molendina,</span> 
     </span>
    </p>
   </div>
   <div class='ocr_carea' id='block_1_13' title="bbox 149 4686 1758 4813">
    <p class='ocr_par' dir='ltr' id='par_1_35' title="bbox 149 4686 1758 4813">
     <span class='ocr_line' id='line_1_53' title="bbox 149 4686 1758 4813; baseline -0.005 -62"><span class='ocrx_word' id='word_1_464' title='bbox 149 4736 337 4800; x_wconf 38' lang='lat' dir='ltr'><strong>mittendae.</strong></span> <span class='ocrx_word' id='word_1_465' title='bbox 351 4737 492 4813; x_wconf 59' lang='lat' dir='ltr'><strong>Propter</strong></span> <span class='ocrx_word' id='word_1_466' title='bbox 505 4736 707 4813; x_wconf 58' lang='lat' dir='ltr'>paucitatem</span> <span class='ocrx_word' id='word_1_467' title='bbox 720 4738 844 4800; x_wconf 59' lang='lat' dir='ltr'><strong>etenim</strong></span> <span class='ocrx_word' id='word_1_468' title='bbox 863 4753 960 4800; x_wconf 65' lang='lat' dir='ltr'>suam</span> <span class='ocrx_word' id='word_1_469' title='bbox 1067 4688 1183 4747; x_wconf 83' lang='lat' dir='ltr'>turnum</span> <span class='ocrx_word' id='word_1_470' title='bbox 1201 4695 1230 4746; x_wconf 91' lang='lat' dir='ltr'>et</span> <span class='ocrx_word' id='word_1_471' title='bbox 1247 4688 1302 4745; x_wconf 89' lang='lat' dir='ltr'>alla</span> <span class='ocrx_word' id='word_1_472' title='bbox 1318 4702 1382 4761; x_wconf 80' lang='lat' dir='ltr'>que</span> <span class='ocrx_word' id='word_1_473' title='bbox 1401 4686 1547 4760; x_wconf 81' lang='lat' dir='ltr'>sigillatim</span> <span class='ocrx_word' id='word_1_474' title='bbox 1565 4693 1758 4744; x_wconf 83' lang='lat' dir='ltr'>recensentur.</span> 
     </span>
    </p>
   </div>
   <div class='ocr_carea' id='block_1_14' title="bbox 149 4831 1818 5598">
    <p class='ocr_par' dir='ltr' id='par_1_36' title="bbox 149 4831 1816 5392">
     <span class='ocr_line' id='line_1_54' title="bbox 149 4831 1810 4912; baseline -0.004 -16"><span class='ocrx_word' id='word_1_475' title='bbox 149 4835 267 4898; x_wconf 61' lang='lat' dir='ltr'>taum</span> <span class='ocrx_word' id='word_1_476' title='bbox 285 4833 498 4911; x_wconf 87' lang='lat' dir='ltr'>pausationes</span> <span class='ocrx_word' id='word_1_477' title='bbox 522 4833 559 4894; x_wconf 92' lang='lat' dir='ltr'>in</span> <span class='ocrx_word' id='word_1_478' title='bbox 578 4834 751 4912; x_wconf 89' lang='lat' dir='ltr'>psallendo</span> <span class='ocrx_word' id='word_1_479' title='bbox 767 4834 878 4900; x_wconf 86' lang='lat' dir='ltr'>tacere</span> <span class='ocrx_word' id='word_1_480' title='bbox 893 4851 960 4899; x_wconf 90' lang='lat' dir='ltr'>non</span> <span class='ocrx_word' id='word_1_481' title='bbox 1055 4837 1136 4896; x_wconf 83' lang='lat' dir='ltr'>Cum</span> <span class='ocrx_word' id='word_1_482' title='bbox 1151 4849 1170 4894; x_wconf 91' lang='lat' dir='ltr'>a</span> <span class='ocrx_word' id='word_1_483' title='bbox 1185 4832 1281 4895; x_wconf 90' lang='lat' dir='ltr'>nobis</span> <span class='ocrx_word' id='word_1_484' title='bbox 1296 4831 1429 4909; x_wconf 89' lang='lat' dir='ltr'>petitur,</span> <span class='ocrx_word' id='word_1_485' title='bbox 1447 4831 1537 4892; x_wconf 88' lang='lat' dir='ltr'>ete...</span> <span class='ocrx_word' id='word_1_486' title='bbox 1559 4843 1666 4904; x_wconf 78' lang='lat' dir='ltr'>usqtte</span> <span class='ocrx_word' id='word_1_487' title='bbox 1688 4845 1810 4891; x_wconf 89' lang='lat' dir='ltr'>assen-</span> 
     </span>
     <span class='ocr_line' id='line_1_55' title="bbox 152 4925 1816 5010; baseline -0.005 -16"><span class='ocrx_word' id='word_1_488' title='bbox 152 4931 369 5003; x_wconf 88' lang='lat' dir='ltr'>tenebuntur,</span> <span class='ocrx_word' id='word_1_489' title='bbox 392 4945 454 4992; x_wconf 90' lang='lat' dir='ltr'>nec</span> <span class='ocrx_word' id='word_1_490' title='bbox 475 4930 524 4993; x_wconf 90' lang='lat' dir='ltr'>ita</span> <span class='ocrx_word' id='word_1_491' title='bbox 545 4931 741 5008; x_wconf 85' lang='lat' dir='ltr'>tempestive</span> <span class='ocrx_word' id='word_1_492' title='bbox 756 4948 906 5010; x_wconf 89' lang='lat' dir='ltr'>surgere.</span> <span class='ocrx_word' id='word_1_493' title='bbox 923 4936 962 4996; x_wconf 91' lang='lat' dir='ltr'>ln</span> <span class='ocrx_word' id='word_1_494' title='bbox 1016 4947 1100 5000; x_wconf 90' lang='lat' dir='ltr'>sum,</span> <span class='ocrx_word' id='word_1_495' title='bbox 1116 4929 1242 5001; x_wconf 87' lang='lat' dir='ltr'>domos,</span> <span class='ocrx_word' id='word_1_496' title='bbox 1256 4928 1383 4999; x_wconf 83' lang='lat' dir='ltr'>uineas,</span> <span class='ocrx_word' id='word_1_497' title='bbox 1400 4925 1601 4997; x_wconf 89' lang='lat' dir='ltr'>molendina,</span> <span class='ocrx_word' id='word_1_498' title='bbox 1617 4925 1765 4996; x_wconf 80' lang='lat' dir='ltr'>furnum,</span> <span class='ocrx_word' id='word_1_499' title='bbox 1780 4926 1816 4986; x_wconf 88' lang='lat' dir='ltr'>et</span> 
     </span>
     <span class='ocr_line' id='line_1_56' title="bbox 153 5021 1813 5096; baseline -0.008 -3"><span class='ocrx_word' id='word_1_500' title='bbox 153 5045 280 5093; x_wconf 87' lang='lat' dir='ltr'>rasura</span> <span class='ocrx_word' id='word_1_501' title='bbox 300 5026 454 5090; x_wconf 88' lang='lat' dir='ltr'>similiter</span> <span class='ocrx_word' id='word_1_502' title='bbox 483 5027 633 5090; x_wconf 88' lang='lat' dir='ltr'>ordinem</span> <span class='ocrx_word' id='word_1_503' title='bbox 670 5031 703 5091; x_wconf 87' lang='lat' dir='ltr'>S.</span> <span class='ocrx_word' id='word_1_504' title='bbox 727 5029 872 5092; x_wconf 89' lang='lat' dir='ltr'>Victoris</span> <span class='ocrx_word' id='word_1_505' title='bbox 901 5045 961 5092; x_wconf 88' lang='lat' dir='ltr'>se·</span> <span class='ocrx_word' id='word_1_506' title='bbox 1015 5028 1162 5090; x_wconf 79' lang='lat' dir='ltr'>Aldecan</span> <span class='ocrx_word' id='word_1_507' title='bbox 1177 5025 1218 5086; x_wconf 91' lang='lat' dir='ltr'>de</span> <span class='ocrx_word' id='word_1_508' title='bbox 1241 5024 1396 5096; x_wconf 83' lang='lat' dir='ltr'>Alcaran,</span> <span class='ocrx_word' id='word_1_509' title='bbox 1420 5023 1534 5084; x_wconf 89' lang='lat' dir='ltr'>domos</span> <span class='ocrx_word' id='word_1_510' title='bbox 1556 5022 1589 5083; x_wconf 90' lang='lat' dir='ltr'>et</span> <span class='ocrx_word' id='word_1_511' title='bbox 1611 5021 1813 5090; x_wconf 89' lang='lat' dir='ltr'>molendina,</span> 
     </span>
     <span class='ocr_line' id='line_1_57' title="bbox 158 5117 1815 5206; baseline -0.008 -15"><span class='ocrx_word' id='word_1_512' title='bbox 158 5128 305 5206; x_wconf 81' lang='lat' dir='ltr'>quantur</span> <span class='ocrx_word' id='word_1_513' title='bbox 327 5125 453 5200; x_wconf 89' lang='lat' dir='ltr'>clerici,</span> <span class='ocrx_word' id='word_1_514' title='bbox 474 5124 554 5188; x_wconf 87' lang='lat' dir='ltr'>laici</span> <span class='ocrx_word' id='word_1_515' title='bbox 568 5141 650 5188; x_wconf 87' lang='lat' dir='ltr'>vero</span> <span class='ocrx_word' id='word_1_516' title='bbox 673 5125 794 5190; x_wconf 83' lang='lat' dir='ltr'>barbas</span> <span class='ocrx_word' id='word_1_517' title='bbox 814 5143 881 5187; x_wconf 93' lang='lat' dir='ltr'>non</span> <span class='ocrx_word' id='word_1_518' title='bbox 900 5143 961 5190; x_wconf 90' lang='lat' dir='ltr'>ra·</span> <span class='ocrx_word' id='word_1_519' title='bbox 1017 5125 1058 5187; x_wconf 91' lang='lat' dir='ltr'>de</span> <span class='ocrx_word' id='word_1_520' title='bbox 1074 5126 1179 5185; x_wconf 84' lang='lat' dir='ltr'>Turre</span> <span class='ocrx_word' id='word_1_521' title='bbox 1201 5121 1261 5182; x_wconf 92' lang='lat' dir='ltr'>sub</span> <span class='ocrx_word' id='word_1_522' title='bbox 1280 5121 1361 5183; x_wconf 84' lang='lat' dir='ltr'>villa</span> <span class='ocrx_word' id='word_1_523' title='bbox 1380 5119 1524 5191; x_wconf 85' lang='lat' dir='ltr'>vineam,</span> <span class='ocrx_word' id='word_1_524' title='bbox 1548 5117 1673 5190; x_wconf 89' lang='lat' dir='ltr'>hortos,</span> <span class='ocrx_word' id='word_1_525' title='bbox 1700 5133 1815 5178; x_wconf 84' lang='lat' dir='ltr'>serras</span> 
     </span>
     <span class='ocr_line' id='line_1_58' title="bbox 158 5213 1815 5302; baseline -0.007 -14"><span class='ocrx_word' id='word_1_526' title='bbox 158 5225 251 5298; x_wconf 86' lang='lat' dir='ltr'>dant,</span> <span class='ocrx_word' id='word_1_527' title='bbox 272 5225 403 5287; x_wconf 87' lang='lat' dir='ltr'>sedeas</span> <span class='ocrx_word' id='word_1_528' title='bbox 422 5238 573 5286; x_wconf 88' lang='lat' dir='ltr'>creseere</span> <span class='ocrx_word' id='word_1_529' title='bbox 591 5222 739 5286; x_wconf 90' lang='lat' dir='ltr'>modeste</span> <span class='ocrx_word' id='word_1_530' title='bbox 757 5225 960 5302; x_wconf 78' lang='lat' dir='ltr'>permittant.</span> <span class='ocrx_word' id='word_1_531' title='bbox 1019 5220 1228 5285; x_wconf 87' lang='lat' dir='ltr'>Sublerolam</span> <span class='ocrx_word' id='word_1_532' title='bbox 1248 5234 1325 5279; x_wconf 90' lang='lat' dir='ltr'>cum</span> <span class='ocrx_word' id='word_1_533' title='bbox 1349 5215 1502 5278; x_wconf 89' lang='lat' dir='ltr'>omnibus</span> <span class='ocrx_word' id='word_1_534' title='bbox 1524 5214 1676 5278; x_wconf 91' lang='lat' dir='ltr'>terminis</span> <span class='ocrx_word' id='word_1_535' title='bbox 1691 5213 1762 5274; x_wconf 89' lang='lat' dir='ltr'>suis</span> <span class='ocrx_word' id='word_1_536' title='bbox 1778 5213 1815 5276; x_wconf 91' lang='lat' dir='ltr'>in</span> 
     </span>
     <span class='ocr_line' id='line_1_59' title="bbox 1017 5311 1816 5392; baseline -0.011 -9"><span class='ocrx_word' id='word_1_537' title='bbox 1017 5320 1168 5392; x_wconf 70' lang='lat' dir='ltr'>alarcos,</span> <span class='ocrx_word' id='word_1_538' title='bbox 1180 5315 1331 5379; x_wconf 87' lang='lat' dir='ltr'>Castrum</span> <span class='ocrx_word' id='word_1_539' title='bbox 1343 5312 1384 5376; x_wconf 90' lang='lat' dir='ltr'>de</span> <span class='ocrx_word' id='word_1_540' title='bbox 1396 5312 1559 5374; x_wconf 89' lang='lat' dir='ltr'>miraculo</span> <span class='ocrx_word' id='word_1_541' title='bbox 1573 5328 1647 5374; x_wconf 91' lang='lat' dir='ltr'>cum</span> <span class='ocrx_word' id='word_1_542' title='bbox 1662 5311 1816 5374; x_wconf 88' lang='lat' dir='ltr'>omnibus</span> 
     </span>
    </p>

    <p class='ocr_par' dir='ltr' id='par_1_37' title="bbox 160 5409 1818 5598">
     <span class='ocr_line' id='line_1_60' title="bbox 202 5409 1815 5499; baseline -0.009 -13"><span class='ocrx_word' id='word_1_543' title='bbox 202 5423 295 5486; x_wconf 90' lang='lat' dir='ltr'>Nulli</span> <span class='ocrx_word' id='word_1_544' title='bbox 310 5439 389 5499; x_wconf 87' lang='lat' dir='ltr'>ergo</span> <span class='ocrx_word' id='word_1_545' title='bbox 412 5423 547 5485; x_wconf 91' lang='lat' dir='ltr'>omnino</span> <span class='ocrx_word' id='word_1_546' title='bbox 570 5419 742 5484; x_wconf 90' lang='lat' dir='ltr'>hominum</span> <span class='ocrx_word' id='word_1_547' title='bbox 761 5422 862 5485; x_wconf 90' lang='lat' dir='ltr'>liceat</span> <span class='ocrx_word' id='word_1_548' title='bbox 877 5421 964 5484; x_wconf 90' lang='lat' dir='ltr'>banc</span> <span class='ocrx_word' id='word_1_549' title='bbox 1019 5416 1170 5482; x_wconf 89' lang='lat' dir='ltr'>terminis</span> <span class='ocrx_word' id='word_1_550' title='bbox 1185 5414 1256 5476; x_wconf 90' lang='lat' dir='ltr'>suis</span> <span class='ocrx_word' id='word_1_551' title='bbox 1270 5412 1398 5474; x_wconf 88' lang='lat' dir='ltr'>scilicet</span> <span class='ocrx_word' id='word_1_552' title='bbox 1412 5411 1452 5473; x_wconf 89' lang='lat' dir='ltr'>da</span> <span class='ocrx_word' id='word_1_553' title='bbox 1466 5413 1582 5482; x_wconf 80' lang='lat' dir='ltr'>Turre,</span> <span class='ocrx_word' id='word_1_554' title='bbox 1597 5410 1637 5471; x_wconf 90' lang='lat' dir='ltr'>de</span> <span class='ocrx_word' id='word_1_555' title='bbox 1653 5411 1758 5486; x_wconf 88' lang='lat' dir='ltr'>Orgaz</span> <span class='ocrx_word' id='word_1_556' title='bbox 1773 5409 1815 5471; x_wconf 90' lang='lat' dir='ltr'>ad</span> 
     </span>
     <span class='ocr_line' id='line_1_61' title="bbox 160 5508 1818 5598; baseline -0.007 -16"><span class='ocrx_word' id='word_1_557' title='bbox 160 5519 320 5598; x_wconf 89' lang='lat' dir='ltr'>paginam</span> <span class='ocrx_word' id='word_1_558' title='bbox 343 5521 466 5583; x_wconf 79' lang='lat' dir='ltr'>nostrae</span> <span class='ocrx_word' id='word_1_559' title='bbox 491 5520 728 5594; x_wconf 89' lang='lat' dir='ltr'>concessionis,</span> <span class='ocrx_word' id='word_1_560' title='bbox 753 5521 787 5584; x_wconf 92' lang='lat' dir='ltr'>et</span> <span class='ocrx_word' id='word_1_561' title='bbox 801 5520 965 5584; x_wconf 89' lang='lat' dir='ltr'>constitu·</span> <span class='ocrx_word' id='word_1_562' title='bbox 1019 5516 1186 5580; x_wconf 86' lang='lat' dir='ltr'>llievenes</span> <span class='ocrx_word' id='word_1_563' title='bbox 1209 5513 1243 5577; x_wconf 86' lang='lat' dir='ltr'>et</span> <span class='ocrx_word' id='word_1_564' title='bbox 1263 5510 1427 5576; x_wconf 81' lang='lat' dir='ltr'>Albanuel</span> <span class='ocrx_word' id='word_1_565' title='bbox 1442 5508 1592 5573; x_wconf 88' lang='lat' dir='ltr'>etlontes</span> <span class='ocrx_word' id='word_1_566' title='bbox 1610 5508 1650 5570; x_wconf 93' lang='lat' dir='ltr'>de</span> <span class='ocrx_word' id='word_1_567' title='bbox 1666 5508 1818 5572; x_wconf 88' lang='lat' dir='ltr'>Rabonat</span> 
     </span>
    </p>
   </div>
   <div class='ocr_carea' id='block_1_15' title="bbox 294 5665 1706 5746">
    <p class='ocr_par' dir='ltr' id='par_1_38' title="bbox 294 5665 1706 5746">
     <span class='ocr_line' id='line_1_62' title="bbox 294 5665 1706 5746; baseline 0 -1"><span class='ocrx_word' id='word_1_568' title='bbox 294 5701 409 5746; x_wconf 79' lang='lat' dir='ltr'>naraon.</span> <span class='ocrx_word' id='word_1_569' title='bbox 429 5689 552 5746; x_wconf 80' lang='lat' dir='ltr'>rounll.</span> <span class='ocrx_word' id='word_1_570' title='bbox 1678 5665 1706 5723; x_wconf 80' lang='lat'>⁹·</span> 
     </span>
    </p>
   </div>
   <div class='ocr_carea' id='block_1_16' title="bbox 0 0 2140 6404">
    <p class='ocr_par' dir='ltr' id='par_1_39' title="bbox 0 0 2140 6404">
     <span class='ocr_line' id='line_1_63' title="bbox 0 0 2140 6404; baseline 0 0"><span class='ocrx_word' id='word_1_571' title='bbox 0 0 2140 6404; x_wconf 95' lang='lat' dir='ltr'> </span> 
     </span>
    </p>
   </div>
  </div>
 </body>
</html>
