4200 6404
127 272 196 336 :aos
580 269 696 337 initu.
710 300 752 315 -
766 271 809 334 m
833 261 963 336 ansro
986 271 1135 336 samum
1157 271 1337 336 niueum.
1513 341 1516 354 ,
1724 278 1783 340 aar
1888 239 1894 247 ’
1981 242 1984 250 ’

126 430 317 495 hominum.
336 427 774 503 Quia,sioutodorhaustus
790 445 937 509 percor-
1026 432 1100 496 Jam
1128 431 1231 508 igitur
1256 431 1398 494 vestitur
1427 433 1544 508 altare,
1570 435 1702 512 ornando
1724 451 1783 498 cor

125 544 196 609 pus
208 528 356 592 animam
366 523 471 591 allicit
481 543 548 590 non
563 543 694 607 corpus,
709 529 756 592 ita
768 545 862 597 amor
872 530 935 596 iste
988 528 1147 592 mundum
1161 529 1256 592 bonis
1273 530 1428 608 operibus
1441 533 1633 596 adornatur.
1646 535 1694 596 De
1709 535 1785 612 qui·

127 645 176 690 ex
191 625 300 706 ipsius
324 625 452 691 naturas
479 625 709 699 similitudine,
731 627 856 704 absque
877 643 936 709 spe
988 626 1049 690 bus
1065 627 1220 690 Salomon
1232 626 1405 696 nitzomrti
1415 630 1569 706 tempore
1579 632 1786 696 vestimenta

126 723 453 802 recompensationis
465 721 666 790 naturaliter
681 741 811 790 omnem
825 726 936 791 bomi-
988 725 1049 790 tun
1061 727 1133 788 sint
1152 729 1299 790 eandida
1322 724 1438 806 (tiocli.
1455 743 1502 801 rx,
1524 727 1569 808 8),
1583 728 1670 792 idest
1682 745 1784 807 opera

130 840 213 886 nem
237 822 358 899 diligit
382 821 503 895 Quiax
521 823 661 888 occultis
681 825 810 890 nature
822 840 937 890 recas-
987 822 1045 886 tua
1071 823 1141 891 sint
1163 823 1298 890 munda.
1328 826 1442 904 ltaque
1461 842 1562 905 super
1589 827 1654 890 boc
1677 827 1784 890 altars

131 923 226 984 sibus
249 921 390 986 veniens
413 921 446 988 et
465 920 586 986 animae
609 937 646 984 se
665 923 833 998 ingerens,
849 921 934 987 nibil
988 919 1074 998 quod
1102 919 1166 983 boc
1189 919 1306 984 ordine
1333 925 1557 997 consecratur,
1581 923 1783 988 sacrificinm

23 1017 25 1020 ’
129 1017 316 1086 humanum
353 1017 395 1084 ab
431 1033 472 1080 ea
506 1019 632 1096 patitur
667 1033 740 1085 essa
775 1021 932 1085 alianum.
988 1017 1127 1080 offertur
1143 1019 1324 1092 altissimo,
1349 1019 1432 1082 illud
1455 1021 1623 1095 videlicet,
1650 1022 1691 1084 de
1719 1039 1786 1101 quo

128 1117 270 1182 Auditui
282 1116 497 1200 comparatur
513 1133 608 1180 amor
621 1119 806 1194 spiritualia
820 1119 936 1182 inimi-
989 1115 1156 1192 Propheta
1184 1117 1232 1179 ait
1252 1117 1287 1178 in
1312 1118 1439 1194 psalmo
1457 1119 1699 1194 :Sacrificium
1712 1124 1786 1183 Deo

129 1232 258 1278 corum.
287 1214 350 1278 Sed
373 1215 462 1297 quia,
488 1216 574 1278 sicut
594 1216 727 1280 auditus
747 1217 832 1284 nihil
847 1218 935 1280 inte-
988 1214 1790 1297 spirituroontrsbumtar(1³s.50,1s).stinellas-

130 1315 218 1382 rius,
233 1313 328 1382 idest,
339 1313 430 1376 intra
438 1329 558 1390 corpus
566 1317 734 1392 operatur,
746 1315 775 1379 si
786 1316 934 1379 exterius
988 1314 1135 1374 immola
1160 1316 1231 1375 Deo
1249 1315 1462 1386 sacrificium
1474 1319 1623 1380 madia...
1641 1313 1711 1395 (Ps.
1729 1317 1784 1389 49,

130 1411 279 1490 quodam
302 1407 399 1475 modo
424 1427 524 1474 aures
548 1413 685 1489 pulsans
700 1414 846 1477 animam
867 1429 934 1476 non
989 1408 1053 1487 14).
1083 1409 1244 1473 Exhibete
1270 1427 1351 1488 ergo
1377 1427 1517 1489 corpora
1551 1413 1664 1476 restra
1687 1414 1786 1492 juxta

132 1509 253 1572 evocat
276 1509 313 1571 ut
327 1511 426 1571 exeat
439 1510 472 1571 et
486 1507 655 1584 exaudiat,
672 1511 721 1572 sic
735 1511 769 1574 et
787 1527 933 1576 amorem
988 1507 1182 1584 Apostolum
1194 1507 1338 1572 bostiam
1351 1508 1529 1582 virentem,
1540 1511 1701 1580 sanctam,
1717 1515 1785 1574 Deo

126 1608 261 1685 justum
289 1608 324 1668 in
346 1607 446 1671 cordo
465 1607 558 1670 nulle
577 1609 630 1670 vis
651 1611 782 1674 naturae
806 1610 934 1674 nullius
988 1604 1185 1682 placentem,
1212 1607 1249 1670 ut
1281 1607 1326 1668 sit
1359 1607 1559 1670 rationabile
1590 1607 1786 1686 obsequium

130 1705 279 1782 alicujus
292 1706 550 1768 necessitudinis
560 1707 699 1770 suscitat
708 1707 859 1782 affectus,
876 1708 934 1770 sed
987 1703 1151 1778 vescum
1181 1704 1419 1768 mortificantes
1458 1705 1495 1766 in
1531 1705 1638 1770 altare
1677 1707 1787 1768 cordis

132 1803 210 1865 sola
232 1802 420 1866 obedientia
444 1819 518 1881 quaa
545 1819 607 1882 per
626 1805 777 1868 auditum
805 1806 936 1882 signill-
988 1797 1136 1865 membra
1149 1801 1272 1876 sesua,
1286 1819 1360 1880 quae
1375 1804 1453 1868 sunt
1466 1804 1713 1880 superterram,
1734 1805 1788 1866 vi-

130 1903 242 1966 uatur.
259 1902 355 1968 visui
372 1903 584 1979 comparatur
598 1918 693 1966 amor
713 1903 856 1978 divinus,
873 1905 934 1968 Dei
988 1897 1117 1976 debeat,
1135 1899 1391 1975 immunditiam,
1404 1901 1588 1976 libidinem,
1604 1903 1784 1980 concupis-

131 1999 273 2071 scilicet,
289 2001 369 2076 quia
381 1999 468 2066 sicut
477 1998 570 2066 risus
581 2000 777 2079 principalis
790 2003 844 2070 est
858 2019 935 2067 san·
987 1997 1131 2062 eandam
1166 1998 1290 2064 malam
1335 1999 1370 2066 et
1409 1999 1587 2064 avaritiam
1622 1998 1786 2077 quatenus

132 2114 204 2171 sus,
217 2096 264 2159 sic
278 2096 698 2165 interomnssallectiones
711 2100 934 2178 principatum
987 2095 1110 2163 mundo
1134 2096 1234 2160 corde
1256 2097 1289 2160 et
1311 2096 1404 2164 casto
1427 2113 1566 2176 corpore
1588 2097 1786 2160 sacrificetis

130 2195 261 2261 obtinet
275 2211 370 2262 amor
383 2195 527 2261 divinus.
548 2197 587 2260 lit
602 2195 689 2262 sieut
703 2213 724 2262 a
737 2199 813 2264 risu
831 2199 935 2262 coelo-
987 2193 1126 2257 Domino
1140 2194 1372 2273 vosmetipsos.

129 2307 209 2357 rum
230 2293 344 2356 ceteri
366 2309 484 2360 sensus
504 2309 619 2360 omnes
635 2295 750 2362 ridere
764 2296 930 2370 dicuntur,

129 2391 277 2454 dicimus
292 2391 381 2459 enim
401 2391 547 2468 tangeet
566 2393 653 2465 vido,
665 2393 886 2468 audietvide,
901 2396 935 2456 et
1318 2414 1446 2506 XXVI

128 2488 184 2550 sio
193 2488 236 2557 de
245 2489 444 2562 castanasio
454 2490 496 2552 ab
508 2505 621 2558 amore
631 2491 744 2556 divino
754 2492 876 2559 catera
886 2492 934 2554 di·

130 2588 255 2652 cuntur
264 2585 382 2660 amari,
392 2603 466 2664 qum
476 2587 561 2652 bene
573 2589 739 2664 amantur,
752 2605 827 2655 cum
839 2606 933 2656 cons
1108 2602 1154 2664 1N
1176 2603 1306 2666 ppspo
1328 2604 1478 2667 pmcn
1498 2605 1678 2666 mcom,

130 2683 181 2746 tet
202 2683 286 2746 nibil
305 2685 426 2750 debera
445 2686 553 2750 amari
576 2687 644 2750 nisi
665 2687 800 2766 propter
815 2691 930 2762 Deum,

131 2797 195 2844 nec
210 2782 317 2846 amari
327 2799 398 2851 rem
411 2799 485 2861 quae
500 2785 635 2863 propter
649 2784 739 2850 aliud
753 2786 831 2864 quid
844 2801 933 2848 ama·
1026 2781 1105 2845 stat
1116 2783 1222 2844 lumbi
1232 2782 1342 2844 castrt
1351 2784 1531 2857 praetant
1542 2780 1783 2863 (Luc.111,35).

131 2882 201 2951 tur,
218 2880 277 2942 sed
288 2881 320 2941 id
337 2881 448 2958 potius
460 2884 594 2960 propter
608 2883 695 2962 quod
709 2884 850 2948 amatur.
1028 2877 1183 2942 Salvator
1196 2879 1311 2942 noster
1331 2880 1483 2958 praecipit
1506 2879 1612 2954 nobis,
1624 2881 1712 2944 sicut
1723 2897 1782 2943 re-

173 2979 387 3043 confirmatio
412 2995 493 3043 vero
524 2979 612 3046 lacta
635 2980 676 3047 de
704 2981 884 3046 chrismate
912 2998 932 3044 a
985 2975 1063 3042 tulit
1085 2977 1295 3054 evangelium
1317 2978 1402 3056 quod
1418 2977 1568 3053 audistis,
1586 2981 1623 3044 ut
1636 2981 1784 3056 praecin-

132 3077 294 3141 Pontillce
316 3077 352 3140 in
377 3077 486 3142 lronte
505 3077 637 3156 lapidis,
666 3078 833 3156 signifieat
851 3096 933 3144 con·
985 3089 1103 3150 gamus
1115 3073 1245 3140 lumbos
1253 3078 1395 3150 nostros,
1407 3078 1439 3138 et
1446 3078 1617 3154 portemus
1629 3077 1784 3141 lucernas

133 3173 367 3248 firmationem,
383 3191 457 3256 qum
471 3175 619 3253 quotidie
634 3175 704 3240 fita
720 3179 842 3243 sancto
855 3179 933 3256 spi.
985 3169 1140 3234 ardentes
1168 3170 1204 3232 in
1232 3169 1386 3235 matribus
1419 3173 1555 3235 nostris.
1587 3172 1671 3236 Sunt
1695 3172 1784 3237 enirn

131 3272 201 3333 ritu
228 3289 288 3349 per
315 3271 513 3341 enarratam
545 3273 580 3338 in
602 3273 708 3338 altere
736 3275 860 3350 comis,
896 3279 932 3340 ut
984 3267 1050 3333 tria
1076 3284 1150 3347 que
1164 3268 1296 3347 penitus
1310 3268 1479 3332 nominem
1493 3270 1690 3343 dissolvunt
1705 3271 1784 3334 am-

131 3369 225 3432 nnlla
240 3369 413 3436 tribulatio
428 3385 485 3435 cor
497 3372 678 3436 postrema
693 3373 856 3440 charitato
870 3375 931 3438 nei
985 3381 1073 3432 mam
1098 3383 1173 3430 cum
1195 3383 1335 3445 corpora
1358 3368 1459 3430 simul
1481 3368 1622 3430 interire
1642 3367 1781 3432 iaciunt.

85 3511 90 3520 .
129 3467 243 3532 velent
267 3484 436 3546 seperare.
463 3469 557 3534 Unde
575 3469 705 3536 dicebat
725 3472 928 3549 apostolus:
984 3465 1064 3526 nec
1086 3480 1166 3528 vero
1189 3465 1265 3530 suat
1284 3481 1291 3526 τ
1309 3465 1463 3536 avaritia,
1489 3465 1634 3538 luxuria,
1662 3482 1783 3544 surer-

131 3569 214 3634 θυῖε
237 3580 300 3630 noe
331 3569 555 3642 mperes-tta
588 3569 758 3635 cbcmtate
782 3573 931 3638 Cariati?
983 3561 1055 3640 bier
1085 3562 1229 3625 avaritia
1257 3578 1421 3640 generans
1447 3563 1621 3636 invidiam,
1648 3563 1795 3626 luxuria,

132 3665 333 3737 mentatio,
359 3679 406 3726 aa
439 3666 602 3742 anpuetta
616 3671 630 3730 p
718 3664 831 3746 (Rom.
856 3671 928 3742 vm,
984 3659 1156 3737 proferens
1182 3659 1436 3733 immunditiam,
1465 3659 1620 3737 superbia
1646 3661 1783 3738 pariens

129 3762 181 3830 37,
190 3759 258 3840 39).
305 3777 308 3786 ’
983 3755 1197 3835 injustitiam3
1214 3758 1356 3821 avaritia
1378 3757 1514 3820 trahens
1534 3759 1702 3822 bominem
1717 3776 1782 3825 ex-

170 3860 251 3922 Post
269 3859 457 3922 duodenem
473 3859 586 3923 adolet
603 3862 788 3927 incensum.
811 3864 931 3927 ineen-
983 3854 1035 3920 tra
1047 3871 1095 3928 se,
1109 3856 1243 3922 luxuria
1265 3871 1419 3936 promens
1447 3873 1523 3918 eum
1547 3856 1636 3922 infla
1655 3873 1702 3932 ΒΘ,
1720 3875 1783 3920 ⁸11·
1900 3938 1904 3950 ‚

130 3971 204 4022 sum
218 3955 385 4032 signinam
405 3957 602 4022 orationem.
615 3959 694 4021 lnde
709 3961 760 4022 eet
781 3961 868 4038 quod
893 3960 928 4027 in
983 3952 1098 4032 perbia
1121 3955 1256 4034 rapiens
1279 3971 1354 4020 eum
1369 3970 1470 4034 supra
1486 3971 1538 4031 se;
1555 3957 1651 4018 extra
1666 3972 1703 4018 se
1723 3973 1784 4036 per

128 4055 233 4116 missa
245 4055 409 4121 adomnea
419 4055 567 4120 desertor
578 4057 761 4130 incensum,
774 4059 931 4126 utosten-
983 4052 1224 4130 evagationem,
1245 4053 1333 4118 intra
1349 4069 1385 4115 se
1399 4069 1459 4132 per
1471 4047 1702 4132 pollutionem,
1719 4071 1781 4118 su·

129 4151 239 4226 datur,
259 4152 344 4230 quod
364 4154 473 4216 oratio
488 4169 507 4215 a
522 4154 694 4220 sacerdote
716 4155 802 4223 iacta
826 4156 930 4234 perti-
982 4165 1042 4228 pra
1070 4167 1106 4216 se
1131 4168 1191 4230 per
1216 4152 1404 4216 elationem.
1436 4153 1520 4214 Sunt
1546 4152 1612 4215 tria
1640 4169 1780 4217 numero

129 4249 210 4316 neat
224 4250 265 4312 ad
278 4265 406 4316 omnes.
423 4251 707 4316 UndePsalmista
724 4256 930 4332 :vincatur
982 4249 1090 4314 tribus
1120 4251 1290 4331 praedictis
1321 4247 1595 4314 dissolutionibus
1630 4251 1781 4327 opposita

127 4349 175 4410 ad
189 4348 389 4421 teDomine,
402 4351 517 4414 oratio
528 4365 617 4423 ntea,
641 4355 929 4420 acarasseorum
983 4346 1090 4414 fronte
1104 4349 1284 4424 contraria,
1300 4363 1376 4425 quaa
1401 4347 1481 4425 quia
1494 4363 1555 4410 nos
1578 4347 1734 4412 cohibent
1747 4351 1782 4412 et

127 4448 166 4506 in
184 4447 366 4520 comperta
379 4447 449 4512 tao.
466 4446 506 4511 nt
514 4447 637 4513 ibidem
658 4450 796 4514 :Intret
815 4451 928 4513 oratio
981 4445 1197 4522 restringunt,
1221 4445 1316 4525 quasi
1337 4445 1489 4525 quasdam
1511 4445 1684 4520 cinctoria,
1710 4446 1777 4510 dici

126 4558 207 4606 naen
221 4543 311 4608 moui
326 4547 507 4610 incensum
519 4549 557 4610 tn
570 4549 753 4624 conspectu
771 4549 840 4620 tao,
857 4552 929 4610 Do-
982 4543 1307 4621 possuntflaecvero
1319 4543 1395 4607 sunt
1407 4543 1565 4608 memoria
1578 4543 1695 4608 mortis
1708 4561 1779 4607 cor·

126 4638 306 4719 mtrzcffs.
321 4644 422 4718 87,3;
450 4643 575 4724 140,2).
598 4648 635 4712 in
651 4646 928 4723 quinqueremem
981 4657 1103 4718 poreae,
1130 4641 1359 4720 probabilitas,
1393 4642 1426 4705 at
1457 4642 1558 4706 decor
1586 4642 1774 4721 pudicitiae,

126 4738 928 4822 locisadoleturincensum,videlicetinquatnor
981 4754 1076 4805 amor
1087 4740 1259 4818 religionis
1270 4739 1465 4818 etjustitiea.
1482 4742 1644 4806 Memoria
1662 4743 1778 4808 mortis

126 4837 262 4913 angulis
283 4837 318 4900 et
341 4838 377 4900 in
401 4839 521 4913 medic,
548 4843 626 4919 quia
651 4841 796 4921 quinque
810 4859 927 4907 sensus
981 4853 1063 4904 zona
1076 4841 1127 4902 est
1147 4840 1297 4917 pellicea,
1321 4855 1385 4917 qua
1405 4839 1600 4917 cingebatur
1620 4842 1777 4903 loannes.

127 4937 278 5012 corporis
303 4936 409 4998 nostri
439 4939 488 5000 sic
513 4955 672 5002 exercere
697 4941 865 5012 debemus,
892 4947 928 5006 ut
982 4937 1269 5016 Decorpudicitiae
1282 4937 1412 5004 balteus
1428 4939 1489 5008 tsi,
1505 4951 1570 5014 quo
1585 4935 1780 5020 Oisssspbatur

126 5033 217 5102 fama
229 5031 308 5100 boni
323 5035 435 5112 operis
457 5037 563 5100 nostri
578 5055 682 5116 usque
696 5039 738 5102 ad
756 5041 927 5118 proximos
980 5036 1092 5096 aaron
1118 5034 1279 5100 acuemus
1303 5035 1345 5099 ad
1365 5037 1480 5102 Deum.
1505 5039 1607 5100 amor
1626 5035 1790 5114 justitias„

126 5131 336 5198 mundetur.
350 5134 397 5200 De
412 5149 476 5211 qua
492 5133 758 5214 uiettapostolas
776 5141 928 5204 :camera
980 5131 1372 5206 auscultaturus
1389 5133 1451 5206 att,
1462 5148 1533 5211 ilua
1544 5131 1775 5210 praetingeba-

126 5231 233 5295 bonus
248 5233 332 5295 odor
344 5245 466 5296 sumus
486 5235 559 5298 Deo
572 5237 714 5297 inomni
728 5241 800 5304 loco
812 5234 924 5316 (icor.
980 5232 1035 5294 tur
1050 5232 1196 5298 ioannes
1223 5230 1265 5294 ad
1288 5230 1500 5297 mammillas.
1526 5229 1638 5295 Primo
1667 5232 1779 5294 autem

125 5343 163 5400 u,
179 5326 242 5406 15).
259 5329 299 5392 nt
312 5329 347 5392 in
362 5329 543 5410 Evangelio
558 5349 566 5392 :
579 5333 637 5399 Sto
650 5335 761 5396 luccat
773 5339 836 5400 lum
850 5350 928 5403 ear-
981 5327 1142 5396 cinctorio
1161 5329 1214 5394 usi
1242 5330 1321 5394 aunt
1342 5327 1541 5400 claustrales
1560 5330 1594 5390 et
1618 5329 1776 5402 eremitae,

127 5427 185 5485 trs
199 5440 319 5490 corneo
330 5431 533 5503 bominibus,
547 5431 587 5492 ut
599 5433 740 5494 emanat
752 5435 838 5496 bono
850 5448 928 5500 ecs-
981 5426 1126 5494 sectando
1142 5427 1372 5496 sacerdoteset
1383 5426 1508 5503 leritae3
1517 5426 1779 5492 tertiotlbristus

125 5523 184 5584 tro
205 5539 312 5599 opera
333 5526 367 5588 ct
391 5529 585 5602 pwrtficent
604 5529 753 5592 Patrem
771 5531 928 5600 vestram
980 5523 1776 5606 inhumanitatn3eramitaestudenteaasperitati

125 5625 186 5696 pai
200 5625 237 5682 ira
252 5625 347 5685 ecelis
360 5626 414 5687 ert
428 5623 559 5704 (Mattb.
573 5643 606 5700 r,
624 5625 688 5708 16).
980 5626 1168 5690 sacerdotes
1183 5626 1498 5700 marcumunes
1518 5624 1666 5690 omnium
1686 5625 1777 5690 inte-
