4214 6400
329 265 368 324 99
948 262 1124 325 HONORII
1147 263 1190 324 III
1213 263 1359 326 OPERA.

1924 263 1981 326 loo

327 423 512 486 honestatis
531 421 643 500 adjuto
659 421 732 484 vice
747 420 861 483 nostra
874 420 1043 484 licentiam
1062 422 1125 484 tri·
1177 419 1367 484 Tbeobaldo
1400 421 1478 482 nato
1508 433 1584 490 suo,
1615 415 1735 483 comite
1769 419 1978 499 campania,

326 520 412 582 buas
443 517 648 581 sacerdotale
682 517 828 579 cilicium
852 518 1041 591 exercendi,
1071 519 1125 579 in-

324 617 441 697 juncta
455 617 487 677 ei
499 614 691 694 poenitentia
704 614 913 692 competenti.
926 616 1044 677 Datum
1057 618 1126 678 Ro-

328 732 391 778 mae
402 714 487 792 apud
499 715 532 775 S.
544 712 689 785 Petrum,
702 714 746 774 IV
755 711 917 774 kalendas
926 712 1124 786 decembris,

329 811 540 892 pontificatus
555 810 660 873 nostri
670 825 760 872 auno
774 808 892 887 primo.

657 1022 803 1110 LXXII

330 1205 382 1266 Ad
396 1202 550 1265 abactam
571 1202 748 1264 caroliloci
770 1201 1013 1262 Silvanectes.
1029 1202 1126 1262 dtaeo.

467 1298 501 1359 et
515 1301 684 1360 moenum
693 1298 995 1360 savanecteosem.

625 1411 661 1470 28
674 1426 740 1468 nov.
756 1411 836 1468 talo.

395 1537 504 1602 [depost.
519 1535 591 1594 lib.l,
603 1535 678 1599 epist.
690 1533 790 1585 valles
801 1533 837 1584 Ls
847 1531 921 1584 Porta
931 1533 965 1584 du
975 1531 1069 1598 risit]

333 1678 488 1740 Committit
504 1677 547 1735 eis
570 1675 734 1734 monasterii
758 1674 905 1734 corbeien.
925 1675 1129 1745 visitationem,

369 1781 477 1838 eosque
500 1771 598 1822 monet
620 1771 650 1821 ut
672 1763 863 1821 visitationem
893 1761 1013 1820 sollicite
1037 1761 1128 1820 adim·

370 1854 475 1926 pleant.

375 1995 553 2066 Honorius,
570 1997 645 2067 ete,
662 1994 792 2056 dilectis
807 1993 886 2056 tiliis
903 1993 1014 2056 abbati
1029 1994 1133 2053 Cero-

335 2091 427 2155 liloci
441 2093 664 2154 Silvanectes.
681 2091 850 2164 diecesis,
864 2091 897 2152 ct
920 2091 1045 2152 decano
1066 2089 1133 2150 Sil-

337 2190 511 2254 vanecten.

266 2319 268 2324 .
377 2289 458 2349 Cum
480 2285 588 2348 felicis
614 2287 782 2349 memoriae
810 2285 1021 2348 Innocentius
1047 2299 1133 2362 papa

338 2384 565 2463 predecessor
578 2386 692 2446 noster
702 2383 927 2446 visitationem
939 2381 1134 2445 monasterii

338 2481 509 2544 corbeien.
533 2479 628 2542 vobis
653 2480 687 2542 et
708 2480 819 2543 abbati
850 2480 955 2542 sancti
977 2479 1133 2555 Maglorii

336 2578 469 2641 duxerit
483 2577 759 2650 committendam,
776 2578 809 2638 et
823 2576 909 2639 idem
924 2576 1026 2638 abbas
1037 2574 1134 2637 nobis

338 2693 413 2739 cum
435 2675 595 2738 instantia
618 2674 825 2753 supplicarit,
842 2674 878 2736 ut
890 2674 1000 2751 ipsum
1015 2688 1133 2736 senec-

337 2775 407 2837 tute
416 2774 590 2850 gravatum
600 2771 641 2832 ab
651 2771 843 2850 hujusmodi
851 2786 953 2832 onere
963 2770 1134 2832 absolvere

339 2871 570 2948 dignaremur3
587 2883 648 2931 nos
663 2868 815 2945 precibus
834 2868 1135 2930 condescendentes

338 2968 461 3045 ipsius,
488 2965 681 3028 discretioni
708 2957 919 3042 vestrae'per
945 2964 1136 3043 Apostolica

340 3065 464 3141 scripta
483 3062 690 3134 mandamus,
708 3062 873 3140 quatenus
897 3061 994 3124 dictae
1014 3061 1135 3124 visita-

340 3161 442 3223 tionis
451 3159 596 3222 oiticium
607 3158 787 3220 secundum
794 3160 943 3220 tenorem
950 3159 1137 3220 litterarum

341 3258 492 3337 predicti
504 3255 759 3335 praedecessoris
773 3255 879 3318 nostri
897 3256 945 3317 ita
962 3255 1139 3332 diligenter

341 3356 441 3433 atque
455 3355 596 3416 sollicite
611 3352 814 3431 compleatis
824 3353 909 3430 quod
919 3353 1135 3429 Deogratum

341 3454 375 3515 et
389 3451 485 3514 nobis
499 3452 618 3513 merito
633 3451 677 3513 sit
690 3452 873 3528 acceptum.
894 3449 1012 3512 Datum
1025 3453 1139 3512 Romae

342 3549 429 3627 apud
446 3551 603 3612 Sanctum
618 3547 763 3619 Petrum,
778 3549 822 3608 IV
835 3547 997 3609 kalendas
1011 3547 1139 3608 decem·

341 3646 423 3720 bris,
436 3647 647 3725 pontificatus
661 3645 766 3707 nostri
779 3659 866 3708 anno
880 3644 996 3721 primo.

637 3873 638 3876 ‘
660 3841 824 3927 LXXIII

348 4020 398 4082 Ad
425 4020 620 4094 episcopam
640 4017 858 4078 Suessiones.
886 4016 921 4076 et
946 4018 1138 4078 cluniacen.

392 4116 426 4177 et
457 4114 680 4191 Louptpootis
713 4113 850 4175 abbates
889 4113 1070 4175 Matiscon.
1107 4114 1141 4176 ct

386 4215 559 4276 suession.
576 4213 672 4272 dtooe.

639 4323 674 4383 99
686 4339 752 4381 uov.
770 4323 848 4383 tato.

391 4449 502 4514 [liegest.
515 4447 561 4499 lib.
571 4447 592 4506 1,
605 4447 680 4514 epist.
691 4445 730 4497 38.
744 4447 804 4498 llss.
816 4447 852 4498 La
863 4445 938 4498 Pcrte
952 4446 986 4498 du
1001 4445 1095 4512 rheti]

349 4585 391 4639 De
405 4581 518 4653 querela
534 4580 607 4636 inter
619 4578 773 4638 Blancbam
790 4580 965 4638 comitissam
981 4580 1143 4653 Campaniae

388 4683 439 4742 pro
460 4667 624 4725 'theobaldo
643 4666 701 4724 illio
720 4682 772 4724 suo
791 4674 819 4724 et
835 4667 975 4725 Erat-dum
995 4667 1030 4724 de
1052 4670 1143 4726 Brena

386 4764 415 4815 et
430 4755 588 4829 Philippum
599 4769 662 4828 que
672 4753 819 4812 dicebatur
836 4753 892 4811 tilia
908 4755 1056 4829 illegitima
1066 4757 1143 4814 ilen-

387 4845 440 4903 rici
451 4845 563 4903 comitis
577 4843 613 4901 de
622 4843 805 4900 successione
816 4843 979 4900 comitatus.

390 4989 570 5057 Honorius,
590 4989 665 5060 etc..
680 4985 864 5048 venerabili
879 4984 975 5049 fratri
990 4987 1145 5066 episcopo

352 5085 565 5150 suessionen.
591 5085 624 5146 et
646 5083 776 5146 dilectis
799 5083 878 5145 tiliis
902 5083 1093 5146 cluniacen.
1114 5086 1148 5148 et

1178 519 1343 596 receperit
1374 515 1599 580 continentem
1634 517 1725 595 quod
1760 516 1908 580 Erardus
1940 517 1980 582 de

1179 619 1287 678 Brena
1304 619 1336 677 et
1352 615 1505 692 Philippa
1525 613 1699 691 illegitima
1722 613 1793 677 illia
1814 617 1979 693 quondam

1179 713 1317 776 Henrici
1328 712 1457 774 comitis
1468 712 1668 787 campania,
1681 711 1790 788 ipsum
1800 713 1979 775 molestare

1180 810 1368 872 niterentur
1383 810 1416 873 et
1427 825 1498 882 sua,
1511 809 1666 870 moliente
1679 809 1751 886 ipsa
1767 809 1935 888 Philippa,
1947 811 1980 871 in

1180 909 1303 972 terram
1327 923 1425 985 quam
1448 905 1596 984 possidet
1613 905 1700 967 idem
1720 921 1842 978 comes,
1861 923 1980 968 succe-

1181 1005 1271 1077 dere,
1294 1004 1470 1066 occasione
1494 1003 1693 1064 incestuosae
1718 1003 1858 1081 copulae,
1883 1019 1979 1082 quam

1181 1103 1288 1164 mater
1308 1101 1414 1178 ipsius
1435 1100 1609 1178 Philippae,
1631 1098 1699 1161 alio
1717 1101 1818 1162 etiam
1833 1100 1980 1177 legitimo

1181 1201 1254 1262 viro
1266 1199 1408 1272 vivente,
1423 1197 1601 1267 contraxit,
1613 1213 1657 1258 ex
1669 1213 1733 1276 qua
1746 1213 1812 1259 non
1827 1197 1902 1259 sine
1917 1198 1980 1259 du-

1183 1297 1262 1375 plici
1271 1297 1349 1358 nota
1360 1294 1545 1374 progenita,
1555 1311 1630 1357 cum
1641 1293 1981 1358 manifestumbabeat

1183 1393 1345 1456 deiectum
1356 1393 1529 1466 natalium,
1539 1392 1764 1454 successionis
1773 1392 1979 1454 titulumnon

1183 1492 1349 1567 meretum
1372 1491 1460 1552 idem
1480 1490 1706 1568 praedeoessor
1728 1491 1842 1552 noster
1865 1491 1981 1552 volens

1183 1591 1219 1651 in
1234 1603 1333 1650 causa
1348 1588 1509 1651 natalium
1530 1587 1694 1666 publicam
1710 1586 1862 1650 exhiberi
1879 1587 1980 1665 justi-

1183 1687 1276 1760 tiam,
1290 1685 1482 1764 apostolicis
1496 1685 1590 1747 vobis
1605 1685 1696 1746 dedit
1708 1684 1828 1746 litteris
1842 1685 1879 1746 in
1891 1700 1982 1746 mau-

1185 1784 1281 1856 datis,
1294 1783 1400 1846 eidem
1414 1783 1594 1845 comitissae
1604 1781 1746 1860 proillio
1758 1796 1829 1854 suo,
1842 1780 1877 1844 et
1887 1785 1980 1843 Erar

1186 1883 1228 1943 do
1255 1881 1288 1943 et
1316 1880 1479 1958 Philippa
1504 1877 1670 1957 praediotis
1695 1893 1739 1942 ex
1761 1881 1857 1956 parte
1875 1879 1979 1956 ipsius

1187 1977 1412 2056 praeciperetis
1431 1991 1599 2053 expresse,
1616 1975 1701 2054 quod
1725 1975 1887 2054 usquead
1908 1977 1979 2037 ter-

1186 2075 1312 2137 minum
1336 2072 1586 2151 competentem,
1601 2089 1698 2150 quem
1712 2089 1771 2134 vos
1794 2074 1982 2150 perempto·

1186 2173 1272 2234 rium
1299 2171 1514 2249 assignaretis
1538 2168 1674 2244 eisdem,
1688 2185 1748 2247 per
1766 2186 1802 2234 se
1824 2170 1879 2231 vel
1902 2185 1981 2247 pro-

1187 2271 1356 2333 curatores
1370 2268 1507 2331 idoneos
1521 2267 1711 2345 Apostolico
1732 2283 1768 2330 se
1792 2268 1982 2346 conspectui

1186 2365 1983 2447 praesentarentutauditis,etpleuiusintellectis

1187 2483 1261 2545 quae
1274 2465 1384 2527 iurent
1397 2462 1564 2525 hincinde
1577 2459 1757 2540 proposita,
1767 2463 1858 2542 justo
1874 2462 1986 2524 decla·

1188 2564 1321 2626 raretur
1343 2561 1489 2640 judicio,
1516 2561 1627 2622 utrum
1659 2561 1733 2638 ipsa
1761 2560 1916 2638 Philippa
1942 2575 1984 2621 ex

1188 2660 1306 2738 copula
1332 2659 1491 2738 praedicta
1515 2659 1668 2736 suscepta
1690 2658 1840 2737 legitima
1867 2659 1987 2722 debeat

1188 2757 1358 2835 reputarl3
1378 2758 1412 2818 et
1424 2756 1580 2834 quoniam
1596 2755 1816 2817 successionis
1830 2769 1932 2818 causa
1944 2769 1987 2818 ex

1188 2857 1252 2918 ista
1268 2854 1439 2933 dependet,
1465 2870 1509 2915 ne
1532 2853 1616 2916 iorte
1637 2853 1806 2930 negotium
1829 2853 1986 2915 contundi

1190 2951 1405 3029 contingeret,
1420 2951 1455 3011 in
1477 2951 1566 3020 statu
1593 2949 1629 3012 in
1652 2966 1716 3028 quo
1732 2949 1987 3027 dignoscebatur

1190 3053 1268 3113 tunc
1282 3064 1356 3111 esse
1370 3049 1494 3112 terram
1517 3047 1759 3110 conservaretIs
1781 3048 1986 3124 predictam,

1191 3147 1418 3208 molestatores
1444 3145 1577 3209 interim
1598 3161 1658 3222 per
1679 3161 1854 3208 censuram
1880 3145 1988 3208 eccle-

1192 3243 1371 3316 siasticam,
1388 3243 1610 3320 appellatione
1626 3242 1819 3320 postposita,
1836 3257 1989 3319 eompas-

1192 3341 1307 3403 cendo.
1323 3343 1446 3402 Verum
1461 3339 1537 3417 quia
1552 3341 1683 3402 mortue
1698 3338 1879 3401 mandante
1888 3355 1988 3401 man-

1192 3439 1304 3500 datum
1314 3437 1532 3514 apostolicum
1542 3452 1609 3498 non
1619 3438 1669 3498 est
1678 3435 1832 3498 effectum
1842 3435 1990 3499 debitum

1193 3533 1458 3605 consecuturum,
1476 3533 1669 3594 discretioni
1682 3533 1802 3595 vestrae
1815 3549 1876 3610 per
1889 3536 1992 3611 Apos-

1192 3632 1293 3694 tolica
1302 3631 1425 3708 scripta
1435 3629 1640 3704 mandamus,
1653 3631 1816 3708 quatenus
1831 3631 1990 3708 praedicta

1189 3715 1287 3809 justa
1301 3728 1448 3806 ejusdem
1458 3728 1715 3805 predecessoris
1725 3727 1831 3789 nostri
1841 3727 1991 3790 mandati

1193 3829 1352 3896 tenorem,
1371 3824 1499 3887 sublato
1519 3824 1695 3902 cujuslibet
1716 3823 1991 3886 contradictionis

1194 3920 1466 4001 etappellatianis
1474 3921 1655 3994 obstaculo,
1665 3921 1863 3984 auctoritate
1876 3921 1992 3982 nostra

1195 4020 1370 4098 diligenter
1393 4018 1530 4097 exsequi
1555 4018 1745 4080 nullatenus
1771 4018 1992 4096 postponatis.

1196 4119 1287 4192 Quod
1302 4117 1330 4178 si
1345 4133 1411 4178 non
1431 4131 1555 4188 omnes,
1576 4116 1652 4188 etc„
1671 4115 1736 4176 duo
1752 4116 1911 4188 vestrum,
1927 4117 1992 4176 ete.

1196 4216 1313 4279 natum
1326 4217 1439 4276 Romae
1452 4212 1538 4290 apud
1553 4213 1709 4276 Sanctum
1722 4213 1868 4284 Petrum,
1878 4214 1923 4274 lll
1935 4211 1995 4274 lsa-

1195 4314 1312 4376 lendas
1333 4311 1527 4383 decembris,
1549 4310 1759 4389 pontificatus
1783 4309 1889 4373 nostri
1904 4323 1994 4372 anno

1197 4427 1315 4490 pnmo.

1516 4595 1676 4683 LXXIV

1397 4793 1450 4852 Ad
1461 4791 1637 4866 principes
1650 4791 1792 4868 Aeoliae.

1514 4904 1526 4960 i
1544 4902 1607 4962 dec.
1625 4902 1702 4972 1116,

1233 5026 1380 5092 [lisynaldt
1391 5025 1504 5078 bundas
1515 5023 1685 5086 eclesiastici,
1696 5024 1729 5075 ad
1739 5036 1799 5076 ann.
1811 5023 1882 5084 1116,
1893 5024 1965 5091 1³⁶]-

350 5183 566 5261 Longipontis
581 5181 754 5244 abbatibus
768 5180 985 5244 Matisconen.
999 5181 1032 5244 et
1045 5184 1148 5243 Sues·
1200 5162 1324 5222 C⁰¹¹⁸¹¹¹i
1348 5173 1484 5217 l0l00⁸¹⁰
1508 5159 1621 5232 Angliae
1645 5157 1788 5230 liissiilffl
1811 5158 1862 5231 qui
1887 5173 1904 5216 ⁸
1926 5171 2001 5231 ¹030

351 5283 478 5344 sionem
492 5281 683 5343 diffisum·
1429 5245 1561 5306 Iohanne
1576 5246 1764 5305 desciverant.

391 5381 471 5440 Cum
499 5377 595 5440 bonae
621 5375 789 5440 memorias
820 5375 1031 5438 Innocentius
1061 5391 1146 5454 papa
1240 5375 1408 5438 Honorius
1446 5373 1638 5450 episcopus,
1673 5387 1789 5433 servus
1825 5385 1999 5433 servorum

352 5475 578 5553 praedecessor
600 5475 713 5538 noster
736 5473 906 5552 querelam
932 5473 1054 5536 nobilis
1073 5489 1149 5534 mu·
1201 5473 1272 5542 Dei,
1288 5470 1329 5534 ad
1345 5470 1512 5548 principes
1526 5469 1666 5545 Angliae,
1684 5467 1824 5532 salutem
1844 5469 1877 5530 et
1893 5483 1999 5544 apos-

353 5571 445 5634 liaris
468 5571 634 5643 Blanchae,
662 5571 840 5633 comitissae
861 5571 1061 5647 campaniae,
1087 5587 1146 5647 pro
1201 5571 1335 5634 tolicam
1350 5567 1624 5630 benedictionem.
