4200 6404
100 323 164 385 289
546 313 647 376 XXV.
662 341 704 358 --
717 309 761 372 ΙΝ
783 308 1062 380 DEDIGATIONE
1084 307 1309 376 ECGLESIAE.
1696 324 1756 384 200

101 485 160 546 tur
184 501 192 544 ε
214 478 300 542 habe
314 476 510 542 charitatem
531 477 565 540 et
588 473 642 538 tac
661 469 818 552 quidquid
839 469 902 532 vis.
959 467 1075 532 altaris
1090 470 1221 546 dicitur,
1245 473 1482 551 perlectionem
1502 479 1535 542 et
1553 479 1754 547 soliditatem

102 585 155 644 Ex
174 579 225 642 ais
248 591 391 654 namque
415 573 543 637 duobus
564 572 731 636 mandatis
757 571 826 634 tota
850 568 905 631 lex
959 569 1086 631 notitias
1105 569 1165 634 Dei
1188 585 1364 648 possumus
1384 573 1581 654 intelligere,
1599 596 1672 656 quae
1687 599 1755 645 non

102 677 267 758 pendetet
277 673 528 754 prophetae.Hic
538 668 770 734 estcoccushis
781 669 904 731 tinctus
959 669 1094 744 propter
1108 668 1263 730 duritiem
1276 669 1332 732 sed
1346 675 1481 750 propter
1499 677 1700 740 soliditatem
1715 681 1758 741 d-

103 778 141 838 in
156 777 248 840 reste
267 772 465 852 pontificali3
482 771 578 849 quasi
594 771 684 832 enim
698 768 750 830 bis
766 767 906 842 tingitur
960 764 1013 826 dei
1033 765 1163 843 lapidea
1183 783 1256 829 esse
1271 767 1403 844 dicittm
1422 772 1509 835 sicut
1528 777 1686 839 Dominus
1708 779 1759 841 aii

103 875 266 941 charitas,
278 871 356 932 dum
370 871 404 933 et
418 869 594 932 dilectione
608 868 667 930 Dei
682 868 715 929 et
728 865 905 928 dilectione
960 863 1079 925 Petro:
1095 868 1190 928 Paos
1199 867 1338 938 Petrus,
1352 869 1754 950 etsuperltaocpetram,

105 971 254 1052 proximi
273 969 451 1032 coloratur.
469 969 555 1030 Hinc
574 968 624 1029 est
645 965 730 1043 quod
752 967 905 1025 Summus
961 959 1057 1034 idest,
1073 979 1174 1040 super
1185 963 1271 1028 hanc
1282 965 1358 1028 iidei
1372 967 1571 1043 firmitatem,
1584 975 1757 1046 aedificudo

5 1053 9 1056 ’
106 1069 266 1133 Pontifex
276 1083 380 1145 cappa
388 1066 492 1128 rubea
502 1065 649 1128 exterius
659 1065 798 1142 apparet
807 1061 907 1122 indu·
960 1063 1150 1124 Ecclesium
1169 1077 1285 1126 meam
1309 1062 1439 1144 (Matth.
1468 1083 1540 1142 xvi,
1571 1069 1634 1150 18).
1664 1073 1757 1135 Sicut

104 1172 173 1241 tus,
191 1183 266 1228 cum
281 1165 422 1227 interius
435 1164 569 1227 indutus
585 1162 628 1224 sit
640 1163 732 1224 veste
747 1159 904 1235 candida3
961 1157 1050 1220 enim
1074 1173 1189 1221 mensa
1214 1165 1455 1226 consummatio
1476 1167 1510 1228 et
1526 1168 1684 1245 perfectio
1701 1171 1756 1232 al-

107 1267 188 1344 quia
201 1267 235 1328 et
248 1263 389 1326 interius
407 1262 534 1324 clarere
549 1260 645 1324 dehet
662 1277 723 1338 per
742 1259 905 1322 innocen·
960 1255 1043 1316 turis
1053 1257 1113 1328 est,
1123 1257 1170 1320 ita
1182 1259 1300 1321 notitia
1311 1261 1370 1322 Dei
1381 1267 1621 1329 consummatio
1634 1269 1667 1330 et
1679 1285 1757 1346 per-

105 1365 201 1436 tiam,
227 1364 261 1424 ei
280 1360 429 1424 exterius
453 1360 574 1422 rubere
596 1374 656 1436 per
678 1357 906 1436 proximorum
960 1352 1060 1415 rectio
1070 1355 1121 1416 est
1134 1356 1282 1418 omniurn
1296 1357 1469 1422 honorum.
1485 1363 1710 1428 Undedicitur
1721 1367 1757 1428 in

106 1459 385 1538 compassionem,
401 1459 434 1522 at
447 1459 484 1520 nt
490 1456 644 1520 ostendat
652 1471 689 1518 se
697 1454 909 1533 semperani-
962 1451 1133 1529 Sapientia
1145 1453 1186 1514 ad
1199 1456 1321 1518 Deum:
1332 1460 1443 1520 Nosse
1452 1463 1587 1525 entmtc
1598 1479 1760 1527 consum,-

106 1577 162 1622 mo
179 1557 339 1635 martyrio
353 1571 421 1619 non
440 1556 566 1629 deesse,
585 1555 642 1617 sed
658 1569 789 1632 semper
802 1567 906 1632 para·
961 1551 1058 1612 olata
1068 1551 1210 1624 justam
1224 1554 1287 1625 est,
1304 1555 1339 1616 et
1356 1569 1456 1619 nosse
1467 1560 1645 1630 justitiam
1662 1563 1759 1624 luam

105 1661 179 1721 ium
192 1671 317 1734 ponere
338 1654 483 1716 animam
508 1669 568 1732 pro
590 1653 707 1716 ovibus
731 1645 907 1730 suis,'quia
962 1651 1068 1710 radic
1091 1650 1144 1712 cst
1172 1653 1448 1716 immortalitates
1469 1652 1562 1734 (Sap.
1583 1674 1640 1731 xv,
1658 1659 1703 1739 3).
1720 1663 1761 1723 Et

106 1769 288 1833 personam
298 1752 386 1829 gerit
395 1752 498 1824 illius,
509 1751 566 1828 qui
576 1767 635 1829 pro
646 1749 763 1812 ovibus
778 1749 907 1810 univer
962 1746 1121 1808 Dominus
1129 1739 1188 1825 per
1197 1750 1392 1812 ieremiam:
1405 1756 1447 1814 In
1456 1757 1760 1833 leocpiorieturqui

107 1853 158 1914 sis
179 1849 317 1914 mihrum
332 1849 412 1913 iecit
431 1849 659 1912 indumentum
678 1865 786 1910 suum.
803 1849 859 1909 Est
873 1847 907 1908 in
961 1846 1143 1922 curatur,
1159 1849 1298 1909 sctrect
1313 1863 1483 1913 stomoma
1499 1851 1580 1932 (ier.
1597 1871 1644 1928 rx,
1661 1855 1728 1934 24).

106 1967 147 2012 co
159 1947 449 2020 candoretruhor‚
462 1947 540 2025 qnia
553 1947 773 2024 scriptumest
786 1949 909 2008 :Dilec-
1003 1942 1084 2004 Item
1099 1943 1207 2006 aliter.
1227 1947 1292 2006 Per
1309 1945 1455 2023 lapidem
1470 1950 1620 2013 Christus
1635 1952 1762 2014 intelli-

107 2051 164 2110 ius
178 2063 277 2109 metas
291 2049 457 2108 miramus
475 2047 509 2107 ct
525 2047 735 2107 rubicundus
751 2041 857 2122 (Cant.
872 2060 906 2116 v,
962 2039 1052 2116 gitur
1065 2040 1106 2102 de
1121 2058 1185 2120 qno
1205 2041 1285 2105 dicit
1307 2044 1484 2122 Apostolus
1503 2069 1511 2107 ε
1527 2051 1607 2124 Ipso
1625 2065 1762 2112 sommo

108 2145 175 2224 10).
187 2145 274 2207 Hinc
288 2144 339 2206 est
353 2143 549 2221 etiamquod
564 2143 601 2204 in
615 2141 713 2204 mitra
725 2141 908 2220 pontificali
962 2143 1124 2216 aequiori
1138 2145 1250 2216 lapide
1265 2145 1491 2206 Christolesu
1501 2143 1636 2224 (Ephes.
1647 2165 1683 2222 11,
1693 2149 1760 2228 20).

107 2243 249 2305 fimbriae
262 2243 329 2304 illae
343 2243 413 2303 sive
426 2241 653 2304 extremitates
668 2240 779 2302 ruheae
793 2240 880 2302 sunt
963 2239 1029 2298 Per
1042 2237 1185 2316 lapidem
1199 2240 1331 2317 quidem
1340 2242 1462 2304 Christi
1470 2243 1660 2308 humanitas
1668 2248 1762 2309 desi-

148 2343 181 2404 N
183 2331 333 2403 ams'icut
342 2355 401 2417 per
411 2339 476 2401 duo
485 2354 608 2402 cornua
620 2339 813 2416 designatur
821 2337 907 2416 quod
963 2336 1094 2411 gnatur,
1107 2335 1218 2414 dequo
1229 2338 1264 2398 in
1277 2339 1416 2401 Daniele
1427 2341 1560 2418 legitur,
1575 2345 1662 2420 quod
1676 2346 1761 2423 lapis

106 2441 277 2517 tamquam
303 2439 412 2501 scriba
436 2439 551 2501 doctus
569 2438 605 2499 in
627 2453 730 2514 regno
749 2437 908 2498 coelorum
963 2436 1014 2495 est
1028 2433 1197 2497 abscissus
1212 2434 1253 2498 de
1277 2439 1387 2499 monte
1410 2439 1483 2502 sine
1498 2441 1662 2512 manibus,
1683 2446 1763 2521 quia

104 2537 206 2600 dehet
221 2537 262 2600 de
275 2536 433 2600 thesauro
444 2536 588 2614 pectoris
599 2535 650 2596 sni
662 2532 811 2612 proferre
822 2549 909 2595 nova
963 2531 1114 2594 Christus
1125 2533 1165 2594 de
1177 2535 1279 2596 Beata
1287 2535 1425 2610 Virgine
1439 2554 1513 2614 quse
1527 2542 1662 2617 propter
1673 2543 1761 2603 erni-

106 2637 142 2699 et
156 2636 282 2708 vetera,
299 2636 332 2697 et
346 2650 405 2712 per
419 2634 502 2695 duas
517 2634 668 2710 cingulas
684 2631 908 2709 dependentes
963 2628 1111 2690 nentiam
1119 2630 1279 2692 virtutum
1289 2631 1764 2706 monsdicitur,sinevirilise-

106 2734 198 2812 quod
220 2732 370 2796 subditos
392 2731 489 2794 dehet
508 2731 629 2794 docere
651 2730 777 2808 duplici
798 2730 906 2802 modo,
963 2725 1052 2788 mine
1067 2727 1265 2791 mirabiliter
1277 2730 1330 2792 est
1342 2731 1451 2803 natus,
1465 2734 1499 2795 et
1512 2732 1586 2794 tons
1599 2734 1633 2795 in
1649 2739 1761 2799 monte

106 2831 213 2892 uerho
224 2831 352 2893 scilicet
361 2831 394 2893 et
408 2831 571 2909 exemplo,
586 2830 635 2892 ita
649 2831 681 2891 et
692 2844 751 2906 per
760 2827 909 2890 fimbrias
963 2839 1120 2902 magnum
1128 2827 1232 2888 totum
1251 2827 1392 2905 replevit
1403 2828 1516 2892 orbern
1530 2831 1707 2896 terrarum.
1723 2837 1764 2897 Et

108 2929 189 2990 illas
200 2927 321 2988 rubeas
335 2929 424 3004 ignis
438 2927 496 2989 ille
510 2925 719 3004 intelligitur,
736 2942 834 3004 quem
845 2941 907 2988 ve·
963 2922 1005 2984 ds
1033 2939 1097 3001 quc
1117 2939 1178 3002 per
1196 2924 1408 2988 psalmistam
1428 2927 1550 2994 dicitur
1568 2950 1577 2989 :
1597 2934 1763 3006 Lapidem

107 3027 160 3089 nit
175 3026 334 3087 hominus
352 3027 483 3088 mittere
497 3026 533 3087 in
551 3024 687 3088 terram.
708 3027 805 3086 Hunc
821 3039 910 3102 prae-
963 3035 1064 3095 quem
1071 3021 1346 3097 reprobaverunt
1354 3027 1575 3099 edificantes,
1586 3031 1641 3091 hic
1649 3030 1763 3104 sactus

108 3124 197 3186 latus
207 3125 242 3184 in
251 3139 288 3185 se
298 3123 421 3185 hahere
431 3125 464 3186 et
473 3123 509 3184 in
521 3123 597 3184 aliis
608 3122 705 3186 dehet
713 3122 907 3186 accendere.
964 3119 1016 3180 est
1036 3123 1074 3180 in
1089 3121 1192 3194 caput
1206 3126 1325 3198 anguli
1340 3120 1410 3201 (Ps.
1428 3125 1498 3196 117,
1515 3125 1587 3204 22);
1603 3128 1763 3204 quoniam

109 3221 266 3284 Charitas
299 3222 381 3284 Abel
416 3223 597 3300 martyrem
638 3221 727 3290 iecit,
761 3220 909 3284 charitas
964 3217 1114 3279 Christus
1132 3233 1230 3295 quem
1245 3219 1460 3294 aediilcantes,
1477 3222 1573 3295 idest,
1585 3224 1693 3288 ludaei
1708 3243 1765 3288 re-

108 3320 280 3382 Ahraham
315 3319 357 3381 da
381 3321 516 3398 propria
538 3321 627 3382 terra
656 3319 690 3382 et
711 3320 909 3395 cognatione
963 3313 1763 3400 probaveruntdicentes:Nolamuslsuncregna·

107 3418 235 3490 eduxit,
245 3418 392 3480 charitas
400 3419 537 3496 Moysen
551 3417 593 3479 ad
605 3416 835 3480 liberationem
844 3416 910 3477 ira·
963 3411 1766 3496 resuponostnucsm,14),hiciactusestinca-

106 3515 198 3576 hum
210 3514 406 3587 transmisit,
419 3514 536 3591 etquid
548 3512 908 3592 persingulostNullus
963 3511 1021 3588 put
1033 3513 1157 3588 anguli.
1175 3513 1270 3584 Quia,
1280 3513 1366 3575 sicut
1377 3516 1554 3590 Apostolus
1564 3517 1613 3579 ait
1628 3539 1636 3578 ε
1650 3522 1762 3582 Satal-

110 3613 302 3674 sanctorum
322 3610 453 3690 abipso
473 3612 570 3675 initio
584 3611 700 3673 mundi
715 3611 834 3683 extitit,
852 3610 908 3689 qui
963 3608 1051 3670 tavit
1063 3612 1158 3672 idum
1176 3613 1281 3678 Deos,
1295 3611 1330 3672 ct
1345 3611 1438 3672 dedit
1459 3615 1507 3674 illi
1526 3629 1652 3675 nomen
1675 3620 1763 3689 quod

110 3709 208 3772 nohis
232 3709 428 3772 charitatem
452 3711 509 3772 aut
532 3709 634 3772 verbo
656 3711 714 3773 aut
732 3709 819 3771 iacto
841 3725 908 3770 non
963 3705 1132 3780 estsuper
1145 3721 1246 3768 omisa
1262 3721 1387 3770 sternere
1402 3707 1540 3788 (Philip.
1554 3727 1591 3784 11,
1603 3710 1649 3790 9).
1662 3714 1764 3791 Lapi-

110 3807 402 3872 commendaverit.
416 3809 734 3887 Haecdemumipsos
745 3809 908 3886 martyres
963 3802 1003 3864 de
1017 3803 1120 3880 igitur
1134 3805 1243 3882 posito
1272 3821 1372 3884 super
1399 3807 1516 3880 altare,
1547 3825 1621 3886 quae
1646 3827 1761 3874 mensa

110 3909 153 3971 ad
169 3909 280 3971 omnia
294 3923 419 3984 genera
444 3907 685 3970 tormentorum
706 3906 856 3978 adduxit,
875 3909 909 3968 et
963 3901 1094 3976 dicitur,
1121 3903 1298 3981 episcopus
1322 3903 1463 3968 effundit
1483 3906 1594 3968 oleum
1609 3912 1761 3973 sanctum

110 4005 498 4083 haecquidemtormenta
508 4004 907 4083 quasiqueedamilumina
963 4015 1063 4078 super
1073 4017 1149 4063 eum
1164 4000 1316 4064 iaciendo
1331 4003 1476 4082 quinque
1491 4019 1608 4068 cruces
1619 4007 1659 4070 de
1674 4010 1759 4080 oleo,

111 4104 246 4166 luerunt
260 4104 301 4166 de
323 4103 442 4182 quihus
456 4105 491 4164 in
506 4089 633 4181 psalmo
650 4125 657 4164 ε
682 4104 806 4166 Omnes
817 4105 906 4176 stoc-
963 4115 1062 4160 unam
1079 4099 1115 4160 in
1129 4100 1237 4162 medio
1252 4103 1285 4163 et
1299 4103 1442 4179 quatuor
1460 4104 1498 4164 in
1514 4103 1688 4181 cornibus3
1710 4108 1760 4168 si-

112 4201 170 4261 tus
189 4201 266 4262 tuos
288 4201 460 4262 indusiati
485 4213 593 4274 super
614 4214 670 4261 mo
690 4197 760 4279 (Ps.
784 4200 835 4273 87,
860 4198 905 4279 8).
962 4197 1086 4260 militer
1099 4201 1132 4260 et
1146 4198 1187 4259 de
1202 4198 1393 4262 chrismate.
1412 4203 1477 4261 Per
1492 4201 1601 4262 oleum
1617 4204 1759 4281 Spiritus

114 4297 177 4360 Sed
190 4297 328 4358 flumina
352 4297 455 4359 multa
470 4299 504 4359 et
523 4313 617 4375 aquae
639 4297 751 4360 multae
773 4296 907 4359 illorum
964 4297 1103 4358 Sanctus
1116 4297 1325 4373 intelligitur,
1339 4296 1380 4357 de
1394 4313 1458 4375 quo
1471 4298 1551 4360 dicit
1566 4300 1670 4362 isaias
1686 4319 1761 4378 pro·

113 4395 310 4457 charitatem
324 4396 519 4472 extinguere
538 4411 605 4457 non
625 4397 812 4473 potuerunt.
834 4395 905 4468 Vel,
962 4393 1061 4470 pheta
1082 4415 1090 4453 ε
1111 4394 1368 4468 computrescet
1385 4397 1513 4471 jupam
1540 4411 1562 4457 a
1584 4399 1672 4470 facie
1696 4405 1761 4463 olei

114 4509 172 4571 per
191 4493 297 4555 altare
316 4493 577 4571 uniuscuiusque
597 4493 747 4556 nostrum
762 4494 908 4556 animam
964 4491 1020 4571 (Is.
1037 4507 1072 4564 x,
1087 4491 1153 4572 27).
1171 4492 1314 4568 Spiritus
1337 4493 1478 4555 Sanctus
1496 4493 1619 4558 dicitur
1636 4497 1756 4572 oleum,

112 4591 341 4668 intelligimus,
358 4607 432 4670 quae
447 4591 631 4655 aedificatur
642 4594 781 4654 Domino
798 4608 841 4654 ex
852 4592 907 4653 la·
963 4590 1040 4667 quia
1051 4589 1139 4652 sicut
1147 4590 1323 4668 episcopus
1334 4590 1474 4654 effundit
1483 4593 1592 4654 oleum
1603 4611 1704 4673 super
1714 4600 1760 4659 al·

113 4689 245 4766 pidibus
260 4689 357 4762 vivis,
377 4689 474 4760 idest,
491 4705 534 4751 ex
557 4690 736 4752 virtutihus
753 4691 858 4752 variis
876 4692 909 4753 at
963 4690 1044 4760 tare,
1056 4688 1103 4749 ita
1114 4687 1276 4762 Christus,
1288 4689 1345 4766 qni
1360 4691 1412 4753 est
1426 4693 1580 4753 Summus
1592 4695 1757 4770 Pontifex,

113 4785 267 4849 diversis.
294 4786 419 4848 'rabula
441 4787 595 4850 rohorata
617 4789 713 4866 signo
740 4788 848 4850 crucis
868 4788 909 4851 dc
963 4785 1103 4849 effundit
1116 4787 1242 4864 gratias
1257 4804 1357 4864 super
1375 4788 1482 4850 altare
1496 4792 1657 4865 nostrum,
1672 4795 1759 4871 quod

113 4884 293 4946 chrismate
314 4885 549 4962 superponitur
565 4885 728 4964 reliquiis,
752 4886 830 4964 quia
849 4903 910 4966 per
964 4884 1014 4946 est
1036 4901 1095 4947 cor
1112 4885 1273 4956 nostrum,
1298 4886 1376 4962 quia
1397 4885 1470 4963 ipse
1493 4889 1544 4950 est
1564 4889 1760 4953 distributor

113 4981 265 5058 exempla
301 4983 490 5046 sanctorum
520 4984 714 5046 accenditur
746 4983 906 5057 charitas,
963 4983 1111 5044 omnium
1129 4982 1313 5059 gratiarum
1330 4999 1390 5060 per
1408 4984 1568 5061 spiritum
1589 4989 1757 5062 Sanctum,

113 5096 188 5157 quae
205 5081 313 5158 operit
335 5081 579 5144 multitudinem
601 5081 822 5160 peccatorum.
844 5085 910 5144 Per
964 5080 1050 5142 sicut
1063 5079 1144 5141 dicit
1157 5079 1333 5157 Apostolus
1348 5101 1355 5141 :
1368 5083 1436 5144 Atii
1451 5083 1557 5144 datur
1569 5099 1687 5146 sermo
1700 5102 1761 5148 so-

114 5177 261 5241 chrisma
276 5179 475 5256 intelligitur
489 5179 631 5258 Spiritus
647 5181 761 5243 Sancti
773 5181 907 5254 donum,
961 5178 1114 5254 pontio,
1124 5180 1191 5240 otii
1203 5191 1320 5239 scroto
1335 5179 1502 5252 scientior,
1519 5184 1579 5242 alii
1588 5183 1684 5254 sides,
1700 5188 1761 5246 atii

112 5291 177 5354 quo
192 5276 318 5351 tahula,
334 5278 431 5346 idest,
455 5276 601 5339 charitas
621 5279 907 5356 superinungitur,
963 5276 1081 5358 pratia
1097 5275 1288 5340 sanitatum
1300 5272 1329 5354 (1
1344 5277 1417 5337 Gor.
1435 5291 1495 5349 111,
1511 5279 1557 5356 8).
1576 5279 1761 5358 Unicuique

111 5375 190 5452 quia
212 5390 270 5438 cor
293 5377 443 5438 nostrum
466 5375 509 5436 ad
532 5376 759 5438 conservanda
781 5378 910 5440 secreta
964 5374 1061 5437 datur
1074 5373 1183 5451 gratia
1196 5389 1255 5452 per
1268 5387 1366 5451 quam
1381 5374 1523 5452 Spiritus
1538 5377 1762 5442 Sanctusma-

111 5472 260 5534 coelestia
275 5474 418 5550 Spiritus
435 5474 549 5536 Sancti
561 5473 671 5549 gratia
681 5473 868 5536 roboratur.
964 5471 1098 5535 nilestat
1113 5487 1149 5534 se
1163 5471 1316 5535 hahitare
1340 5472 1376 5533 in
1396 5471 1502 5545 nobis,
1519 5473 1573 5536 vel
1588 5491 1761 5554 perquam

26 5589 27 5592 ¹
152 5569 273 5632 Postea
281 5586 360 5632 vero
371 5571 456 5650 lapis
469 5572 525 5649 qui
537 5587 651 5634 mensa
663 5571 796 5645 dicitur,
810 5589 911 5650 super
966 5571 1108 5648 Spiritus
1122 5573 1263 5636 Sanctus
1276 5570 1466 5634 manifestat
1477 5571 1573 5635 nohis
1584 5574 1644 5636 Dei
1659 5575 1765 5640 dilec-

109 5667 219 5730 altare
241 5667 427 5746 adaptatur.
453 5673 518 5732 Per
538 5670 682 5750 lapidem
698 5686 771 5749 quae
795 5687 910 5767 mensa
963 5669 1099 5733 tionem.

258 5805 373 5852 naraon.
393 5805 467 5852 rcus
486 5794 523 5852 ll.
1568 5793 1624 5868 ¹⁰1⁶
