4104 6392
64 248 121 302 aas
692 242 921 308 Eptslotrd.
946 247 1023 306 LIB.
1048 247 1086 308 11.
1654 257 1713 317 731

64 402 183 464 affectu
199 419 255 464 eos
277 399 507 466 favorabiliter
520 401 702 476 foveamus,
719 405 753 466 et
767 405 860 483 ipso·
916 405 1091 482 praesentis
1111 405 1227 484 scripti
1251 408 1437 484 patrocinio
1460 413 1712 476 communimus.

64 516 137 560 rum
159 503 237 578 jura
263 501 369 562 illaesa
397 515 577 562 servemus.
600 501 756 576 llincest,
775 503 861 581 quod
916 503 965 565 Ad
980 505 1140 581 majorem
1155 505 1265 566 autem
1289 507 1338 567 rei
1358 507 1457 585 hujus
1481 509 1645 572 cautelam
1660 513 1714 573 te-

65 598 314 660 universitatem
336 600 481 660 vestram
502 599 686 676 rogandam
706 599 861 662 duximus
916 615 1031 662 norem
1064 600 1251 663 litterarum
1272 602 1404 680 praeisti
1433 604 1526 666 ducis
1552 606 1715 682 poloniae,

64 697 189 758 attente
203 697 236 758 31
250 696 723 774 hortandamperbpostolica
738 699 861 776 scripta
915 697 950 758 in
977 697 1106 776 quibus,
1132 699 1220 776 quod
1241 700 1399 762 statutum
1429 703 1479 764 est
1502 701 1590 765 inter
1612 705 1651 767 te
1675 721 1715 768 ac

64 794 204 855 tirmiter
224 793 449 871 praecipiendo
468 793 673 866 mandantes,
697 797 861 873 quatenus
914 793 1035 872 ipsum,
1054 795 1186 872 plenius
1200 797 1400 871 continetur,
1417 799 1638 876 praesentibus
1653 802 1716 862 du-

62 889 174 951 omuia
192 893 270 968 jura
295 892 328 952 31
355 891 612 953 consuetudines
633 893 701 954 tam
721 893 860 956 interra
915 893 1026 953 nimus
1049 892 1273 954 inserendum.
1295 895 1358 967 Qui
1371 898 1422 956 est
1433 896 1534 959 talis:

60 1003 159 1063 quam
174 987 210 1048 in
224 989 333 1065 aquis,
345 1003 427 1065 quas
441 989 476 1050 in
492 989 626 1052 civitate
635 993 746 1053 vestra
761 991 860 1053 clarae
955 989 1147 1054 Venerabili
1185 991 1273 1068 patri
1311 1007 1351 1054 ac
1394 992 1528 1055 domino
1567 995 1715 1056 Honorio

60 1081 231 1142 memoriae
247 1082 349 1154 Oddo,
364 1082 527 1145 Robertus
547 1084 580 1145 et
593 1084 757 1146 Henricus
779 1087 863 1147 1133-
916 1089 1039 1148 sanotae
1055 1089 1213 1149 Romanae
1234 1088 1390 1151 Ecclesia
1409 1105 1538 1152 summo
1562 1091 1717 1170 Pontifici

58 1180 176 1254 japanl
205 1179 361 1242 babuisse
390 1182 596 1254 noscuntur,
637 1181 758 1245 dilecto
792 1183 861 1246 illio
916 1185 970 1244 W.
1000 1183 1070 1245 dux
1094 1183 1253 1256 Poloniae,
1278 1187 1431 1263 paratum
1453 1187 1494 1249 ad
1522 1189 1715 1250 omniasuae

61 1277 219 1346 Henrico,
234 1278 402 1338 caiatiam
417 1279 553 1356 propter
572 1280 680 1341 atatis
699 1279 861 1342 detectum
915 1281 1133 1359 subjectionis
1148 1282 1353 1360 obsequium.
1371 1287 1478 1358 Quum
1489 1285 1635 1348 vicarius
1644 1288 1716 1363 ejus

59 1373 216 1448 specialis
232 1374 352 1434 adesse
365 1374 530 1447 volumus,
545 1376 743 1438 intemerata
754 1393 862 1439 serve·
915 1377 1067 1440 interris
1093 1379 1166 1441 sitis
1192 1379 1351 1442 divinitus
1368 1382 1578 1454 constitutus,
1606 1383 1662 1460 qui
1684 1385 1717 1445 31

61 1470 116 1540 113,
135 1469 295 1532 iacientes
310 1471 433 1532 eisdem
449 1487 492 1534 ex
506 1472 618 1534 omnia
633 1489 707 1534 curn
723 1475 863 1550 integri-
915 1473 1013 1536 firma
1037 1476 1240 1548 corroborat,
1265 1477 1299 1540 31
1311 1477 1418 1540 tracta
1432 1479 1627 1552 consolidat,
1645 1495 1718 1540 ma-

61 1567 130 1628 1313
162 1567 270 1629 debita
299 1568 463 1630 exbiberi.
490 1569 669 1648 Alioquin,
703 1571 781 1648 quia
819 1587 863 1633 ex
915 1574 1006 1634 xime
1017 1573 1053 1634 in
1074 1573 1116 1634 iis
1131 1576 1250 1636 vestrae
1265 1575 1472 1638 auctoritatis
1487 1575 1590 1639 robur
1604 1577 1715 1638 credi-

62 1663 211 1740 injuucto
226 1665 321 1728 nobis
340 1665 450 1727 ottlcio
465 1669 575 1744 patres
598 1668 754 1730 debemus
768 1669 861 1730 enis-
916 1685 990 1730 mus
1016 1685 1240 1743 accessurum,
1268 1687 1342 1750 quae
1365 1672 1440 1749 paci
1466 1673 1659 1745 consonant,
1684 1675 1717 1734 et

61 1761 133 1821 tere
154 1763 390 1838 orphanorum,
417 1764 602 1827 venerabili
627 1765 723 1828 tratri
748 1767 862 1828 nostro
918 1768 1006 1844 piam
1025 1767 1185 1830 unitatem
1203 1783 1247 1829 ex
1261 1768 1402 1830 diversis
1421 1769 1573 1832 vinciunt
1585 1770 1619 1832 et
1632 1784 1718 1832 com·

61 1858 218 1934 episcopo
248 1861 386 1936 Signino
402 1861 525 1923 nostris
546 1863 665 1924 damus
689 1863 811 1925 litteris
826 1864 861 1924 in
916 1866 1053 1941 ponunt.
1071 1865 1194 1926 volens
1208 1865 1312 1942 igitur
1327 1867 1363 1927 in
1378 1867 1482 1943 gestis
1496 1867 1716 1942 3333131331-

62 1954 239 2028 maudatis,
263 1958 299 2017 ut
322 1972 381 2018 vos
396 1957 437 2018 ad
452 1959 485 2018 id
501 1974 560 2035 per
575 1973 735 2021 censuras
748 1959 862 2022 eccle·
915 1961 1006 2023 timis
1031 1962 1132 2023 etiam
1147 1977 1190 2023 ex
1204 1963 1412 2025 auctoritatis
1432 1964 1553 2026 vestrae
1569 1963 1718 2040 plenitu-

62 2051 226 2124 siasticas,
243 2053 466 2130 appellatione
479 2055 618 2126 remota,
635 2055 820 2131 compellat.
918 2057 994 2118 dine
1013 2059 1183 2118 munimen
1205 2058 1328 2120 habere
1351 2061 1520 2136 perpetua
1546 2059 1715 2122 firmitatis

102 2150 219 2209 Datum
236 2150 442 2226 Romaeapud
456 2153 610 2213 Sanctum
620 2152 862 2213 Petrnmnonis
917 2153 1059 2230 pactum,
1079 2155 1164 2231 quod
1186 2155 1393 2218 intermeat
1419 2157 1571 2234 nepotem
1593 2173 1715 2226 meum,

63 2245 154 2317 maii,
172 2245 383 2322 pontificatus
402 2247 506 2309 nostri
520 2263 609 2310 anno
624 2248 778 2310 secundo.
917 2250 1086 2312 dominum
1112 2251 1153 2312 H.
1182 2251 1298 2314 ducem
1326 2253 1474 2325 Zeleziaa
1506 2253 1546 2314 de
1568 2254 1715 2316 virorum

917 2348 1116 2423 prudentum
1137 2349 1171 2409 31
1181 2349 1394 2425 praelatorum
1409 2351 1560 2413 ecclesias
1575 2350 1715 2412 consilio

349 2451 578 2538 CCXXVIH
919 2443 1108 2515 intervenit,
1126 2445 1317 2522 paternitati
1331 2448 1451 2508 vestrae
1466 2447 1574 2524 dirigo
1589 2447 1717 2509 conflr-

521 2597 527 2608 ,
919 2542 1086 2613 mandum,
1103 2542 1190 2616 quod
1214 2542 1256 2603 ad
1278 2545 1438 2619 majorem
1452 2545 1617 2606 cautelam
1639 2545 1718 2606 huic

296 2595 348 2653 Ad
359 2595 479 2727 duce&
490 2595 630 2656 suem·
920 2641 1032 2698 nostro
1048 2638 1171 2726 scripto
1193 2639 1233 2700 de
1252 2639 1354 2700 verbo
1366 2639 1409 2700 ad
1423 2640 1559 2701 verbum
1572 2641 1719 2702 inserui-

255 2776 262 2785 -
366 2714 560 2773 9⁰¹³¹¹¹²¹⁸·
919 2735 1278 2812 musquodtaleest:

155 2819 286 2882 [1131333
302 2819 465 2870 ltonnmenta
479 2819 666 2880 retentant,
681 2834 708 2870 3.
724 2820 775 2882 lt]
960 2835 1029 2909 Ego
1055 2833 1282 2896 Wlodpzlavus
1305 2849 1446 2911 magnus
1473 2835 1542 2898 dux
1554 2837 1716 2912 pmoniae,

67 2919 241 2992 Compositio
256 2920 387 2992 quadam
398 2922 470 2980 intra
482 2921 574 2994 ipsum
585 2920 724 2978 etducem
740 2919 865 2980 Potoniae
920 2930 1130 2992 considerata
1150 2931 1292 2993 utilitate
1310 2932 1378 2993 qam
1392 2935 1493 2995 tm
1506 2949 1601 3007 meae,
1618 2949 1716 3011 quam

189 3007 225 3066 (¹⁰
236 3017 330 3066 ⁰⁸⁸²l⁰
346 3009 440 3068 bubus
458 3010 526 3066 ¹¹¹¹&
544 3009 738 3068 fflflfllfflflfflf·
919 3027 1049 3103 nepotis
1058 3026 1091 3087 31
1105 3028 1283 3104 compatris
1295 3029 1361 3089 mel
1370 3027 1465 3091 ducis
1474 3029 1622 3103 Hauriat,
1635 3047 1717 3093 con-

104 3125 271 3186 Honoriue
286 3127 460 3204 episcopus
473 3142 589 3188 servus
605 3141 778 3188 servorum
790 3126 862 3198 Dei,
919 3123 1008 3184 sensi
1023 3123 1058 3184 in
1069 3121 1174 3186 foedus
1185 3125 1342 3187 amicitiae
1357 3141 1431 3191 cum
1442 3125 1514 3203 ipso
1525 3127 1617 3190 nullo
1627 3131 1714 3190 tem-

64 3221 185 3285 dileoto
213 3221 283 3284 illio
310 3223 414 3286 nobili
442 3224 516 3285 viro
541 3226 581 3284 H.
608 3223 684 3284 duci
709 3222 861 3294 Zeleaire,
919 3235 999 3296 pore
1012 3220 1215 3286 violandum.
1237 3222 1316 3283 Inde
1336 3224 1386 3283 est
1405 3224 1492 3299 quod
1511 3225 1651 3301 promisi
1673 3226 1714 3297 ei,

65 3319 204 3381 salutem
217 3321 250 3382 et
264 3321 480 3396 apostolicam
494 3319 769 3382 benedictionem.
919 3317 1077 3396 quod'prc
1089 3334 1186 3395 posse
1199 3319 1296 3381 modo
1307 3317 1428 3399 (meat)
1441 3319 1597 3382 assistam
1609 3321 1717 3384 eidem

102 3419 184 3477 Tam
205 3431 265 3494 per
291 3418 381 3488 tuas,
404 3433 501 3494 quam
523 3416 764 3478 venerabilium
792 3415 864 3476 tra·
920 3415 961 3475 ad
976 3414 1138 3476 bonorem
1153 3413 1257 3492 ipsius
1273 3415 1537 3477 conservandum
1554 3420 1588 3478 et
1602 3417 1713 3480 rator-

63 3516 152 3575 trum
167 3515 394 3576 nostrorum...
408 3513 867 3574 posnaniensis...wratisla-
921 3511 1087 3574 mnndum.
1104 3511 1188 3573 Illud
1204 3527 1334 3588 quoque
1349 3512 1413 3572 sibi
1421 3514 1569 3590 promisi,
1586 3516 1622 3576 31
1637 3515 1717 3576 331-

64 3610 864 3688 viensiset...Lubicencisepiscoporumnecnon
920 3609 989 3669 lum
1009 3609 1195 3686 respectum
1216 3609 1258 3670 ad
1282 3609 1429 3686 aliquam
1453 3613 1581 3688 partem
1605 3613 1715 3684 terrae,

65 3708 187 3770 nobilis
201 3709 267 3770 viri
287 3711 341 3770 W.
365 3709 476 3786 patrui
498 3707 561 3780 sui,
586 3708 679 3769 ducis
704 3708 863 3779 Potoniae,
921 3723 1019 3783 quam
1030 3723 1118 3768 nunc
1125 3707 1283 3785 possidet,
1293 3722 1438 3784 unquam
1449 3707 1625 3772 habiturus
1642 3710 1718 3771 sim.

65 3805 194 3868 litteras
216 3806 311 3869 nobis
327 3805 390 3868 tuit
398 3805 571 3868 humiliter
584 3805 818 3882 supplicatum,
830 3807 867 3866 ut
921 3804 1136 3865 Occasionem
1164 3819 1293 3882 quoque
1326 3804 1502 3866 discordiae
1536 3806 1719 3882 praecidere

66 3904 153 3979 quod
171 3903 292 3965 lactum
315 3903 376 3976 est,
400 3901 620 3964 mediantibus
637 3904 761 3964 eisdem
777 3903 867 3980 epis·
920 3901 1037 3964 volens
1059 3901 1231 3979 spopondi,
1249 3901 1335 3979 quod
1354 3901 1506 3965 homines
1525 3905 1591 3965 mei
1610 3903 1721 3965 homi-

66 3999 172 4074 oopis,
188 3997 229 4060 ad
249 3999 354 4060 toedus
368 3999 557 4061 dilectionis
571 3999 660 4060 inter
673 4000 706 4062 13
720 4013 760 4060 33
774 4015 865 4077 prae-
921 4015 980 4060 nes
994 4015 1083 4072 suos,
1096 3999 1218 4060 omisso
1227 3999 1366 4076 judicio,
1375 4000 1513 4062 vadiare
1527 4001 1718 4064 nullatenus

67 4095 191 4157 dictum
210 4098 327 4158 ducem
354 4098 513 4175 perpetuo
529 4097 806 4169 conservandum,
832 4098 866 4158 te
921 4097 1140 4173 praesumant3
1157 4096 1212 4158 sed
1229 4099 1263 4158 et
1277 4096 1428 4156 homines
1444 4096 1548 4174 ipsius
1561 4098 1718 4175 fugitivos

66 4193 204 4256 cedente
218 4194 392 4270 insignum
408 4195 563 4272 perfectae
574 4195 729 4256 amicitiae
744 4210 784 4256 ac
799 4209 867 4254 mu·
921 4209 941 4254 a
955 4195 1104 4271 tempore
1116 4192 1275 4270 colloquii
1290 4191 1395 4253 habiti
1409 4193 1444 4252 13
1459 4192 1635 4266 Zandovel,
1652 4197 1719 4256 tam

66 4293 132 4353 tuae
143 4291 291 4353 caritatis
306 4293 469 4370 quoddam
489 4295 646 4377 castrum,
659 4292 745 4369 qnod
754 4292 867 4355 Lubus
921 4306 941 4351 3
976 4306 1030 4351 me
1053 4303 1151 4367 quam
1186 4304 1206 4349 3
1233 4288 1315 4350 meis
1342 4287 1503 4359 detentos,
1532 4291 1717 4352 restituam.

67 4388 200 4463 dicitur,
227 4389 305 4450 duci
326 4391 464 4467 praetato
490 4390 598 4467 quoad
621 4389 746 4452 vixerit
759 4390 866 4467 possi-
921 4386 970 4450 Ad
1001 4385 1085 4447 illud
1117 4387 1218 4448 etiam
1247 4384 1439 4462 specialiter
1475 4402 1528 4448 me
1561 4386 1717 4463 obligavi,

66 4485 222 4558 dandum,
249 4487 296 4550 ita
325 4488 411 4565 quod
432 4490 505 4565 post
518 4486 643 4550 obitum
657 4487 750 4548 ducis
772 4489 867 4564 ejus·
922 4486 959 4547 31
981 4482 1158 4546 forestam
1185 4483 1414 4545 baudolenus
1436 4499 1535 4560 quam
1556 4485 1720 4548 violemus

66 4583 140 4645 dem
153 4585 195 4646 ad
206 4585 238 4646 te
253 4585 305 4645 vel
319 4585 468 4646 tsaeredes
484 4588 570 4656 tuos,
587 4585 678 4646 oront
692 4585 868 4647 occasione
921 4581 1008 4642 bona
1030 4581 1097 4643 ilde
1115 4580 1290 4643 cohibeam
1310 4580 1343 4642 et
1357 4580 1588 4655 exterminem,
1605 4598 1647 4644 ne
1662 4583 1722 4645 ali·

66 4685 98 4742 et
126 4682 287 4744 dilatione
314 4683 462 4754 remotis,
493 4681 617 4744 directe
645 4682 761 4744 redeat
793 4699 867 4744 cum
922 4680 1008 4757 quod
1027 4679 1261 4740 nocumentum
1278 4678 1434 4739 maximae
1452 4680 1551 4742 terrae
1569 4681 1719 4756 praedicti

67 4779 137 4840 suis
152 4779 363 4857 pertinentiis
374 4781 530 4852 castrum,
545 4780 734 4857 apostolico
749 4780 869 4856 digua·
922 4777 1016 4838 ducis
1038 4779 1079 4837 ll.
1098 4774 1233 4846 faciant,
1251 4777 1284 4837 et
1303 4791 1323 4836 3
1339 4776 1432 4836 33113
1452 4775 1613 4838 nobilium
1627 4794 1719 4840 mec·

67 4889 180 4936 ramur
191 4875 376 4936 munimine
384 4875 554 4937 roborare.
573 4879 680 4949 Quum
690 4877 793 4952 igitur
807 4891 867 4938 nos
922 4889 996 4934 raim
1009 4873 1187 4936 serventur
1197 4870 1259 4932 sub
1269 4887 1365 4949 poena
1377 4873 1544 4948 perpetuae
1556 4872 1716 4946 infamiae,

67 4972 139 5048 ejus
164 4972 272 5034 vicem
288 4958 311 5044 ,'
335 4971 413 5034 licet
440 4973 627 5044 immeriti,
649 4988 804 5048 geramus
832 4973 868 5034 13
923 4972 956 5032 31
969 4969 1187 5048 jurejurando
1203 4983 1304 5045 super
1319 4969 1381 5029 boc
1396 4969 1556 5046 praestito,
1570 4969 1616 5031 113
1631 4971 1718 5047 qnod

66 5069 177 5141 terris,
201 5068 259 5147 qui
284 5083 398 5145 paoem
422 5068 613 5130 bominibus
639 5069 814 5142 nuntiavit,
836 5070 869 5131 et
923 5067 951 5128 si
969 5068 1043 5145 quis
1059 5069 1111 5129 ter
1124 5065 1326 5129 ammonitus
1338 5081 1405 5126 non
1422 5065 1601 5143 resipuerit
1617 5066 1717 5129 nobi-

68 5181 140 5226 eam
155 5166 280 5228 mundo
295 5165 440 5243 reliquit,
456 5165 524 5228 tuis
536 5169 570 5228 et
581 5165 746 5244 praelibati
762 5165 866 5238 ducis,
923 5167 1016 5228 litate
1029 5168 1061 5227 et
1071 5162 1321 5228 haereditatibus
1331 5163 1455 5235 careat,
1471 5162 1597 5225 directo
1612 5163 1653 5226 ad
1666 5181 1719 5226 me

69 5278 128 5324 nec
141 5279 210 5326 non
221 5262 454 5339 predictorum
466 5265 696 5342 episcoporum
707 5264 870 5342 supplica·
923 5262 1141 5326 dissolvendis
1157 5263 1191 5324 et
1204 5276 1271 5322 non
1286 5261 1328 5323 ad
1343 5259 1493 5322 haeredes
1508 5275 1633 5333 eorum,
1651 5262 1719 5324 3131

67 5359 215 5424 tionibus
241 5362 336 5437 grato
357 5366 593 5423 concurrentes
615 5377 764 5434 assensu,
782 5361 868 5440 quod
924 5360 1008 5423 forte
1018 5359 1155 5423 malitiae
1165 5360 1315 5437 ipsorum
1328 5357 1486 5420 contrarii
1497 5357 1630 5420 fuerint.
1645 5361 1720 5422 Dux

70 5471 169 5532 super
192 5458 256 5519 boc
271 5458 410 5536 provida
434 5461 485 5522 eet
505 5459 744 5522 deliberatione
764 5461 870 5520 statu·
923 5459 1024 5520 etiarn
1038 5459 1201 5520 Henricus
1212 5457 1322 5518 omnia
1333 5456 1515 5534 praemissa,
1527 5455 1600 5518 vice
1608 5473 1717 5532 versa,

69 5552 149 5626 tum,
162 5557 360 5619 auctoritate
373 5557 563 5634 apostoliea
577 5556 822 5629 confirmamus,
836 5557 869 5619 et
924 5556 1006 5617 mihi
1017 5554 1180 5632 promisit.
1194 5556 1302 5630 Super
1313 5552 1461 5628 fugitivis
1473 5553 1573 5616 etiam
1583 5554 1721 5618 reddeu-
