4234 6442
154 247 216 325 333
789 241 1017 304 arraudum.
1041 241 1119 302 nra.
1144 242 1168 302 l.
1743 244 1805 322 38⁶

155 405 348 470 noravimus
371 405 407 468 in
430 404 558 482 partem
585 401 820 466 sollicitudinis
847 416 950 466 assu·
1005 402 1066 466 trae
1078 402 1112 465 et
1126 399 1242 464 annuli
1259 401 1358 478 atque
1372 397 1599 468 sandaliorum
1614 400 1674 462 tibi
1689 404 1723 464 et
1742 418 1801 481 pro

155 504 288 576 mendo,
318 503 354 566 in
384 501 481 569 nobis
508 500 686 574 honorem,
714 500 953 578 plenitudinem
1005 496 1802 577 temporesuccessoribustuisdeconsuetasedis

156 601 339 680 potestatis,
358 601 390 664 et
406 597 493 677 apud
513 601 617 660 Deum
632 595 798 670 meritum,
818 600 852 660 et
865 596 952 675 apud
1006 596 1204 674 apostoncae
1222 595 1426 671 benignitate
1446 595 1602 658 duximus
1623 597 1804 675 indulgen-

156 698 307 762 homines
321 697 383 760 tibi
401 711 574 775 compares
591 710 712 758 nemen
728 693 863 756 bonum.
884 695 953 758 Nos
1007 695 1095 756 dum.
1109 693 1326 772 praecipimus
1341 696 1463 766 autem,
1475 696 1512 756 ut
1522 693 1679 769 chrisma,
1692 697 1802 759 oleum

156 796 244 858 enim
263 793 474 864 sententiam,
494 809 594 872 quam
609 792 854 856 rationabiliter
867 793 955 855 tula-
1007 793 1169 864 sanctum,
1186 791 1452 855 consecrationes
1471 792 1639 865 altarium,
1660 795 1802 857 ordina-

156 895 203 954 ris
216 892 416 967 inrebelles,
426 893 535 954 ratam
545 890 740 953 babebimus
751 891 784 952 et
793 889 953 953 iaciemus
1007 890 1126 962 tiones,
1141 890 1184 951 ‘et
1207 903 1421 968 quaecumque
1444 887 1538 952 vobis
1557 906 1600 952 ex
1619 892 1803 968 pontificali

154 990 289 1054 auctore
307 989 448 1052 Domino
467 989 608 1052 firmiter
626 987 810 1054 observari.
832 989 953 1052 Datum
1007 988 1083 1052 sunt
1102 987 1287 1052 ministerio
1309 987 1512 1060 necessaria,
1528 1003 1548 1050 a
1570 988 1661 1050 nullo
1682 990 1802 1052 catbo-

155 1087 323 1160 Laterani,
353 1088 400 1149 ΙΙΙ
432 1086 594 1150 lsalendas
617 1085 709 1158 mali,
741 1085 953 1164 pontificatus
1007 1087 1071 1148 lico
1091 1087 1245 1164 episcopo
1271 1085 1365 1147 vobis
1386 1085 1572 1163 vestrisque
1593 1089 1801 1150 successori-

156 1184 261 1248 aostri
277 1200 365 1248 anno
379 1185 497 1262 primo.
1007 1184 1068 1246 bus
1088 1183 1302 1260 denegentur.
1314 1185 1400 1246 Sane
1415 1183 1802 1259 missataordinationes,

1008 1281 1166 1344 stationes
1187 1280 1229 1342 ab
1244 1279 1334 1342 omni
1352 1281 1508 1358 episeopo
1522 1282 1576 1344 vel
1594 1281 1684 1346 clero
1703 1284 1805 1346 Pari-

466 1375 651 1468 GGGXIV
1008 1380 1091 1442 sien.
1110 1378 1260 1442 ecelesiae
1281 1379 1316 1440 in
1329 1377 1444 1440 eodem
1463 1380 1665 1442 monasterio
1682 1382 1804 1458 praeter

1007 1477 1210 1540 veluntatem
1222 1474 1352 1538 abbatis
1369 1476 1423 1539 vel
1442 1478 1710 1552 congregationis
1729 1479 1804 1542 lieri
1840 1538 1842 1546 .

1007 1575 1243 1652 probibemue;
1270 1589 1332 1636 nec
1364 1573 1487 1636 habeat
1513 1575 1709 1652 potestatem
1740 1577 1807 1639 ali-

1007 1671 1087 1750 quid
1114 1671 1162 1734 ibi
1190 1671 1388 1750 imperandi,
1414 1671 1472 1736 sed
1493 1687 1557 1734 nec
1582 1673 1695 1736 divina
1723 1675 1806 1753 ipsis

155 1539 209 1604 ,td
222 1537 405 1620 accone-m
417 1535 573 1604 abbatem
587 1535 794 1604 mortaatertt
808 1541 842 1601 8.
867 1542 956 1602 Ger-

224 1643 322 1702 mani
335 1641 568 1711 Partetenets,
582 1640 723 1714 masque
736 1638 880 1714 fratres.

450 1787 486 1848 lt
500 1802 561 1861 cpi.
576 1789 656 1849 itti.
1008 1769 1119 1834 cilicia
1133 1769 1343 1842 interdicere,
1357 1785 1419 1832 nec
1428 1771 1729 1845 excommunicare,
1744 1788 1807 1834 neo
1901 1759 1903 1763 ’

207 1901 318 1976 mm
331 1909 377 1962 m).
390 1911 410 1971 1,
423 1910 497 1976 epist.
507 1910 564 1963 m
576 1913 635 1964 „a
646 1913 682 1965 M
693 1913 770 1964 rone
778 1907 903 1964 dum·
1008 1867 1050 1930 ad
1063 1867 1226 1946 synodum
1239 1883 1363 1931 vocare
1377 1871 1436 1930 aut
1449 1867 1601 1931 abbatem
1615 1873 1675 1932 aut
1689 1886 1807 1933 mona-

882 2032 889 2048 „
1009 1965 1101 2037 chos,
1125 1964 1336 2042 presbyteros
1351 1965 1410 2028 aut
1426 1965 1566 2028 clericos
1587 1968 1807 2029 eeclesiarum

151 2035 338 2096 Confirmatio
360 2035 576 2110 privilegiorum
594 2043 625 2096 et
643 2034 794 2105 bonorum,
809 2051 824 2094 a
840 2031 952 2094 Chlide·
1007 2062 1113 2139 ipsius
1127 2062 1194 2124 1005
1205 2061 1383 2124 tribuimus
1398 2061 1601 2125 facultatem·
1622 2065 1806 2142 Adjioimus

188 2118 281 2195 berto,
296 2120 418 2183 clotario
441 2123 560 2197 aliisque
578 2123 753 2183 Francorum
774 2123 891 2198 regibus
912 2123 955 2181 ais
1008 2159 1108 2222 etiam
1132 2159 1169 2222 ut
1193 2159 1229 2220 in
1256 2158 1505 2237 parochialibus
1531 2161 1696 2230 ecclesiis,
1721 2179 1805 2240 quas

68 2330 71 2334 g
190 2225 404 2269 'mmmm'
1008 2257 1103 2320 extra
1119 2256 1262 2334 burgum
1276 2257 1366 2320 beati
1379 2258 1535 2320 Germani
1553 2260 1685 2334 tenetis,
1705 2275 1805 2339 pres-

196 2355 363 2418 llenorius
378 2354 454 2430 etc,
471 2355 602 2420 dilectis
617 2355 696 2418 dliis
718 2354 827 2434 Ugoni
842 2353 955 2417 abbati
1007 2355 1115 2432 hyteri
1127 2371 1187 2434 per
1204 2372 1264 2418 voe
1288 2355 1466 2432 eligantur,
1489 2357 1523 2420 et
1543 2357 1698 2435 episeopo
1720 2373 1809 2435 prae-

156 2454 354 2516 monasterii
396 2453 509 2516 Sancti
546 2453 703 2516 Germani
730 2452 952 2525 parisiensis,
1008 2453 1190 2526 sententur,
1207 2453 1337 2530 quibua,
1355 2453 1384 2514 si
1399 2453 1511 2515 idonei
1528 2453 1663 2528 luerint,
1680 2456 1807 2532 episco-

156 2554 295 2630 ejusque
320 2551 479 2614 iratribus
505 2552 574 2616 tam
605 2550 826 2629 praesentibus
856 2566 954 2628 quam
1009 2567 1069 2627 pus
1095 2551 1282 2612 animarum
1308 2566 1423 2612 curam
1444 2551 1639 2624 committat,
1660 2553 1696 2615 ut
1716 2552 1808 2615 eide

157 2649 279 2713 suturis
301 2649 489 2728 regularem
508 2649 612 2712 vitam
637 2648 796 2727 professis
817 2648 853 2710 in
876 2663 955 2726 per·-
986 2648 1113 2732 ¹plebis
1128 2665 1221 2717 cura,
1235 2648 1275 2710 de
1292 2648 1391 2709 rebam
1405 2663 1485 2710 vero
1505 2650 1744 2726 temporalibus
1764 2651 1806 2714 ad

157 2749 304 2824 patuum.
1008 2746 1246 2808 monasterium
1274 2745 1517 2822 pertinentibus
1530 2745 1634 2819 ¹vobis
1666 2763 1808 2827 respon·

196 2847 234 2906 In
258 2845 445 2908 imminenti
471 2845 670 2923 apostolicae
699 2845 793 2908 Sedis
820 2844 955 2922 specula
1008 2843 1118 2908 deant.
1142 2843 1234 2916 Quod
1256 2843 1286 2904 si
1304 2842 1415 2906 iacere
1434 2843 1519 2906 iorte
1536 2844 1715 2915 noluerint,
1732 2847 1808 2909 sub·

156 2941 282 3006 adhoc
306 2959 432 3016 sumus,
461 2942 540 3006 licet
565 2943 734 3016 immeriti,
760 2942 955 3020 disponente
1007 2942 1161 3004 trahendi
1181 2942 1231 3004 eis
1245 2942 1443 3018 temporalia
1455 2957 1528 3020 quae
1541 2957 1562 3004 a
1575 2943 1671 3006 vobis
1691 2945 1806 3010 tenent

155 3041 307 3113 Domino,
324 3041 505 3113 constituti,
529 3042 567 3114 ut
576 3043 685 3119 justas
706 3040 884 3118 petitiones
900 3041 955 3104 de
1007 3040 1147 3104 liberam
1160 3038 1311 3102 babeatis
1330 3039 1529 3103 anctoritate
1549 3042 1739 3119 apostolica
1754 3043 1807 3107 ia·

156 3139 293 3202 beamus
306 3138 447 3202 libenter
461 3139 646 3212 admittere,
656 3139 689 3202 et
703 3139 752 3200 eis
763 3139 954 3201 studeamus
1008 3139 1175 3201 cultatem.
1191 3137 1397 3200 auctoritate
1412 3139 1513 3200 eiiam
1525 3140 1715 3217 apostoliea
1736 3143 1808 3205 eta-

157 3237 310 3300 eiiectum
337 3236 451 3300 utilem
478 3237 663 3314 indulgere.
679 3237 872 3315 Eaprepter,
898 3235 953 3297 di·
1007 3236 1142 3309 inimus,
1163 3236 1196 3298 et
1216 3235 1310 3298 vobis
1330 3235 1370 3298 de
1392 3237 1551 3299 consueta
1575 3238 1751 3303 clementia
1772 3241 1806 3303 et

156 3334 234 3397 lecti
246 3334 282 3396 in
296 3335 436 3396 Domino
457 3334 531 3408 tilii,
545 3335 668 3398 vestris
678 3335 780 3412 justis
800 3334 953 3410 postula-
1007 3334 1213 3410 benignitate
1224 3334 1319 3412 Sedis
1328 3333 1526 3410 apostolicae
1535 3334 1757 3412 indulgemus,
1770 3339 1806 3400 ui

156 3431 303 3494 tionibus
316 3434 511 3504 annuentes,
523 3431 763 3495 monasterium
775 3430 865 3494 beati
878 3433 956 3492 Ger·
1008 3430 1132 3492 nullius
1146 3431 1304 3506 legationi
1318 3430 1384 3491 nisi
1397 3447 1416 3491 a
1432 3431 1536 3492 latere
1551 3434 1693 3494 Romani
1708 3437 1802 3496 Pon-

156 3531 248 3591 mani
271 3529 312 3592 de
333 3529 454 3603 Pratis,
482 3529 517 3591 in
541 3545 606 3607 quo
634 3528 748 3591 divino
773 3527 955 3604 mancipati
1008 3526 1106 3588 tiliois
1121 3525 1312 3604 specialiter
1325 3526 1426 3588 fuerit
1435 3525 1617 3603 delegatus,
1632 3528 1805 3608 subjacere

156 3627 238 3692 estis
272 3626 441 3706 obsequio,
474 3627 561 3705 quod
591 3626 719 3704 proprii
747 3624 837 3687 beati
864 3625 955 3687 Petri
1007 3623 1060 3686 vel
1087 3623 1223 3686 subesse
1244 3623 1362 3684 amodo
1383 3622 1540 3696 debeatis,
1557 3640 1619 3688 nec
1642 3627 1743 3690 alicui
1759 3628 1805 3690 li-

153 3725 242 3803 juris
261 3724 385 3795 existit,
402 3724 444 3786 ad
466 3725 637 3801 exemplar
655 3723 763 3785 ielicis
785 3723 954 3784 memoriae
1008 3722 1082 3782 ceat
1103 3720 1237 3783 obtentu
1259 3720 1435 3796 legationis
1454 3720 1496 3783 ab
1511 3723 1701 3800 apostolica
1718 3727 1803 3789 Sede

156 3823 341 3897 Paschalis,
358 3820 673 3894 Innocentii,Lucii,
686 3819 837 3897 Eugenii,
850 3823 956 3882 Anas·
1007 3818 1154 3890 indultae,
1182 3834 1242 3881 vos
1271 3818 1324 3880 vel
1353 3834 1563 3882 successores
1591 3823 1719 3885 vestros
1743 3839 1803 3886 seu

156 3921 248 3992 tasii,
264 3919 457 3991 alexandri,
475 3918 582 3988 Lucii,
603 3916 742 3992 Urbani,
763 3917 952 3992 Clementis,
1007 3915 1245 3980 monasterium
1270 3916 1419 3979 vestrum
1444 3916 1498 3979 vel
1534 3918 1706 3989 ecclesias,
1730 3939 1804 4000 quae

157 4001 328 4080 Caelestini
338 4017 373 4080 et
386 4016 570 4078 innocentii
582 4015 865 4094 praedecessorum
874 4031 955 4078 noa-
1007 4013 1095 4076 inira
1116 4013 1257 4090 burgum
1270 4013 1360 4078 beati
1382 4016 1540 4077 Germani
1555 4018 1643 4090 sunt,
1661 4018 1729 4080 ulla
1748 4021 1806 4082 in-

156 4117 285 4178 trorum
308 4116 534 4178 Romanorum
549 4113 759 4187 Pontificum,
785 4113 846 4175 sub
864 4113 954 4176 beati
1006 4112 1137 4176 terdicti
1171 4111 1225 4175 vel
1252 4112 1605 4177 excommunicationis
1638 4120 1804 4182 sententia

156 4211 248 4275 Petri
283 4213 318 4275 et
348 4212 463 4275 nostra
494 4211 699 4289 protectione
735 4211 951 4290 suscipimus,
1006 4226 1230 4288 praegravare,
1246 4211 1300 4272 vel
1314 4225 1415 4287 super
1433 4227 1492 4272 vos
1507 4211 1567 4272 aut
1584 4227 1684 4289 super
1698 4215 1804 4279 dictas

157 4311 190 4374 et
217 4309 393 4389 praesentis
419 4309 535 4387 scripti
558 4309 735 4387 privilegio
763 4309 953 4374 communi-
1007 4308 1166 4371 ecclesias
1178 4307 1446 4384 jurisdictionem
1465 4307 1612 4386 aliquam
1631 4324 1801 4386 exercere,

157 4424 241 4470 mus.
258 4409 427 4472 Praeterea
442 4423 667 4486 quascumque
687 4407 951 4485 possessiones...
1008 4404 1073 4466 nisi
1088 4404 1278 4482 specialiter
1298 4403 1363 4466 hoc
1377 4403 1478 4467 fuerit
1501 4421 1522 4466 a
1543 4409 1692 4470 Romano
1715 4412 1805 4472 Pon·

156 4499 264 4580 ue'puc
291 4507 519 4584 permaneant.
545 4509 610 4568 Per
633 4503 810 4583 praesentis
840 4505 954 4582 sapae
1006 4504 1096 4565 tidee
1109 4503 1161 4564 illi
1176 4501 1379 4565 mandatum.
1404 4504 1573 4566 Praeterea
1590 4509 1806 4583 compositio-

159 4601 326 4679 privilegii
336 4604 491 4680 paginam
502 4603 597 4666 vobis
616 4604 802 4682 vestrisque
816 4617 953 4666 sueces-
1007 4617 1095 4675 nem,
1120 4617 1195 4678 quae
1219 4601 1308 4663 inter
1330 4602 1569 4664 monasterium
1596 4605 1744 4668 vestrum
1772 4611 1806 4672 et

160 4697 290 4760 scribas
303 4701 339 4761 in
354 4703 548 4779 perpetuum
561 4703 806 4776 confirmamus,
819 4702 955 4780 utquae-
1007 4700 1102 4762 bonae
1124 4699 1292 4762 memoriae
1308 4700 1501 4772 Guidonem,
1519 4703 1684 4778 quondam
1700 4705 1807 4768 Seno-

159 4811 300 4872 cumque
313 4796 461 4870 libertas,
477 4815 694 4878 quaecumque
712 4799 859 4876 dignitas
883 4799 955 4878 pri·
1007 4814 1084 4860 nen.
1093 4797 1392 4875 archiepiscopum,
1403 4815 1503 4876 super
1513 4801 1803 4876 procurationibus

159 4891 283 4968 vilegio
305 4891 395 4956 beati
409 4897 576 4970 Germani,
594 4895 726 4975 scriptis
741 4897 952 4970 Childeberti,
1008 4911 1090 4974 quas
1114 4913 1134 4957 a
1157 4895 1252 4958 vobis
1279 4896 1313 4957 et
1331 4895 1528 4973 quibusdam
1550 4897 1640 4959 villis
1659 4901 1803 4976 petebat,

159 4989 309 5064 clotarii,
327 4989 426 5067 atque
449 4991 591 5054 allorum
614 5009 730 5070 regum
750 4997 954 5058 Francorum
1007 4991 1251 5056 rationabiliter
1274 4992 1476 5065 intercessit,
1498 4994 1585 5056 sicut
1606 4997 1743 5072 provide
1765 5013 1805 5059 ac

157 5087 269 5151 vestro
283 5088 690 5163 monasteriooollataest,
703 5091 810 5154 eidem
823 5107 957 5170 perma-
1008 5090 1080 5153 sine
1093 5090 1256 5168 pravitate
1277 5089 1365 5152 iacta
1389 5090 1450 5162 est,
1465 5090 1498 5152 et
1512 5093 1644 5170 recepta
1664 5096 1697 5156 et
1719 5095 1804 5156 liac-

158 5187 237 5250 neat
253 5185 392 5250 illibata.
412 5187 462 5249 Ad
490 5185 564 5250 haee
587 5187 740 5252 volentes
762 5190 806 5263 te,
836 5188 955 5252 dilecte
1007 5189 1104 5256 mnus
1113 5187 1674 5265 observata,atqueininstrumento
1684 5192 1805 5255 exinde

159 5284 207 5346 iili
221 5287 318 5362 Hugo
332 5284 447 5360 abbae,
470 5281 504 5348 et
515 5285 752 5348 monasterium
774 5287 869 5348 tuum
887 5286 954 5349 ho·
1009 5285 1159 5350 consecto
1173 5284 1325 5363 plenarie
1339 5284 1538 5358 continetur,
1552 5287 1659 5348 ratam
1675 5289 1805 5352 haben-

158 5381 251 5446 noris
287 5383 321 5446 et
351 5382 469 5460 gratiae
496 5382 673 5462 privilegio
708 5382 877 5456 decorare,
913 5384 955 5446 ad
1008 5387 1059 5447 tes
1083 5381 1281 5446 auctoritate
1294 5382 1484 5460 apostolica
1506 5383 1662 5446 duximus
1684 5389 1809 5450 condr-

147 5481 266 5542 'instar
280 5480 563 5558 praedecessorum
587 5480 778 5543 nostrorum
793 5480 956 5544 dictorum
1009 5481 1174 5544 mandam.
1201 5480 1250 5543 Ad
1274 5483 1434 5558 majorem
1463 5484 1574 5544 autem
1604 5484 1814 5549 evidentiam·

160 5577 352 5651 Alexandri,
365 5579 545 5650 Caelestini,
561 5579 757 5656 innocentii,
772 5595 868 5642 usum
887 5581 955 5643 ni·
1009 5579 1258 5657 compositionis
1287 5577 1393 5658 ipsius
1420 5580 1619 5660 rescriptum
1650 5580 1734 5646 illud
1765 5587 1806 5649 de

304 5723 418 5768 strues.
438 5724 512 5769 τοιιιι
532 5713 568 5770 ll.
648 5743 669 5774 ο
1619 5715 1653 5773 lt
