4104 6392
351 253 410 354 rer

353 455 465 516 Romae
477 451 562 530 apud
575 451 731 514 Sanctum
741 451 875 514 Petrum
884 451 1028 514 secundo
1038 451 1151 514 kalen·

353 549 413 610 das
422 549 523 628 junii,
539 564 627 610 anno
642 547 800 610 secundo.

643 699 862 786 cclxxxi

352 837 404 896 Au
422 835 588 895 occassum
614 833 648 896 11
671 835 858 910 capitulum
875 835 993 896 saneti·
1016 838 1152 898 Tltomae

610 932 886 1008 argentinensis.

648 1047 661 1102 1
681 1043 754 1116 lunii
773 1045 850 1102 1118.

405 1150 539 1214 [Schmidt.
552 1151 673 1214 Chapitrc
686 1151 717 1200 de
728 1151 803 1202 Saint
815 1152 917 1209 Thom,
927 1151 984 1212 298,
997 1167 1022 1202 n.
1039 1151 1104 1216 tlt]

351 1251 411 1310 Sub
431 1249 506 1310 beati
519 1250 594 1309 Petri
613 1257 643 1307 et
662 1264 714 1308 sua
737 1251 911 1322 protectione
932 1265 998 1308 cum
1018 1251 1152 1308 omnibus

476 1337 706 1412 possessionibus
726 1341 883 1412 capitulum
896 1340 1026 1412 suscipit.

394 1448 561 1510 Honorius
572 1449 758 1526 episcopus,
769 1464 886 1510 servus
898 1463 1069 1509 servorum
1080 1447 1149 1518 Dei,

354 1545 485 1612 dilectis
504 1545 583 1606 llliis
604 1547 731 1608 decano
750 1547 783 1608 et
801 1546 945 1622 capitulo
969 1547 1001 1605 S.
1018 1545 1151 1606 Tllomae

351 1642 615 1718 argentinensis,
626 1645 767 1706 salutem
777 1645 810 1705 et
825 1643 1041 1720 apostolicam
1056 1641 1153 1704 bene-

354 1741 542 1802 dictionem.

393 1840 612 1900 sacrosancta
629 1841 778 1902 Romana
795 1838 944 1900 Ecclesia
963 1838 1099 1900 devotos
1120 1841 1153 1900 et

352 1935 496 1998 humiles
526 1937 612 1998 lllios
644 1951 687 2000 ex
713 1937 854 1998 assuetae
880 1936 1013 2013 pietatis
1042 1935 1152 1997 olllcio

353 2033 551 2110 propensius
566 2034 707 2110 diligere
722 2033 905 2104 consuevit,
923 2035 956 2094 et
970 2049 1011 2093 ne
1032 2049 1154 2109 pravo-

352 2131 604 2192 rumhominum
621 2132 781 2192 molestiis
796 2132 975 2206 agitentur,
992 2146 1049 2191 eos
1070 2130 1152 2192 tan·

353 2243 451 2304 quam
466 2229 521 2305 pia
534 2229 639 2290 mater
652 2245 721 2290 suae
737 2228 954 2305 protectionis
969 2228 1152 2291 munimine

352 2325 540 2387 confovere.
568 2327 760 2403 Eapropter‚
794 2326 906 2388 dilecti
939 2325 973 2386 in
1014 2327 1151 2387 Domino

352 2423 424 2494 11111,
454 2424 574 2486 vestris
607 2425 707 2501 justis
741 2423 1021 2500 postulationihus
1057 2425 1151 2500 gralo

352 2521 589 2584 concurrentes
600 2537 751 2592 assensu,
766 2524 966 2599 personaset
976 2521 1151 2584 ecclesiam

352 2621 509 2691 vestram,
525 2619 636 2698 inqua
658 2620 770 2681 divino
786 2621 865 2681 estis
878 2619 1036 2696 obsequio
1052 2635 1151 2680 man-

352 2717 464 2794 cipati,
481 2733 555 2780 oum
570 2718 722 2779 omnibns
737 2717 834 2778 bonis
854 2735 928 2794 quae
946 2719 983 2778 in
1000 2733 1150 2794 praesen-

352 2815 476 2875 tiarum
490 2815 734 2877 rationabiliter
748 2815 924 2891 possidetis
936 2816 995 2876 ant
1010 2816 1043 2875 in
1057 2814 1150 2875 lutu-

354 2927 430 2974 rum
450 2913 550 2990 justis
572 2913 679 2974 modis
703 2915 884 2990 praestanto
899 2913 1037 2974 Domino
1053 2916 1150 2990 pote-

273 3019 279 3030 ·
354 3009 431 3070 ritis
459 3010 614 3086 adipisci,
639 3010 699 3071 sub
731 3009 823 3071 beati
856 3011 947 3072 Petri
975 3011 1008 3071 et
1037 3013 1151 3072 nnsha

352 3106 557 3180 protectione
586 3108 797 3184 suscipimus.
824 3108 1022 3184 Speolaliter
1037 3111 1150 3170 antem

352 3201 527 3264 ecclesiam
542 3205 574 3264 S.
589 3204 734 3266 Aureliae
749 3221 823 3265 oum
838 3205 1048 3281 pertinentiis
1068 3207 1149 3279 suia,

351 3316 450 3377 quam
483 3315 526 3362 ex
561 3303 775 3364 concessione
803 3302 1005 3364 venerabilis
1036 3302 1151 3366 fratris

351 3399 456 3461 nostri
478 3400 732 3478 argentinensis
747 3401 906 3478 episcopi,
935 3402 1075 3478 capituli
1099 3403 1151 3464 sui

350 3496 527 3558 accedente
541 3513 693 3570 assensu,
706 3499 786 3560 estis
807 3500 968 3560 canonice
991 3501 1148 3572 assecuti,

351 3593 437 3656 sicut
449 3609 522 3656 eam
539 3596 630 3672 juste
642 3613 682 3657 ac
698 3597 835 3672 pacilioe
851 3597 1040 3673 possidetis,
1057 3595 1151 3658 vohis

226 3680 238 3686 “
349 3693 383 3754 11
394 3708 454 3770 per
464 3709 524 3754 vos
536 3694 687 3755 ecclesiae
699 3696 818 3756 vestrae
833 3695 1032 3756 auctoritate
1047 3698 1153 3772 Apos-

349 3789 450 3851 tollca
463 3790 697 3851 confirmamus
710 3793 743 3853 et
757 3792 933 3868 praesentis
955 3791 1069 3869 scripti
1086 3807 1150 3870 pa-

350 3887 492 3948 trocinio
518 3889 770 3950 communimus.
799 3890 891 3950 Nulli
917 3905 996 3965 ergo
1015 3890 1150 3952 omuino

351 3983 522 4046 hominum
537 3985 636 4047 liceat
654 3986 742 4047 hanc
757 3987 912 4062 paginam
929 3988 1053 4049 nostrae
1067 4003 1149 4064 pro-

350 4083 505 4145 tectionis
520 4084 553 4145 et
565 4083 827 4146 confirmationis
841 4085 1034 4161 intringere,
1051 4085 1104 4147 vel
1119 4085 1150 4147 ei

350 4196 435 4242 ausu
446 4183 624 4243 temerario
637 4183 815 4244 contraire.
831 4183 953 4261 Siquis
967 4186 1077 4246 autem
1088 4183 1151 4245 hoc

350 4279 515 4340 attentare
530 4281 788 4356 presumpserit,
803 4280 1066 4356 indignationem
1079 4295 1152 4341 om·

351 4376 530 4451 nipotentis
552 4377 612 4438 Dei
636 4379 669 4439 et
693 4376 865 4439 beatorum
886 4379 976 4440 Petri
997 4379 1031 4440 et
1054 4377 1151 4439 Pauli

351 4471 576 4546 apostolorum
586 4475 658 4548 ejus
671 4489 706 4532 se
722 4475 852 4534 noverit
865 4475 1090 4534 incursurum.

392 4570 510 4628 Datum
527 4571 639 4630 Romae
655 4570 742 4644 apud
759 4572 915 4632 Sanctum
929 4573 1074 4642 Petrum,
1090 4571 1153 4632 lra-

353 4664 471 4725 lendas
494 4664 594 4742 junii,
620 4667 830 4742 pontificatus
854 4669 959 4728 nostri
981 4684 1069 4730 aimo
1093 4685 1151 4731 se-

353 4763 472 4825 cunno.

632 4851 872 4940 cclxxxii

351 4998 403 5057 Ad
431 4999 627 5071 apocopum
654 4999 923 5072 erbipolensem,
951 4997 1086 5060 abbates
1109 4997 1152 5058 dc

490 5097 664 5157 Eberbacle
679 5095 712 5156 el
726 5097 767 5156 ue
782 5096 1004 5158 Hesterbceb.

653 5219 666 5273 l
681 5217 846 5288 1111111118.

491 5321 591 5386 [Ficker
608 5322 742 5388 Engelbert
756 5323 801 5372 der
812 5322 926 5387 llelllige,
937 5321 1006 5387 ³25]

352 5419 467 5478 llondat
482 5428 513 5479 ut
527 5429 634 5494 cogant
653 5421 900 5494 archiepiscopum
914 5421 1102 5481 Colonansem
1115 5419 1150 5478 ad

383 5509 592 5568 restituendum
604 5518 731 5568 cestrum
743 5509 779 5567 de
790 5511 875 5567 Tulin
885 5510 1012 5582 palatino
1023 5509 1124 5568 Rheni.

396 5627 563 5690 Honorius
574 5629 885 5707 episcopusservus
897 5643 1067 5690 sorvorum
1078 5628 1147 5700 Dei,

969 293 1144 354 HONORll
1165 293 1209 352 lll
1232 294 1380 356 OPERA.

1206 451 1389 514 venerabili
1405 447 1500 516 fratri
1515 451 1670 530 episcopo
1682 451 1909 530 Erbipolensi
1925 457 1955 514 el
1966 455 2005 514 li-

1206 549 1300 610 lectis
1326 549 1405 610 tiliis
1419 549 1461 610 de
1486 548 1658 612 Eberbach
1682 551 1715 612 et
1743 549 1786 610 de
1807 549 2003 610 Hesterbau

1205 647 1379 709 abhatibus
1391 647 1657 723 Magantinensis
1670 649 1703 710 et
1713 647 1937 710 coloniensis
1947 650 2004 708 dia.

1206 760 1333 818 cesum,
1362 746 1503 808 salutem
1537 749 1571 808 et
1597 745 1823 823 apostolicam
1859 745 2003 806 benedi:-

1206 845 1341 905 tionem.

1149 949 1156 958 '
1246 939 1770 1002 Dilectusllliusnohilisuirdux
1780 941 2003 1002 3111111111-

1206 1039 1343 1112 latinus,
1363 1054 1474 1100 comes
1492 1039 1612 1110 Rheni,
1625 1038 1892 1113 crucesignatus
1914 1041 2003 1098 treu-

1206 1137 1309 1200 missa
1324 1135 1419 1197 nobis
1438 1137 1678 1213 conquestione
1698 1137 1913 1198 monstravit
1936 1141 2000 1213 qus-L

1206 1233 1408 1296 venerabilis
1424 1233 1527 1296 frater
1540 1234 1655 1294 noster
1667 1233 1892 1294 coloniensis
1907 1236 2002 1294 arrh-

1207 1332 1383 1409 episcopus
1407 1333 1552 1396 castrum
1578 1331 1621 1392 de
1648 1331 1753 1392 Turin
1779 1331 1818 1392 et
1846 1331 1922 1392 alia
1948 1350 1996 1407 qiu

1207 1428 1248 1490 ad
1265 1431 1376 1507 ipsum
1391 1432 1424 1492 et
1437 1428 1580 1490 nobilem
1601 1429 1748 1505 puellam
1762 1430 1888 1490 11111111
1903 1429 2000 1490 nohis·

1208 1528 1271 1590 viri
1286 1529 1326 1588 Η.
1343 1525 1508 1605 quondam
1522 1527 1663 1603 palatini
1685 1527 1772 1588 Reni
1790 1527 1933 1588 comitis
1951 1547 1998 1587 sus

1208 1626 1417 1687 commissam
1439 1624 1598 1686 custodiae
1625 1640 1699 1689 oum
1726 1624 1894 1686 omnihus
1924 1625 2000 1686 rebu-

1208 1723 1277 1785 suis
1301 1722 1342 1784 de
1361 1725 1438 1799 jure
1457 1723 1624 1798 pertinere
1645 1723 1851 1794 noscuntur,
1872 1726 1999 1798 111111·-

1207 1820 1344 1882 lentiam
1358 1820 1532 1896 occupavit
1541 1821 1574 1882 et
1583 1820 1723 1882 reddere
1735 1821 1955 1882 contradicit.
1965 1823 1997 1880 ,la

1206 1918 1310 1994 igitur
1336 1916 1513 1994 praedictus
1526 1916 1805 1994 archiepiscopus
1821 1917 1888 1978 alii
1914 1919 1996 1977 laren

1207 2014 1505 2092 videaturquodab
1515 2015 1591 2076 aliis
1600 2013 1672 2075 lieri
1682 2014 1747 2076 sibi
1758 2015 1885 2086 nollet,
1900 2019 1995 2075 nostri

1208 2112 1272 2174 sihi
1282 2112 1433 2174 dedimus
1448 2113 1567 2174 litteris
1585 2113 1621 2174 in
1640 2112 1826 2184 mandatis,
1857 2116 1898 2173 ut
1920 2131 1996 2174 cuns-

1208 2211 1339 2273 cientiee
1357 2225 1397 2272 ac
1412 2209 1509 2274 lamae
1528 2225 1597 2270 suae
1612 2209 1795 2271 consulens
1820 2211 1995 2287 praedii-tau

1208 2309 1352 2370 castrum
1376 2308 1530 2370 restituat
1553 2307 1717 2368 nobilibus
1740 2309 1953 2379 memoratis,
1967 2311 1991 2368 itv

1207 2406 1305 2482 quod,
1321 2420 1365 2467 ex
1376 2405 1507 2483 Justitia
1521 2405 1617 2480 gravi
1631 2405 1694 2468 sibi
1715 2404 1835 2466 lacere
1852 2407 1993 2470 vitleatur.

1207 2519 1246 2565 ao
1274 2519 1334 2565 nos
1364 2503 1571 2565 devotionem
1591 2519 1684 2564 suam
1706 2504 1888 2580 possimus
1904 2517 1991 2564 mers.

1206 2599 1449 2662 commendare.
1480 2601 1642 2672 Quocirca
1666 2600 1874 2662 discretioni
1901 2606 1990 2662 uesta

1207 2713 1266 2775 per
1277 2697 1467 2775 apostolica
1479 2697 1602 2774 scripta
1626 2698 1833 2759 mandamus
1856 2702 1992 2775 quatenu

1207 2795 1235 2855 si
1251 2795 1407 2872 praelatus
1432 2795 1700 2872 archiepiscopus
1715 2796 1920 2859 mandatum
1935 2813 1993 2856 nes-
2021 2843 2022 2850 ,

1206 2895 1293 2954 trum
1315 2894 1551 2970 contempserit
1571 2892 1767 2969 adimplere,
1785 2909 1854 2954 ros
1870 2895 1967 2971 parlii
1979 2911 1993 2950 2<

1206 2991 1396 3053 convocatis
1411 2991 1555 3052 audiatis
1569 3005 1717 3062 causam,
1734 2993 1770 3052 et
1785 2993 1981 3069 appellati-u

1206 3090 1332 3153 remota
1343 3089 1409 3149 llne
1419 3088 1529 3150 debito
1544 3089 1739 3160 terminetis,
1748 3089 1992 3165 iaciente-sont

1206 3185 1420 3248 decreveritis
1447 3201 1506 3262 per
1537 3201 1711 3248 censuram
1741 3187 1994 3250 ecclesiastica.¹

1206 3285 1345 3346 1111111111
1360 3284 1541 3346 observari.
1555 3286 1669 3346 'restes
1683 3287 1799 3346 autem
1812 3287 1874 3362 qui
1891 3286 1994 3346 luerat
2020 3293 2021 3364 j

1206 3382 1380 3454 nominati,
1395 3382 1424 3442 si
1444 3399 1480 3444 se
1494 3382 1590 3458 gravi
1604 3382 1691 3454 odic,
1711 3383 1767 3444 rel
1788 3384 1915 3444 timore
1935 3383 1995 3442 sul-
2020 3397 2021 3432 1

1206 3479 1370 3542 traxerint
1391 3495 1449 3557 per
1474 3495 1649 3542 censuram
1670 3480 1842 3552 eamdem,
1861 3483 1995 3558 appellu-

1205 3578 1295 3640 tione
1311 3579 1462 3640 cessante
1477 3579 1604 3654 cogatis
1618 3578 1762 3640 veritate
1781 3579 1995 3640 testimonias

1207 3675 1364 3752 perterre.
1382 3675 1474 3747 Quod
1494 3676 1523 3736 si
1539 3692 1605 3736 non
1621 3691 1735 3736 omues
1752 3675 1808 3736 his
1823 3691 1996 3754 exsequer-

1206 3771 1257 3833 dis
1281 3773 1456 3850 potueritis
1476 3773 1647 3844 interesse,
1665 3775 1700 3834 tu
1719 3787 1773 3846 ea,
1790 3773 1903 3836 frater
1923 3777 1995 3848 epis·
2019 3821 2020 3850 ,

1206 3885 1299 3946 eope,
1314 3886 1389 3932 cum
1413 3885 1529 3932 eorum
1542 3869 1647 3932 altero
1670 3869 1901 3932 nihilominus
1917 3887 1995 3931 erse
2019 3873 2020 3890 ¹

1206 3967 1330 4044 quarte.
1356 3969 1474 4030 Datum
1499 3970 1611 4030 Romae
1626 3967 1713 4044 apud
1729 3970 1764 4028 S.
1789 3971 1932 4030 Petrum
1946 3970 1993 4028 la-

1205 4063 1291 4126 land
1301 4064 1401 4143 junii,
1411 4064 1622 4142 pontificatus
1633 4063 1737 4126 nostri
1748 4080 1845 4126 auno
1855 4065 1991 4126 secun-lu.

1472 4241 1734 4330 cclxxxiii

1247 4386 1299 4445 Ad
1315 4383 1519 4446 abbatemet
1538 4384 1743 4444 collocatum
1757 4385 1966 4445 saecolorum

1334 4483 1504 4554 Boulfoct't
1518 4481 1552 4542 ot
1567 4484 1681 4542 Atrei-t
1695 4483 1736 4540 cle
1749 4483 1879 4543 Romen.

1505 4602 1605 4675 tinnit
1627 4602 1705 4660 lale.

1343 4717 1449 4783 [Netini
1461 4717 1493 4766 de
1504 4716 1610 4782 Templo
1622 4717 1647 4769 S.
1656 4716 1795 4778 Bonifatii,
1806 4717 1882 4784 als]

1207 4819 1248 4875 De
1260 4816 1445 4874 translatione
1455 4831 1606 4890 corporum
1617 4815 1708 4874 sancti
1718 4815 1866 4874 Boullacii
1879 4816 1991 4875 eruut

1248 4944 1415 5006 Honorius
1426 4943 1738 5020 episcopusservus
1749 4958 1938 5006 seruorum
1949 4945 1999 5005 111.
2017 4933 2018 5014 J

1207 5042 1336 5104 dilectis
1363 5042 1453 5110 llliis,
1482 5041 1609 5117 ltngelo
1637 5039 1750 5103 abbati
1771 5041 1809 5103 et
1834 5049 2001 5106 conveula:

1208 5141 1405 5202 Sanctorum
1415 5139 1579 5202 Bonisacli
1588 5138 1739 5200 ethlexii
1752 5138 1795 5199 de
1809 5141 1921 5212 Urbe,
1936 5141 2002 5202 sui.-

1206 5240 1272 5302 tem
1287 5238 1320 5300 et
1340 5236 1558 5314 apostolicam
1573 5235 1860 5300 benedictionem.

1247 5334 1494 5398 Inaestimabilis
1521 5333 1643 5396 divinae
1666 5333 1822 5410 dignatio
1848 5339 2000 5398 caritatis

1206 5449 1292 5511 quae,
1310 5435 1346 5495 ut
1363 5447 1497 5494 servum
1510 5431 1700 5504 redimeret,
1717 5431 1847 5494 Filium
1866 5435 2017 5496 traditur

1206 5545 1375 5609 supernos
1386 5529 1757 5592 misericordiamsuam
1767 5531 2001 5610 mirltiplicam

1205 5644 1393 5706 quanquam
1415 5625 1576 5690 bonorum
1598 5628 1792 5690 nostrorum
1817 5645 1892 5692 nou
1913 5649 2002 5706 eg·..-.
