4200 6394
313 305 352 367 51
768 303 945 366 HONORII
971 303 1017 364 III
1038 303 1188 364 OPERA.
1203 333 1241 348 -
1264 303 1498 364 SERMONES.
1935 306 1985 366 52

317 480 416 544 quam
431 462 638 538 mirabiliter,
654 479 753 541 quam
767 462 994 540 multipliciter
1007 461 1113 525 bene·
1169 463 1358 527 desiderant
1371 463 1485 526 videre
1502 463 1621 526 taciem
1640 466 1723 543 ejus.
1739 464 1846 528 Aliter
1862 486 1869 526 :
1888 467 1981 533 ouae

315 561 415 635 dicta,
439 565 518 635 Deo,
541 561 670 639 angelis
687 563 720 624 et
738 561 927 623 bominibus
946 560 1114 623 excellen-
1167 563 1299 624 babitus
1312 566 1348 624 tu
1360 563 1481 635 bortis,
1495 564 1599 623 amici
1617 563 1822 634 eunomiani,
1838 565 1896 638 foc
1912 579 1979 624 me

316 661 444 722 tissime
470 661 577 737 grata.
601 661 695 722 Unde
726 661 882 722 Salomon
908 660 943 720 in
969 660 1113 721 canticis
1167 664 1290 722 audire
1305 675 1421 722 vocatu
1446 661 1553 722 tuam.
1579 660 1691 736 Magni
1718 661 1830 722 meriti
1849 677 1915 722 vox
1939 662 1978 724 et

317 759 526 820 canticorum
544 781 550 818 :
568 761 651 826 Quoe
666 761 798 820 babilas
814 762 850 820 iu
864 759 983 830 bortis,
1009 761 1113 820 amici
1167 760 1283 835 gratiae
1292 758 1475 836 spiritualis
1484 774 1581 836 quam
1588 757 1883 820 auscultantamiei
1895 759 1974 836 ipse

315 858 533 930 amomacum
562 861 617 931 sac
641 873 696 919 erac
726 859 848 918 audire
873 871 991 918 nocem
1017 857 1114 918 tuam
1168 857 1623 919 etiamamicorumsummus
1644 857 1677 917 et
1699 857 1816 916 unicus
1831 856 1975 933 expedit

317 951 722 1036 (Cant.r111,13).lnbao
743 955 907 1016 sententia
922 957 1008 1016 Deus
1027 954 1114 1014 allo-
1167 955 1351 1028 auditurus,
1371 957 1404 1016 et
1424 953 1563 1014 forsitan
1582 954 1655 1030 ipsa
1669 969 1735 1014 vox
1749 955 1860 1015 Beatae
1882 954 1972 1015 Vir-

317 1053 429 1130 quitur
451 1056 586 1115 Beatam
611 1053 781 1129 Virginem
807 1053 947 1114 Mariam
971 1053 1110 1114 dicens:
1166 1053 1253 1130 ginis
1266 1055 1340 1132 post
1356 1053 1541 1128 angelicam
1556 1051 1803 1123 salutationem,
1819 1054 1893 1128 post
1908 1053 1971 1112 ta-

316 1153 342 1212 0
357 1151 459 1227 Virgo
474 1168 546 1229 quae
561 1151 691 1213 habitas
706 1152 742 1212 in
756 1151 871 1224 hortis,
886 1167 947 1227 ego
963 1150 1055 1213 mitto
1070 1151 1111 1212 ad
1167 1153 1267 1214 eitam
1290 1151 1537 1228 cogitationem,
1553 1151 1627 1226 post
1648 1149 1739 1210 illius
1754 1150 1971 1225 prosecutio-

315 1249 349 1311 te
358 1250 520 1324 Angelum
533 1249 731 1323 Gabrielem,
744 1250 780 1310 ut
792 1249 966 1311 annuntiet
977 1248 1038 1310 tibi
1052 1249 1113 1309 ad·
1167 1265 1260 1322 nem,
1292 1250 1366 1327 post
1400 1248 1577 1310 sollicitam
1609 1247 1904 1322 interrogationem
1934 1247 1974 1307 et

315 1348 449 1417 ventum
480 1347 541 1408 nlii
571 1348 655 1423 mei3
679 1348 712 1410 et
737 1347 851 1420 amici,
874 1347 978 1420 idest,
1001 1347 1113 1423 angeli
1167 1347 1352 1424 angelicam
1367 1343 1765 1424 responsionemdioentis
1783 1348 1973 1406 :Eccean-

315 1445 506 1508 auscultant
520 1444 708 1506 Gabrielem
723 1445 887 1507 dicentem
904 1466 912 1505 :
929 1447 1013 1506 Ecce
1027 1460 1111 1506 con·
1166 1450 1242 1510 citur
1261 1449 1418 1519 Domiut;
1439 1445 1502 1517 siat
1515 1447 1601 1507 mibi
1613 1445 1803 1506 secuudum
1823 1445 1975 1504 verbam

315 1542 420 1619 cipies
447 1543 480 1604 et
505 1542 670 1619 paries...,
701 1542 734 1604 et
761 1543 793 1604 te
819 1543 1072 1620 respondentem
1102 1565 1110 1604 ι
1168 1545 1266 1608 turem
1282 1542 1375 1625 (Luc.
1389 1559 1412 1616 1,
1426 1542 1493 1625 38).

315 1641 486 1706 Quomodo
513 1640 573 1712 stet
590 1641 720 1701 istud...
747 1643 813 1703 Sed
835 1641 873 1702 tu
892 1645 947 1715 sac
969 1655 1022 1702 nac
1043 1656 1110 1702 aa·
1207 1645 1245 1704 ln
1261 1642 1366 1704 hortis
1381 1641 1545 1720 siquidem
1560 1641 1730 1703 habitabat
1744 1639 1845 1701 Beata
1858 1638 1970 1699 Maria

315 1739 391 1798 dire
423 1752 539 1798 vocem
578 1739 690 1810 tuam,
730 1738 826 1812 idest,
859 1736 957 1800 crede
985 1738 1113 1814 angelo
1167 1739 1200 1802 et
1214 1739 1315 1815 Virgo
1330 1739 1456 1815 pariter
1477 1741 1510 1801 et
1532 1738 1730 1816 desponsata
1742 1736 1826 1798 viro.
1843 1735 1976 1796 Hortus

314 1834 493 1908 nuntianti,
517 1843 548 1898 et
570 1836 623 1898 die
646 1858 653 1897 ε
675 1840 764 1898 Ecce
784 1839 942 1900 61161116...
1167 1837 1256 1898 enim
1269 1839 1319 1899 est
1334 1837 1439 1899 foedus
1452 1837 1638 1915 conjugale,
1655 1834 1771 1897 hortus
1784 1833 1884 1895 etiam
1894 1833 1972 1924 rir-

357 1935 439 2000 Qrcoe
463 1936 597 1996 mettas
622 1937 659 1996 tu
679 1936 828 1998 bortis...
856 1935 1003 2007 Quatuor
1035 1935 1113 1995 sunt
1166 1937 1278 2012 ginale
1289 1935 1699 2013 proposituminutraque
1708 1931 1859 1994 castitate
1869 1929 1972 1992 bene-

315 2029 405 2092 horti
415 2031 450 2092 in
460 2031 754 2109 quibusbabitavit
763 2033 865 2095 Beata
874 2033 977 2109 Virgo
990 2033 1109 2104 Maria,
1166 2035 1325 2112 placitum
1333 2037 1411 2110 Deo;
1424 2033 1502 2095 licet
1511 2033 1679 2109 acceptior
1689 2030 1805 2098 altera,
1818 2028 1970 2090 etaltera

313 2127 470 2191 videlicet
483 2145 561 2191 caro
576 2130 740 2207 virginea,
758 2130 961 2192 conscientia
976 2130 1109 2202 munda,
1165 2133 1276 2194 tamen
1288 2133 1433 2208 accepta.
1445 2132 1494 2192 Ad
1505 2131 1568 2192 hoc
1579 2129 1685 2208 potest
1697 2128 1836 2190 forsitan
1846 2126 1970 2188 reterri

315 2226 436 2288 Sancta
461 2228 643 2305 Scriptura,
666 2229 700 2289 et
720 2229 863 2290 coelestis
885 2228 1003 2304 gloria.
1027 2230 1110 2290 Caro
1167 2230 1251 2308 quod
1271 2229 1423 2306 canitnrj:
1440 2229 1763 2290 Hortusconclusus
1777 2241 1814 2287 es
1828 2228 1891 2286 Dei
1905 2227 1973 2286 Ge·

312 2321 463 2400 virginea
485 2324 547 2387 luit
568 2325 683 2387 hortus
699 2343 796 2403 quem
815 2326 991 2402 diligenter
1006 2341 1111 2386 exco-
1166 2330 1291 2399 intirim,
1301 2329 1421 2389 bertus
1431 2332 1618 2388 coarctasse.
1628 2328 1666 2387 In
1674 2325 1706 2386 te
1714 2323 1870 2385 convenit
1879 2322 1973 2383 utra·

312 2417 376 2482 luit
398 2423 543 2485 coelestis
558 2423 766 2498 hortulanus,
783 2423 948 2496 videlieet,
969 2423 1111 2501 Spiritus
1166 2441 1229 2502 que
1240 2425 1411 2500 clausura3
1424 2425 1610 2501 utrumque,
1622 2421 1796 2498 virginalis
1809 2420 1922 2496 partus
1933 2419 1968 2480 et

315 2522 474 2597 Sanctum
499 2521 625 2584 fructus
647 2522 735 2583 horti
759 2521 855 2584 istius
882 2521 932 2584 est
960 2521 1111 2582 Christus
1166 2523 1351 2602 conjugalis
1369 2522 1505 2584 castitas
1527 2521 1752 2599 consecratur.
1768 2521 1890 2589 Acutri,
1907 2515 1970 2577 in-

312 2618 369 2696 qui
392 2621 490 2680 natus
514 2621 565 2681 est
588 2619 628 2680 de
651 2619 799 2697 Virgine,
825 2620 926 2681 satiat
952 2620 1110 2680 mundum
1166 2622 1252 2700 quit,
1284 2621 1489 2684 auscultant.
1524 2618 1727 2680 patriarchae
1760 2615 1971 2686 desiderant,
2098 2609 2099 2664 l

311 2732 416 2793 usque
430 2715 530 2777 bodie
544 2733 644 2778 carne
659 2734 720 2779 sua
735 2719 768 2779 et
780 2717 954 2794 sanguino.
971 2719 1010 2780 nt
1025 2717 1112 2779 sicut
1166 2719 1335 2797 prophete
1359 2717 1569 2790 annuntiant,
1582 2714 1693 2791 angeli
1714 2714 1747 2776 et
1771 2712 1966 2789 archangeli
2098 2769 2099 2772 ,

311 2812 347 2872 in
374 2813 529 2889 paradiso
560 2815 704 2891 positum
733 2817 784 2877 est
813 2815 941 2891 lignum
961 2815 1051 2888 vitae,
1075 2814 1111 2876 ut
1165 2818 1371 2894 expectant:
1397 2816 1463 2889 1111,
1489 2831 1585 2876 suam
1607 2812 1883 2888 redemptionem
1908 2811 1971 2870 isti

311 2909 410 2970 homo
426 2911 600 2972 comedens
615 2911 656 2972 de
668 2928 707 2972 eo
725 2913 760 2972 in
777 2912 935 2974 aeteruum
952 2927 1019 2973 non
1033 2927 1110 2973 mo·
1165 2930 1261 2976 suam
1274 2914 1566 2977 restaurationem.
1584 2914 1648 2974 Per
1662 2925 1776 2973 vocem
1791 2910 1890 2980 tuam,
1905 2923 1970 2983 per·
2098 2911 2099 2974 l

311 3005 446 3080 riretur,
462 3008 509 3068 ita
522 3008 562 3070 de
576 3009 679 3070 Beata
691 3009 839 3085 Virgine,
854 3025 927 3087 quae
943 3010 993 3070 est
1007 3025 1110 3087 para·
1166 3012 1388 3074 obedientiam
1407 3012 1500 3074 tuam
1521 3011 1701 3086 terrigenae
1723 3007 1852 3079 merite,
1869 3003 1966 3066 coeli-
2098 2993 2099 3036 ³

312 3103 403 3165 disus
421 3105 627 3180 deliciarum,
645 3107 743 3168 natus
760 3109 811 3169 est
827 3107 976 3169 Christus
989 3107 1046 3184 qui
1061 3106 1111 3169 est
1165 3110 1247 3172 colae
1260 3124 1399 3172 numero
1412 3108 1632 3185 augebuntur.
1645 3109 1710 3168 Fac
1721 3121 1773 3168 me
1786 3103 1901 3166 audire
1911 3117 1967 3164 vo-

311 3201 439 3278 lignum
454 3205 541 3276 vitae,
566 3205 598 3266 et
621 3201 805 3267 laetificabit
824 3207 955 3267 animas
978 3206 1110 3266 nostras
1166 3209 1350 3280 cemtuam,
1363 3199 1967 3280 ut,sicuthumilitatemcordisrespi·
2098 3279 2099 3296 ἵ

311 3300 348 3361 in
359 3301 457 3364 beata
472 3303 667 3366 eternitate.
686 3303 896 3365 Conscientia
911 3302 1034 3364 munda
1048 3303 1112 3364 fuit
1166 3306 1233 3378 cio,
1261 3305 1403 3381 gratiam
1428 3304 1520 3367 vocis
1550 3302 1728 3366 attendam.
1762 3299 1928 3362 Nimirum
1956 3319 1965 3359 ε

311 3399 447 3476 hortns3
469 3402 547 3478 quia
569 3401 655 3464 sicut
676 3401 791 3465 nortus
813 3403 864 3463 est
885 3402 1032 3463 consitus
1054 3401 1108 3462 di·
1166 3406 1274 3466 Corde
1282 3399 1965 3490 credituradjustttlam;oreautemcon·
2098 3461 2099 3474 χ

310 3497 417 3559 versis
439 3499 561 3575 plantis
583 3501 615 3561 et
638 3499 824 3572 arboribus,
841 3499 887 3561 ita
907 3499 1111 3561 conscientia
1164 3501 1318 3576 fesstotit
1336 3504 1380 3562 ad
1398 3501 1544 3563 satutem
1562 3497 1626 3578 (Ad
1643 3501 1737 3560 Rom.
1753 3511 1788 3568 x,
1811 3492 1875 3574 10).
1891 3495 1967 3555 Non

309 3597 420 3658 Beatae
431 3597 546 3659 Mariae
557 3598 619 3659 fuit
631 3599 729 3676 plena
742 3598 910 3661 universis
920 3596 1108 3660 virtutibus.
1164 3597 1390 3661 tantummodo
1415 3599 1518 3668 tuam,
1541 3596 1599 3658 sed
1618 3594 1841 3658 auscultatum
1865 3591 1965 3653 etiam
2098 3597 2099 3608 ¹

312 3693 406 3752 Unde
425 3693 467 3753 de
485 3693 548 3754 hoc
571 3694 667 3757 horto
692 3697 741 3758 ait
761 3695 867 3758 Isaiae
892 3698 998 3758 :Eris
1020 3693 1111 3756 suut
1165 3697 1359 3758 amicornm.
1386 3699 1471 3757 Dum
1492 3696 1581 3756 enim
1602 3693 1759 3756 ancillam
1785 3689 1962 3768 profiteris,

310 3790 432 3852 bertus
456 3793 623 3867 irriguus,
657 3793 690 3854 et
717 3794 806 3854 sicut
833 3795 911 3867 sous
936 3807 1111 3867 ausurum
1164 3795 1270 3856 mater
1295 3794 1453 3868 efficeris,
1484 3793 1520 3856 ut
1549 3791 1751 3854 salvatorem
1776 3787 1960 3864 concipias,

310 3890 410 3960 cujus
432 3904 502 3949 uon
524 3890 682 3961 deficient
700 3903 799 3964 aquea
823 3888 914 3968 (lsai.
935 3905 1028 3961 nuru,
1044 3885 1108 3966 11).
1166 3893 1308 3955 salutem
1334 3891 1447 3970 parias
1471 3905 1537 3952 non
1561 3889 1621 3951 tibi
1645 3884 1969 3960 soli‚sed1idelibus
2098 3861 2099 3920 1

311 3987 435 4048 Hortus
461 3986 608 4062 irrignus
635 3986 698 4048 suit
729 3989 832 4048 Beata
857 3986 959 4061 Virgo
989 3985 1108 4057 Maria,
1165 3990 1342 4050 universis.
1364 3991 1430 4051 Fac
1450 4003 1502 4050 me
1517 3988 1633 4050 audire
1655 4000 1770 4047 vocem
1785 3980 1968 4058 tnample-

312 4099 385 4161 quae
400 4084 463 4145 fuit
477 4083 617 4160 irrigata
630 4084 755 4162 Spiritu
769 4086 907 4158 Sancto;
924 4082 998 4144 sons
1011 4097 1111 4160 aqua·
1165 4102 1242 4147 nam
1272 4086 1390 4161 gratiae
1421 4087 1453 4147 et
1484 4085 1651 4156 veritatis,
1679 4097 1795 4145 vocem
1827 4080 1965 4160 {plenam

311 4197 385 4243 rum
420 4181 482 4244 init
513 4183 549 4244 in
584 4199 634 4255 ea,
665 4183 807 4261 Spiritus
838 4182 988 4253 Sanctus,
1015 4182 1109 4257 quus
1164 4184 1348 4260 prudentiae
1383 4197 1442 4260 per
1476 4195 1641 4244 morosam
1678 4179 1965 4248 deliberationem,

311 4296 418 4359 aquae,
441 4282 528 4344 idest
547 4284 677 4360 gratiae,
702 4299 769 4362 non
793 4279 958 4344 deficient.
989 4278 1110 4340 Sancta
1164 4281 1251 4359 quod
1270 4295 1465 4357 responsum
1484 4279 1614 4341 dederis
1630 4279 1704 4357 post
1718 4276 1966 4340 cunctationem
2098 4335 2099 4342 ,

311 4380 482 4456 Scriptura
497 4381 619 4442 dicitur
633 4382 766 4456 bortus;
783 4379 869 4458 quod
892 4377 1109 4440 eleutherius
1165 4381 1199 4443 et
1218 4380 1362 4444 coelestis
1382 4379 1492 4440 nuntii
1510 4365 1729 4440 eruditionem
1750 4375 1881 4452 plenam
1892 4375 1968 4450 jus-

310 4478 362 4540 est
392 4479 525 4539 clausus
546 4479 695 4556 sepibus,
723 4479 770 4541 na
793 4476 914 4539 sancta
940 4476 1110 4552 Scriptura
1164 4481 1246 4544 titis
1269 4494 1329 4557 per
1352 4476 1584 4548 numilitatem,
1612 4473 1698 4536 sicut
1724 4472 1847 4534 dictum
1863 4486 1883 4532 a
1899 4471 1966 4531 no-

312 4575 362 4636 est
386 4576 499 4636 clausa
526 4577 638 4637 multis
662 4575 929 4637 obscuritatibus.
959 4574 999 4634 nl
1025 4573 1111 4634 sicut
1164 4580 1255 4640 mino
1280 4577 1330 4640 est
1353 4591 1413 4654 per
1433 4578 1597 4638 loannem
1614 4589 1622 4632 ε
1638 4575 1695 4644 Sto
1714 4571 1967 4632 1166θί110811-

310 4672 425 4734 hortus
452 4673 552 4734 habet
577 4674 708 4734 diversa
734 4689 832 4750 poma
853 4672 906 4734 vel
932 4671 1039 4743 olera,
1063 4671 1110 4732 ita
1162 4683 1257 4753 plere
1292 4690 1429 4736 omnem
1453 4673 1631 4746 justitium
1658 4668 1789 4748 (Matth.
1812 4683 1862 4739 nr,
1901 4663 1966 4744 15),

312 4771 484 4848 Scriptura
507 4771 607 4832 babet
628 4771 761 4832 diversa
781 4770 970 4832 sanctorum
990 4783 1108 4830 exem·
1164 4770 1533 4852 plenamtemperantiae
1543 4769 1644 4830 immo
1653 4767 1686 4829 et
1695 4763 1967 4842 obtemperantia

310 4869 376 4946 pla.
400 4869 551 4930 coelestis
577 4868 685 4945 gloria
710 4867 833 4929 dicitur
857 4866 989 4933 bertus,
1024 4866 1109 4942 quod
1165 4871 1389 4936 obedientiam
1413 4868 1609 4946 profitendo,
1633 4866 1765 4943 plenam
1786 4860 1966 4938 magnani-

310 4967 541 5029 sicutinborto
551 4969 627 5030 suut
636 4967 778 5029 diversae
794 4967 929 5028 arbores
939 4964 1109 5031 etdiversa
1165 4971 1301 5042 mitatis,
1326 4968 1424 5030 iidem
1446 4965 1550 5030 tantis
1575 4960 1849 5043 promissionibus
1872 4957 1970 5022 adhi·
2098 5023 2099 5028 ,

309 5083 418 5145 poma,
442 5066 489 5128 ita
508 5066 543 5126 in
566 5066 691 5127 ooelesti
714 5065 822 5140 gloria
838 5067 914 5128 sunt
930 5068 1025 5129 multi
1044 5083 1109 5128 an·
1164 5069 1284 5131 bendo.
1742 5072 1745 5080 '

310 5165 377 5242 geli
401 5166 434 5228 et
456 5164 552 5226 multi
566 5163 684 5237 sancti,
700 5164 733 5226 et
747 5179 861 5226 omnes
883 5165 1015 5227 suntad
1033 5180 1108 5226 ser·
1205 5167 1272 5244 Ipsi
1292 5178 1433 5244 quoque,
1462 5161 1491 5224 si
1513 5161 1677 5240 sapimus,
1704 5155 1968 5220 auscultabimus

309 5263 426 5324 vitium
448 5264 558 5325 Beatae
574 5261 733 5338 Virginis.
755 5265 800 5324 De
823 5262 886 5324 boc
910 5263 1006 5325 horto
1031 5263 1112 5324 dicit
1165 5260 1391 5325 interemicos
1406 5261 1448 5322 ad
1464 5260 1565 5338 huius
1586 5257 1729 5333 gratiam
1740 5255 1833 5318 vocis
1849 5251 1967 5314 intenti

313 5361 419 5422 isaias
443 5383 451 5421 ε
475 5364 642 5422 Dominus
650 5375 784 5436 poscens
798 5361 1016 5423 solitudinem
1028 5363 1111 5423 Sion
1165 5362 1290 5440 pariter
1309 5361 1342 5422 et
1361 5359 1488 5430 attenti,
1513 5373 1575 5418 nec
1597 5355 1693 5416 modo
1706 5351 1968 5432 jucundabimur

309 5461 410 5534 cnosi
425 5460 565 5522 bortum
576 5462 715 5521 Deretini
731 5457 822 5538 (lsai.
840 5473 885 5531 ιι,
898 5457 944 5538 3).
1165 5461 1200 5522 in
1227 5475 1309 5522 voce
1334 5455 1551 5521 exultationis
1575 5453 1608 5515 et
1631 5453 1760 5525 salutis,
1777 5450 1834 5511 sed
1850 5451 1965 5527 cujus-

352 5557 431 5618 Sion
455 5557 694 5634 interpretatur
717 5557 862 5635 specula,
887 5558 919 5619 et
945 5556 1112 5633 significat
1166 5575 1229 5637 que
1251 5558 1363 5619 anima
1386 5558 1547 5633 cujusque
1570 5565 1712 5628 persona
1733 5565 1792 5626 pro
1812 5563 1873 5608 suo
1888 5545 1964 5624 qui-

312 5655 447 5717 Beatam
470 5651 652 5732 Virginem,
683 5657 718 5718 in
745 5671 809 5734 qna
839 5655 1054 5733 speculantur
1079 5655 1111 5717 et
1166 5657 1239 5720 dern
1261 5656 1394 5719 modulo
1420 5650 1565 5715 studebit
1586 5651 1618 5712 et
1637 5647 1865 5719 delectabitur,
1883 5645 1919 5706 ut
1933 5642 1965 5704 in
