4104 6392
325 309 386 369 823

944 297 1121 360 HONORII
1144 297 1188 356 ΙΙΙ
1210 295 1360 358 OPERA.

1931 293 1987 352 824

329 466 524 542 infringere,
541 464 603 527 etc.
628 461 663 524 si
685 461 761 540 quis
780 460 903 531 autern,
918 459 981 520 etc.
1003 458 1122 519 Datuin
1178 449 1990 531 nornmregumetprincipnmprovidentiamnlti'

330 563 499 634 Laterani,
520 563 579 622 Vll
601 558 762 620 kalendas
787 557 882 636 julii,
912 555 1123 632 pontificatus

331 660 439 724 nostri
452 674 540 721 anno
553 656 709 720 secundo.

592 845 595 848 ·
654 807 802 895 oboli

316 923 382 997 ¹Act
396 934 605 1011 magistrum
622 933 656 994 cl
668 932 800 1006 tratres
812 932 933 990 domus
950 928 1127 1001 hospitatis

431 1053 437 1066 ·
561 1027 898 1103 Hierosotpmttcaoe.

633 1131 829 1205 retourne.

409 1231 714 1298 [Thcinenllonumenta
724 1228 868 1292 hungarie,
881 1229 900 1285 l,
914 1225 952 1284 lt,
963 1241 989 1278 n.
998 1225 1050 1290 ib]

332 1333 466 1390 innuunt
478 1329 706 1388 idtimarcarum
717 1325 834 1400 argenti
853 1323 1003 1392 redditum,
1020 1322 1055 1380 ab
1068 1325 1126 1382 hn-

368 1418 440 1477 ‹lree
450 1418 684 1491 hungariarege
695 1414 731 1472 de
744 1412 927 1487 proventibus
942 1413 1126 1469 saliumsuo-

369 1522 432 1565 rum
442 1507 470 1564 ln
483 1505 585 1565 salech
593 1506 635 1563 el·
647 1517 827 1572 concessum,
837 1499 996 1558 ccnllrmat.

372 1615 509 1677 Dilectis
538 1613 698 1684 liliist....,
724 1610 882 1686 magistro
911 1609 945 1670 et
971 1605 1129 1670 iratribus

333 1713 450 1776 domus
477 1710 658 1789 hospitalis
684 1707 1011 1785 ilierosolymitanae,
1038 1704 1131 1764 salu-

336 1813 415 1882 tern,
435 1809 503 1871 etc.

336 2019 444 2079 usque
454 2020 604 2075 assensn,
619 2019 765 2063 annuum
777 2000 1032 2078 quingentarum
1047 2011 1132 2057 mar-

338 2117 453 2162 carum
467 2101 598 2177 argenti
612 2099 777 2161 redditum
798 2097 893 2159 vobis
916 2111 936 2156 a
958 2094 1131 2157 carissimo

337 2199 373 2259 in
388 2198 517 2260 Christo
533 2197 602 2258 filio
626 2197 740 2258 nostro
763 2194 894 2255 Andrea
910 2191 1032 2253 illustri
1053 2207 1131 2267 rege

259 2373 261 2378 Ι
335 2295 516 2371 Hungariae
527 2294 567 2355 de
582 2292 795 2371 proventibus
808 2291 928 2352 salium
948 2305 1083 2350 suorum
1096 2289 1131 2350 in

338 2392 456 2455 Salech
491 2391 546 2469 pia
574 2391 774 2452 liberalitate
811 2403 1020 2457 concessum,
1047 2385 1133 2448 sicut

336 2489 445 2566 ipsum
460 2489 554 2566 juste
565 2503 604 2548 ac
626 2486 763 2565 pacidce
779 2483 934 2546 obtinetis
947 2483 1026 2545 etin
1041 2483 1133 2560 ejus-

337 2586 412 2647 dem
425 2585 514 2662 regis
528 2585 648 2647 litteris
670 2584 802 2662 plenius
816 2582 1021 2656 continetur3
1038 2579 1132 2642 vobis

336 2685 369 2745 et
383 2699 513 2761 parvos
525 2682 638 2744 domui
652 2681 772 2743 vestrae
782 2679 979 2741 anctoritate
991 2677 1132 2754 Aposto-

336 2779 402 2841 lica
415 2779 661 2846 confirmamus,
670 2781 703 2840 et
711 2777 885 2855 praesentis
893 2775 1008 2852 scripti
1014 2775 1131 2852 patro-

336 2877 425 2938 cinio
441 2876 692 2938 communimus.
706 2876 755 2936 hd
771 2877 936 2952 majorem.
951 2875 1060 2934 autom
1082 2871 1132 2933 rei

337 2973 556 3046 evidentiam,
567 2975 716 3034 tenorem
731 2971 918 3034 litterarum
929 2969 1076 3045 ipsarum
1092 2968 1132 3030 de

337 3071 439 3132 verbo
450 3070 491 3131 ad
506 3068 643 3130 verbum
653 3068 816 3145 jussimus
836 3065 1055 3143 praesentibus
1070 3081 1133 3125 an-

337 3166 458 3229 notari.
473 3166 535 3237 Qui
550 3164 627 3227 talis
638 3165 688 3226 est
704 3185 712 3226 :

377 3263 559 3325 innomine
574 3266 698 3325 sanctae
716 3262 894 3324 Trinitatis·
904 3263 936 3324 et
951 3259 1131 3323 individuae

336 3361 486 3423 unitatis.
522 3359 672 3422 Andreas
708 3359 768 3420 Dei
796 3360 905 3436 gratia
938 3357 1131 3434 Hungariae,

337 3459 524 3531 Dalmatiae,
537 3458 689 3530 Croatiae,
702 3459 827 3530 Ramae,
840 3457 976 3528 Serviae,
988 3455 1130 3528 Gallitae,

336 3556 618 3633 Lodorniroaeque,
628 3571 688 3617 rex
695 3557 730 3616 in
739 3557 945 3632 perpetuum.
958 3553 1133 3616 Excellen-

335 3654 464 3716 tissima
473 3669 590 3730 regum
598 3652 766 3722 nobilitas,
774 3652 851 3714 licet
861 3651 1131 3728 nullislargiendi

335 3750 497 3814 limitibus
512 3749 742 3812 circumscribi
757 3749 1061 3827 debeatpraecipua
1075 3750 1131 3811 ta·

336 3865 412 3910 men
440 3848 546 3909 eidem
573 3847 768 3909 adhibenda
788 3848 839 3909 est
862 3847 1130 3924 circumspectio,

337 3946 502 4022 quatenus
530 3943 736 4021 singulorum
754 3946 859 4006 status
880 3945 913 4007 et
926 3944 1132 4006 differentias

339 4042 567 4114 considerans,
585 4041 654 4102 illis
681 4058 751 4119 prae
772 4042 902 4103 cacteris
916 4041 1133 4104 excellentius

337 4157 407 4203 suae
434 4140 520 4202 dona
548 4138 782 4202 munilicentiae
808 4139 981 4217 largiatur,
1010 4141 1066 4218 qui
1101 4139 1134 4203 ct

335 4239 568 4317 temporalium
606 4237 842 4300 beneficiorum
884 4237 1021 4300 servitio
1069 4237 1132 4299 sibi

338 4336 482 4399 ddeliter
502 4335 739 4413 obsequuntur,
756 4339 789 4397 et
808 4335 842 4397 in
856 4333 1036 4397 offerendis
1051 4350 1133 4396 ora-

336 4435 465 4496 tionum
489 4436 522 4497 et
545 4434 833 4511 eleemosynarum
867 4433 1048 4495 sacrificiis
1066 4449 1133 4495 non

338 4531 465 4594 tanturn
487 4547 559 4602 sua,
582 4547 696 4592 verum
720 4533 754 4592 ct
776 4545 936 4608 personas
952 4532 993 4592 ad
1011 4531 1134 4592 Christi

335 4627 467 4690 laudern
483 4626 667 4701 etgloriam
682 4626 859 4687 offerentes
879 4642 938 4703 pro
962 4625 1133 4688 commodo

336 4723 606 4795 Christianitatis
630 4724 663 4785 et
690 4738 870 4800 regnorum
896 4723 1043 4784 omniurn
1067 4725 1135 4786 uti-

336 4822 432 4885 litate
459 4824 527 4883 Deo
547 4820 673 4898 iugiter
701 4821 734 4883 et
761 4819 877 4884 devote
916 4820 1132 4885 famulantur.

336 4923 416 4982 Cum
441 4920 553 4997 itaque
577 4919 803 4981 sacratissima
831 4919 950 4981 Sancti
967 4919 1131 4982 lobannis

335 5018 493 5096 Baptistae
508 5018 624 5079 domus
639 5017 815 5094 hospitalis
834 5016 875 5078 de
887 5018 1074 5081 Jerusalem
1091 5017 1132 5078 ab

335 5111 481 5194 antiquis
492 5115 690 5177 saeculorum
705 5114 908 5192 temporibus
921 5115 1043 5192 ubique
1055 5131 1135 5192 par-

335 5215 418 5276 tium
434 5213 525 5275 orbis
546 5229 588 5274 ex
609 5227 645 5274 se
664 5212 826 5273 bonorum
844 5229 992 5290 operum,
1013 5213 1046 5274 et
1061 5213 1134 5274 sin-

337 5327 423 5373 cerae
447 5309 632 5372 devotionis
658 5309 946 5371 commendaretur
963 5309 1132 5387 obsequie,

332 5410 430 5484 juxta
449 5407 531 5468 illud
548 5405 729 5468 veridicum
750 5407 951 5484 propheticae
964 5408 1133 5485 provisio·

335 5503 388 5563 nis
407 5502 618 5580 praesagium,
649 5503 806 5564 mamillis
830 5503 918 5579 regis
942 5502 1132 5576 lactaberis,

335 5599 490 5678 pervigili
504 5616 583 5662 cura
599 5600 748 5663 bdelium
761 5603 794 5663 et
815 5600 965 5678 diligenti
978 5601 1136 5664 christia-

1179 551 1258 630 plici
1274 551 1606 627 largitionemunere
1617 549 1816 627 praedotata,
1833 561 1989 610 crescere

1180 651 1213 712 et
1227 665 1288 726 per
1302 649 1475 709 universos
1489 647 1579 708 orbis
1591 647 1674 708 lines
1688 647 1816 707 meruit
1832 643 1989 715 dilatari;

1180 745 1362 822 intorques
1382 759 1450 804 non
1463 743 1592 805 tantum
1615 745 1811 804 nestrorum·
1831 741 1989 802 anteces-

1181 857 1294 903 sorum
1306 840 1348 902 ad
1361 839 1453 901 idem·
1464 840 1590 902 intenta
1605 839 1723 916 pietas,
1739 838 1801 900 sed
1824 839 1866 898 et
1879 841 1990 897 nostra

1181 939 1324 1014 diligens
1349 937 1498 1005 solertia,
1517 937 1614 1013 prout
1635 936 1827 1012 unicuique
1837 935 1990 994 nestmn

1181 1035 1341 1096 divinitus
1370 1033 1533 1096 illustrari
1557 1033 1665 1094 visum
1678 1033 1739 1105 est,
1759 1032 1857 1093 hanc
1879 1046 1991 1090 sacra-

1181 1129 1816 1206 tissimamdomumlargissimisregiae
1834 1128 1992 1204 largitio-
2033 1191 2034 1194 ,

1183 1229 1235 1291 nis
1248 1228 1452 1300 muneribus,
1471 1227 1558 1288 unde
1570 1230 1637 1289 Deo
1648 1227 1778 1302 gratias
1794 1225 1991 1294 referimus,

1182 1326 1363 1388 honoraret
1388 1347 1406 1384 :·
1422 1340 1538 1386 verum
1566 1322 1651 1400 quod
1674 1323 1814 1398 segnius
1848 1321 1993 1382 invitant

1183 1422 1312 1484 animos
1327 1421 1545 1498 demissaper
1568 1434 1677 1492 aures,
1692 1435 1797 1496 quam
1823 1434 1910 1496 quae
1925 1423 1994 1478 sunt

1183 1519 1288 1580 oculis
1312 1519 1488 1580 commissa
1512 1516 1675 1588 fidelibus,
1692 1532 1781 1577 eumz
1796 1516 1855 1577 ad·
1867 1517 1993 1576 Sancta

1183 1618 1295 1678 Terrae
1309 1615 1540 1677 liberationem
1561 1613 1595 1675 in
1616 1629 1674 1690 spe
1697 1613 1830 1675 divinae
1848 1614 1994 1690 potesta-

1184 1713 1228 1776 tis
1242 1712 1453 1784 accessimus,
1466 1727 1541 1788 quae
1555 1711 1595 1772 de
1611 1713 1798 1772 memorata
1817 1709 1931 1770 domo
1945 1726 1996 1786 per

1162 1809 1319 1890 ¹odorem
1347 1808 1426 1870 boni
1444 1807 1599 1868 nominis
1616 1808 1649 1868 et
1673 1797 1857 1883 opinionis
1883 1806 1992 1866 illaese

376 1909 487 1969 Cuma
503 1907 599 1968 nobis
609 1905 742 1984 petitur,
758 1906 827 1965 eto..
838 1902 1034 1979 Eapropter,
1053 1900 1128 1970 eto,
1162 1917 1163 1920 ¹

1185 1903 1992 1984 perorbemberrarumrelationeperceperamns,

1185 2003 1256 2065 illic
1269 2004 1372 2064 tama
1396 2001 1658 2063 iratrednarino
1673 2001 1714 2062 de
1737 2002 1864 2062 Monte
1891 2003 1992 2068 acuto,

1186 2082 1992 2178 ejusdemsanctaedomnsvenerabilismagistro,

1186 2213 1285 2276 quam
1299 2213 1320 2257 a
1334 2195 1493 2258 iratribus
1505 2196 1642 2256 honeste
1657 2194 1895 2271 susceptibile
1916 2211 1992 2270 pere

1187 2295 1340 2373 perimus
1355 2293 1496 2356 oculata.
1505 2292 1683 2370 Siquidem
1697 2291 1746 2352 ibi
1757 2292 1935 2367 degentes
1946 2293 1991 2351 ri·

1187 2389 1799 2466 demusdiebussingulisinnumeram
1809 2405 1992 2466 pauperum

1187 2488 1430 2552 multitudinem
1442 2487 1606 2563 largifluis
1618 2487 1925 2563 eleemosynarum
1933 2503 1992 2548 ero

1186 2585 1374 2662 gationibus
1389 2584 1517 2657 satiari,
1535 2583 1648 2645 morbo
1660 2584 1770 2645 etiam
1785 2583 1994 2645 lacescentes

1186 2681 1347 2744 lectorum
1355 2680 1809 2758 molliumetcibormnoopia
1824 2681 1992 2742 etdeliciis

1186 2779 1375 2852 confoveri,
1401 2781 1605 2842 mortuorum
1630 2793 1785 2856 corpora,
1815 2778 1947 2840 debitis
1967 2779 1992 2839 in

1187 2877 1317 2940 tlhristo
1330 2876 1509 2954 persolutis
1524 2876 1731 2953 exsequiisa
1747 2875 1924 2938 iratribus
1935 2893 1995 2938 me·

1186 2975 1324 3037 moratae
1334 2972 1925 3050 domvrscumverreraticnesepeliri.
1934 2976 1992 3034 Nos

1187 3072 1339 3150 equidem
1354 3070 1464 3148 hujns:
1479 3069 1602 3132 sacrati
1617 3070 1753 3145 collegii
1775 3086 1852 3131 non
1872 3073 1992 3132 tantun

1187 3168 1337 3230 caritatis
1352 3167 1485 3239 affectu,
1497 3183 1612 3228 verum
1629 3167 1729 3227 etiam
1752 3181 1907 3228 numero
1924 3185 1993 3244 par-

1186 3265 1992 3342 ticiparevolentes,etuteorumcommunicare·

1186 3378 1262 3423 mur
1275 3362 1460 3434 consortio,
1468 3363 1504 3423 et
1522 3376 1725 3422 mereremur
1748 3362 1949 3423 orationum
1963 3367 1990 3422 et

1186 3458 1424 3522 beneficiorum
1434 3457 1706 3536 participesheri,
1716 3457 1988 3520 contr-eremitati

1187 3573 1301 3619 eorum
1320 3557 1367 3618 ita
1392 3573 1453 3618 nos
1475 3555 1694 3618 astrinximus
1715 3554 1855 3630 devote,
1875 3563 1914 3618 ut
1935 3561 1989 3618 tan

1187 3653 1986 3732 nosquamsnccessoresnostriproredemptione

1187 3751 1374 3814 animarum
1401 3751 1687 3828 praedecessorum.
1719 3753 1988 3821 nostrorumve
2033 3795 2034 3840 ,

1188 3850 1378 3912 nostrarum
1397 3849 1537 3924 singulis
1556 3848 1653 3909 annis
1679 3848 1856 3924 praedictae
1882 3849 1988 3910 domui
2033 3841 2034 3890 ἶ

1187 3947 1222 4008 in
1247 3945 1405 4024 obsequio
1425 3961 1607 4024 pauperum
1630 3946 1837 4023 quingentas
1862 3963 1986 4008 marcas

1188 4044 1318 4120 argenti
1331 4044 1365 4104 in
1378 4046 1571 4121 perpetuum
1583 4043 1623 4104 de
1636 4043 1859 4120 proventibus
1876 4045 1986 4105 salinn

1189 4139 1984 4204 nostroruminsalecbinPaschaconterr-emns

1188 4238 1374 4315 obligantes
1386 4239 1455 4300 tarn
1470 4238 1556 4299 tilios
1570 4239 1833 4314 nostros,.quam
1852 4255 1983 4300 succes·

1189 4351 1282 4398 sores
1304 4335 1447 4397 tiliorum
1471 4337 1671 4402 nostrorum,
1692 4339 1874 4412 sperantes
1896 4337 1987 4397 retri-

1188 4433 1358 4495 bulionem
1374 4432 1415 4494 ab
1437 4449 1487 4504 co,
1504 4432 1561 4510 qui
1583 4433 1619 4492 in
1634 4431 1759 4494 aeterna
1781 4431 1987 4494 beatitudine

1188 4530 1326 4608 praemia
1341 4545 1402 4607 pro
1413 4529 1509 4591 bonis
1520 4529 1632 4590 Beatis
1646 4528 1790 4590 reddere
1802 4531 1985 4590 consuevit

1188 4626 1353 4688 addentes
1368 4626 1479 4698 etiarn,
1497 4627 1533 4687 ut
1559 4625 1588 4685 si
1612 4624 1733 4703 aliquis
1754 4640 1988 4686 successorum

1189 4727 1378 4785 nostrorum
1413 4739 1499 4784 ausu
1539 4721 1719 4786 temerario
1758 4720 1986 4788 donationem.

1189 4837 1290 4900 quam
1321 4837 1380 4898 pro
1412 4821 1580 4882 communi
1614 4821 1803 4882 animarum
1848 4821 1990 4882 utilitate

1188 4919 1288 4995 digne
1315 4918 1354 4980 de
1375 4918 1590 4996 proventibus
1611 4916 1794 4994 regalibus,
1817 4919 1988 4978 communi

1189 5016 1329 5078 consilio
1349 5015 1537 5094 principum
1559 5016 1759 5086 nostrornm,
1783 5013 1846 5091 qui
1861 5019 1945 5076 tunc
1960 5017 1989 5074 ln

1188 5114 1249 5175 Dei
1276 5114 1413 5177 servitio
1441 5113 1614 5175 nobiscum
1647 5111 1863 5188 inpartibus
1891 5113 1991 5189 Syria

1189 5211 1387 5284 militabant,
1400 5209 1549 5284 lecimus,
1568 5210 1760 5285 intringere,
1783 5209 1842 5270 vel
1859 5211 1989 5271 auterre

1189 5325 1249 5370 seu
1272 5309 1457 5371 diminuere
1475 5309 1627 5380 voluerit,
1643 5305 1921 5370 maledictionem
1940 5307 1995 5368 bel

1166 5407 1299 5468 ‘Patris
1333 5407 1568 5484 omnipotentis
1598 5405 1631 5466 et
1661 5403 1752 5468 beati
1792 5405 1844 5481 pii
1886 5406 1996 5467 fratris

1189 5505 1295 5566 nostri
1323 5504 1431 5569 sancti
1464 5505 1496 5564 S.
1524 5503 1616 5578 regis
1651 5503 1714 5579 piae
1742 5502 1993 5565 recordationis

1189 5603 1222 5664 ot
1236 5603 1384 5666 nostram
1398 5600 1560 5663 incurrat.
1583 5599 1805 5677 praecipimus
1827 5602 1949 5674 etiarn,
1966 5605 1995 5660 ul
