4234 6408
184 321 187 332 ·
274 290 334 356 ³07
569 239 574 256 Ι
891 283 1068 345 HONORII
1089 281 1135 342 ΙΙΙ
1157 281 1306 343 OPERA.
1868 285 1930 346 303

273 450 368 514 tanto
383 446 492 512 studio
507 448 540 511 et
554 444 680 518 labore,
694 442 850 524 passagio
865 441 1070 516 imminente,
1126 439 1379 518 observandam,
1396 440 1499 519 etqui
1515 440 1729 519 acquiescere
1742 441 1827 506 forte
1843 460 1927 508 con-

276 549 372 628 11111
382 549 519 625 regione
529 544 717 622 albescente
727 543 768 604 ad
780 559 934 615 messem,
950 541 1072 604 astutia
1126 541 1322 613 temnerent,
1337 551 1397 618 per
1410 539 1791 603 excommunicationem
1803 541 1838 604 in
1851 559 1930 620 per-

276 645 441 709 diabolica
462 645 645 708 retrorsum
666 642 821 704 videatur
841 641 1005 713 converti,
1030 657 1072 702 ne
1127 655 1237 712 sonas,
1262 641 1295 702 et
1315 637 1528 701 interdictum
1550 639 1586 700 in
1608 638 1719 701 terras
1741 641 1928 704 arctissime

276 742 458 806 ascendant
477 741 510 802 11
530 739 691 818 palmam,
715 739 748 802 et
769 739 928 815 colligant
945 737 1072 800 fructus
1127 737 1339 815 cogerentur,
1365 737 1431 798 nisi
1457 737 1550 799 tanta
1577 739 1667 800 esset
1689 737 1929 818 injuriatorum

275 845 363 920 ejus;
385 839 537 919 quodque
556 855 617 901 nos
636 838 744 915 magis
763 839 873 900 movet
892 854 931 900 ac
947 836 1071 910 turbat,
1126 836 1254 900 malitia
1262 836 1348 914 quod
1361 836 1425 914 ipsi
1437 835 1497 898 tali
1510 851 1577 898 111
1588 835 1835 915 deberentpace
1844 855 1930 915 gau-

275 938 493 1002 ecclesiarum
522 936 651 1017 praelati
675 936 825 999 videntes
847 936 910 998 hoc
934 934 1070 1007 malum,
1127 935 1216 997 dere.
1233 935 1325 996 Licet
1337 933 1440 1011 igitur
1454 933 1562 996 dictus
1578 935 1724 997 Erardus
1741 952 1816 999 curn
1836 953 1930 1000 com-

276 1051 343 1098 111
363 1035 470 1096 solum
491 1050 557 1095 non
572 1032 717 1095 habeant
736 1047 778 1094 er
799 1029 863 1092 hoc
882 1030 1019 1104 luctum,
1040 1031 1073 1093 et
1127 1033 1269 1112 plicibus
1305 1033 1339 1095 et
1369 1032 1616 1111 coadjutoribus
1645 1032 1733 1108 suis,
1771 1033 1858 1097 siout
1885 1051 1929 1097 ex

276 1133 383 1196 eidem
396 1133 494 1210 prout
505 1132 545 1193 ad
557 1147 672 1194 eorum
683 1129 827 1192 odicium
837 1129 992 1208 pertinet,
1006 1143 1073 1189 non
1127 1131 1247 1194 litteris
1271 1131 1384 1193 dilecti
1413 1131 1475 1192 1111
1499 1132 1606 1194 nostri
1630 1130 1753 1193 nobilis
1781 1133 1847 1195 viri
1876 1136 1926 1207 0.,

276 1232 431 1295 11111111
445 1230 597 1308 obviare;
616 1245 733 1292 verum
748 1229 848 1291 etiam
866 1228 952 1291 sicut
972 1243 1072 1290 acce·
1128 1230 1221 1292 ducis
1243 1229 1456 1306 Burgundiae,
1482 1229 1720 1305 crucesignati,
1743 1230 1839 1292 nobis
1865 1231 1923 1292 in-

274 1329 396 1409 pimus,
417 1329 551 1407 quidam
574 1345 689 1390 eorum
710 1327 801 1390 tanto
821 1327 909 1388 malo
931 1325 1074 1388 incenti-
1127 1328 1245 1402 notuit,
1260 1329 1385 1391 terram
1400 1327 1530 1389 comitis
1542 1328 1718 1390 memorati
1730 1345 1837 1406 nuper
1846 1329 1927 1392 hos-

274 1442 353 1491 vum
382 1429 491 1506 potius
523 1425 672 1491 tribuant
702 1427 736 1489 et
760 1425 952 1488 lomentum.
987 1423 1072 1486 Olim
1126 1427 1231 1490 tiliter
1245 1427 1387 1499 intrans,
1409 1426 1571 1504 quasdam
1585 1425 1684 1488 villas
1698 1426 1853 1489 incendio
1869 1427 1929 1490 de·

275 1541 357 1588 1111
371 1525 479 1589 felicis
488 1525 729 1589 recordationis
747 1523 962 1586 Innocentius
973 1538 1071 1600 papa,
1127 1525 1310 1587 vastaverit
1322 1524 1354 1586 et
1366 1524 1569 1586 mercatores
1580 1525 1696 1587 euntes
1707 1524 1749 1586 ad
1760 1525 1926 1587 nundinas

273 1625 502 1703 praedecessor
532 1624 655 1696 noster,
679 1624 794 1685 volens
822 1621 1072 1683 imminentibus
1127 1624 1163 1684 in
1185 1623 1289 1684 strata
1309 1621 1442 1700 publica
1466 1620 1567 1684 inerit
1584 1622 1805 1699 depraedatus,
1829 1639 1926 1684 eum·-

274 1722 434 1802 periculis
456 1723 603 1796 obviare,
625 1722 737 1784 audito
759 1719 846 1798 quod
866 1718 1010 1782 nrardus
1032 1718 1073 1780 de
1128 1721 1202 1782 dem
1217 1721 1370 1783 comitem
1386 1721 1423 1783 et
1434 1720 1559 1782 terram
1575 1736 1668 1781 suam
1685 1719 1844 1783 infestare
1858 1737 1925 1783 non

275 1821 395 1894 Brena,
418 1822 471 1883 cui
486 1837 546 1898 per
567 1820 690 1882 sanciae
713 1819 881 1880 memoriae
901 1816 1073 1880 hibertum
1127 1835 1273 1892 cessans,
1290 1835 1479 1898 quanquam
1501 1817 1623 1881 dilecta
1642 1819 1678 1881 in
1695 1819 1826 1882 Christo
1855 1819 1925 1882 illia

274 1920 591 1998 ierosolymitanum
620 1917 845 1997 patriarcham
880 1915 1073 1976 solemniter
1127 1919 1154 1979 B
1173 1915 1323 1998 (lancha)
1339 1917 1520 1990 comitissa,
1536 1918 1644 1980 mater
1660 1915 1765 1994 ipsius
1780 1917 1921 1991 comitis,

275 2015 401 2078 iecerat
421 2017 591 2090 interdici,
617 2033 659 2077 ne
683 2033 758 2078 cum
777 2014 948 2091 Philippa,
974 2029 1072 2091 quam
1128 2033 1201 2094 quae
1220 2015 1359 2077 ballium
1379 2015 1466 2093 gerit
1482 2016 1647 2094 ejusdem,
1669 2015 1786 2093 parata
1807 2014 1925 2078 11111-

275 2129 387 2176 comes
402 2115 567 2193 quondam
582 2115 747 2176 Henricus
765 2112 805 2174 de
825 2112 944 2190 copula
963 2112 1074 2173 inces-
1128 2114 1271 2176 cundum
1284 2113 1499 2193 approbatam
1514 2113 1608 2190 regni
1622 2115 1827 2176 Francorum
1842 2129 1926 2175 111-

274 2212 370 2274 11111
396 2214 601 2290 susceperat,
625 2211 823 2274 contrahere
844 2210 1071 2287 praesumeret,
1128 2213 1337 2276 suetudinem
1356 2215 1445 2274 stare
1460 2211 1542 2290 Juri,
1563 2211 1642 2274 dicti
1661 2212 1774 2273 tamen
1792 2211 1927 2273 archie-

276 2325 353 2372 cum
372 2310 458 2372 sicut
479 2309 653 2388 acceperat
667 2309 783 2370 eadem
797 2309 905 2386 ipsum
921 2307 1073 2385 proxima
1128 2311 1254 2388 piscopi
1268 2312 1301 2375 et
1315 2309 1463 2388 episcopi
1478 2310 1545 2371 tam
1561 2311 1762 2387 praeceptum
1777 2309 1925 2388 ejusdem

276 2408 575 2485 consanguinitatis
594 2408 684 2470 linea
704 2405 920 2482 contingeret,
945 2405 979 2468 et
1001 2405 1072 2482 ipse
1127 2409 1383 2487 praedecessoris
1396 2408 1501 2471 nostri
1513 2409 1546 2470 et
1556 2407 1718 2480 nostrum,
1731 2423 1830 2484 quam
1843 2423 1925 2469 con-

273 2505 500 2584 praedecessor
525 2506 637 2568 noster
660 2504 867 2566 mandaverit
891 2503 993 2565 testes
1018 2519 1074 2564 re-
1128 2507 1330 2570 stitutionem
1349 2506 1481 2585 praeiati
1499 2505 1639 2567 concilii
1656 2506 1824 2583 generalis
1845 2520 1925 2567 sur-

276 2603 343 2680 cipi
366 2619 467 2680 super
490 2603 779 2680 consanguinitate
807 2591 984 2679 praedicta,¹
1009 2617 1072 2662 cu·
1127 2603 1182 2666 dis
1197 2604 1333 2667 auribus
1357 2604 1578 2674 transeuntes
1599 2619 1666 2665 non
1687 2605 1815 2666 tantum
1830 2601 1925 2680 'prae-

274 2701 413 2779 piditate
439 2701 614 2764 ambitiosa
638 2701 781 2763 caecatus
810 2699 959 2762 eamdem
986 2698 1072 2760 Phi·
1127 2703 1207 2766 dicti
1219 2703 1336 2765 Erardi
1350 2703 1384 2765 et
1398 2701 1566 2764 lautorum
1579 2699 1690 2778 ipsius
1701 2701 1923 2763 temeritatem

274 2797 399 2877 lippam
428 2799 492 2862 sibi
521 2799 724 2862 clandestine
753 2798 942 2876 copularat,
974 2797 1007 2858 et
1032 2795 1072 2858 de
1127 2802 1160 2863 et
1174 2802 1351 2875 malitiam,
1369 2801 1455 2863 11111
1467 2798 1600 2872 1111111,
1616 2814 1683 2860 non
1699 2801 1922 2877 compescunt,

275 2898 425 2974 partibus
449 2899 582 2960 rediens
608 2896 843 2961 transmarinis
869 2896 904 2982 11
932 2911 1071 2972 regnum
1127 2900 1185 2960 sed
1195 2901 1228 2963 et
1240 2899 1374 2978 quidam
1389 2899 1549 2977 ipsorum,
1562 2896 1649 2976 quod
1663 2913 1765 2974 grave
1777 2897 1924 2974 gerimus

276 2997 427 3058 Franciae
450 2997 625 3059 festinaret
648 2995 818 3066 accedere,
846 2994 883 3056 ut
908 2994 937 3055 si
960 2992 1073 3071 posset
1127 2999 1160 3061 et
1174 2998 1359 3070 molestum,
1376 2996 1500 3058 omissa
1515 2995 1716 3074 pontificalis
1731 2995 1832 3057 officii
1846 3011 1925 3071 gra.

275 3093 421 3157 schisma
440 3098 556 3158 contra
571 3094 726 3156 dilectum
743 3093 847 3154 lilium
861 3091 1005 3154 nobilem
1015 3091 1072 3153 vi·
1126 3096 1248 3169 vitate,
1271 3095 1479 3157 ambulantes
1503 3093 1685 3156 secundum
1712 3109 1862 3166 carnem,
1892 3094 1927 3156 et

274 3208 349 3254 rum
368 3193 593 3256 Theobaldum
608 3192 797 3269 campaniae
820 3190 972 3252 comitem
993 3205 1070 3250 sus·
1127 3194 1250 3256 luctum
1274 3194 1406 3256 viarum
1431 3193 1512 3254 Sion
1538 3192 1696 3254 ducentes
1720 3207 1781 3269 pro
1804 3191 1922 3264 nihile,

275 3290 404 3362 citaret,
417 3307 484 3354 non
495 3292 601 3353 solum
614 3291 646 3352 11
659 3305 761 3367 grave
772 3288 965 3350 scandalum
975 3287 1072 3364 regni
1127 3293 1235 3354 eidem
1249 3291 1413 3353 auxilium
1423 3289 1574 3353 tribuunt
1588 3291 1621 3352 et
1633 3287 1792 3360 levorem,
1806 3290 1873 3367 qui,
1890 3289 1925 3352 11

274 3391 434 3467 ejusdem,
451 3389 681 3452 verumetiam
696 3389 731 3450 in
746 3403 848 3465 grave
863 3386 1071 3464 dispendium
1127 3391 1167 3452 de
1192 3389 1359 3468 predictis
1382 3389 1567 3452 rationibus
1590 3390 1771 3462 taceamus,
1794 3389 1924 3450 ratione

273 3489 385 3550 Terrae
401 3486 804 3565 Sanctae3venerabilibus
820 3483 978 3546 iratribus
993 3499 1073 3576 nos·
1127 3489 1274 3566 homagii
1298 3488 1385 3566 quod
1406 3487 1605 3565 receperunt
1627 3486 1668 3548 ab
1692 3502 1743 3560 eo,
1767 3487 1924 3551 deberent

273 3585 336 3648 tris
351 3587 622 3665 archiepiscopis,
639 3588 672 3648 et
686 3583 851 3662 episcopis
872 3582 967 3659 regni
984 3597 1073 3659 pras-
1126 3587 1277 3649 eumdem
1289 3587 1441 3649 comitem
1454 3585 1639 3646 defensare.
1651 3585 1812 3663 Adjunxit
1823 3585 1923 3646 etiam

274 3682 333 3746 sati
352 3685 550 3762 Apostolicis
571 3683 661 3746 dedit
682 3682 804 3744 litteris
823 3681 859 3742 in
883 3680 1069 3759 praeceptis,
1127 3685 1213 3746 idem
1231 3685 1310 3759 dux,
1327 3683 1413 3762 quod
1432 3683 1499 3745 nisi
1518 3682 1598 3745 huic
1614 3684 1729 3746 morbo
1748 3683 1846 3745 citius
1862 3699 1925 3761 ap-

273 3781 309 3843 ut
324 3781 446 3843 dictum
461 3782 638 3854 Erardum,
659 3783 763 3842 Deum
785 3795 854 3857 prae
875 3778 980 3840 oculis
1004 3777 1071 3839 ha·
1126 3784 1269 3861 ponatur
1299 3782 1502 3854 remedium,
1534 3781 1608 3859 plus
1640 3797 1741 3859 quam
1775 3781 1921 3844 creditur

272 3877 398 3951 bentes,
414 3879 544 3941 sublato
557 3877 734 3956 cujuslibet
748 3876 1024 3939 contradictionis
1037 3876 1070 3938 et
1125 3883 1237 3943 Terrae
1245 3881 1375 3943 Sanctae
1384 3879 1584 3958 impedietur
1593 3895 1782 3952 succursus,
1790 3879 1923 3957 eoquod

272 3977 507 4054 appellationis
528 3975 709 4049 obstaculo,
732 3991 793 4052 per
814 3990 990 4036 censuram
1010 3989 1070 4034 ec·
1126 3995 1169 4040 ex
1183 3979 1374 4057 hujusmodi
1388 3993 1520 4054 guerra,
1535 3993 1602 4038 non
1617 3976 1723 4055 ipsius
1739 3977 1772 4039 et
1786 3993 1923 4040 suornm

272 4074 493 4139 clesiasticam
519 4073 781 4154 compescerent,
808 4073 837 4134 si
858 4071 943 4134 forte
970 4087 1071 4133 occa·
1126 4077 1302 4150 duntaxat,
1329 4075 1401 4155 qui,
1434 4076 1520 4138 sicut
1541 4075 1676 4149 asserit,
1702 4076 1837 4153 propter
1859 4075 1923 4137 hoc

271 4173 364 4237 sione
374 4175 567 4253 praescripta
578 4173 794 4252 praesumeret
804 4169 1000 4246 malignari;
1016 4185 1071 4230 cu·
1126 4176 1226 4238 etiam
1247 4175 1287 4236 de
1306 4173 1457 4251 partibus
1477 4173 1712 4235 transmarinis
1732 4173 1858 4236 rediret
1879 4172 1921 4235 ad

268 4276 325 4354 jus
346 4290 406 4335 nos
421 4273 574 4350 vestigiis
589 4270 803 4344 inhaerentes,
822 4284 864 4330 ne
879 4267 1070 4346 hujusmodi
1126 4273 1261 4353 propria
1284 4271 1495 4344 festinanter,
1520 4287 1594 4332 cum
1617 4272 1689 4333 tum
1709 4271 1840 4334 ratione
1859 4271 1923 4333 ho-

272 4373 448 4434 occasione
462 4373 574 4449 posset
583 4371 731 4450 ejusdem
739 4371 852 4430 Terrae
861 4365 991 4428 Sanctae
1006 4365 1072 4428 im·
1126 4373 1221 4434 minii
1238 4371 1411 4449 quoidam
1432 4383 1542 4431 comes
1562 4369 1628 4430 sibi
1647 4369 1781 4432 tenetur
1802 4370 1923 4431 111111-

271 4470 379 4549 pediri
392 4485 582 4540 succursus,
599 4470 714 4530 contra
728 4467 851 4528 dictum
864 4465 1025 4526 Erardum
1038 4465 1071 4528 et
1124 4472 1189 4544 tus,
1205 4471 1275 4533 tum
1296 4469 1430 4547 propter
1444 4468 1672 4546 juramentum
1685 4468 1771 4545 quod
1790 4467 1860 4545 ipse
1878 4467 1920 4528 de

273 4568 422 4629 eamdem
437 4566 625 4642 Philippam
640 4563 787 4642 praelatis
809 4561 1070 4639 archiepiscopis
1124 4570 1183 4631 illo
1190 4567 1339 4647 juvando
1354 4582 1414 4643 pro
1426 4564 1553 4626 viribus
1566 4565 1731 4642 praestitit,
1743 4567 1812 4627 tum
1824 4579 1921 4642 prop-

272 4665 305 4726 et
319 4663 483 4741 episcopis
500 4677 608 4739 nuper
625 4661 827 4739 praeceptum
846 4659 954 4722 simile
969 4676 1069 4722 reco-
1123 4668 1176 4731 ter
1198 4662 1479 4728 necessitudinem
1505 4663 1680 4739 sanguinis
1709 4663 1816 4726 eidem
1840 4662 1923 4724 ulla-

273 4761 372 4823 limus
388 4761 563 4822 direxisse.
580 4763 617 4821 In
637 4757 786 4836 generali
801 4775 931 4836 quoque
946 4759 1069 4820 Conci·
1124 4767 1220 4829 tenus
1241 4762 1357 4824 deesse
1380 4777 1447 4822 non
1472 4761 1592 4838 possit,
1619 4761 1652 4823 et
1676 4760 1785 4823 dictus
1811 4777 1922 4823 comes

272 4861 330 4935 lic,
362 4858 517 4938 qnoniam
544 4858 585 4921 ad
619 4857 729 4920 crucis
764 4857 933 4933 negotium
966 4871 1069 4919 erse·
1124 4862 1350 4926 defensionem
1365 4859 1576 4922 etauxilium
1596 4859 1761 4921 instanter
1776 4860 1922 4937 postulat

272 4959 439 5039 quendum
460 4957 512 5020 est
532 4955 738 5036 permaxime
765 4955 1008 5029 necessarium,
1033 4955 1070 5016 ut
1124 4961 1166 5023 ab
1186 4960 1313 5032 eodem,
1333 4956 1921 5032 11111111111111111111,111111

273 5058 440 5137 principes
465 5057 498 5118 et
522 5054 636 5134 populi
659 5052 834 5116 christiani
859 5053 901 5114 ad
927 5053 1069 5115 invicem
1124 5061 1226 5123 etiam
1242 5057 1389 5121 omnium
1404 5055 1567 5117 baronum
1581 5055 1675 5132 regni
1696 5057 1847 5118 Franciae
1864 5056 1921 5133 qui

272 5173 387 5236 pacem
401 5155 587 5227 observent,
603 5151 817 5230 providaiuit
830 5151 1070 5213 deliberatione
1126 5159 1304 5221 affixerunt
1327 5155 1397 5216 suis
1423 5153 1571 5216 humeris
1595 5153 1727 5230 signum
1748 5155 1868 5226 crucis,
1890 5155 1923 5216 et

273 5256 446 5326 statutum,
470 5254 507 5316 ut
530 5252 646 5313 saltem
671 5265 732 5327 per
750 5249 1006 5327 quadriennium
1034 5249 1069 5309 in
1125 5257 1182 5335 qui
1213 5255 1322 5318 adhuc
1353 5252 1387 5314 id
1414 5253 1523 5330 ipsum
1546 5250 1669 5312 habent
1694 5251 1728 5312 in
1752 5251 1922 5329 proposito

272 5354 341 5418 toto
357 5352 437 5416 orbe
451 5349 635 5413 christiano
655 5363 721 5425 pax
735 5345 938 5423 generaliter
954 5361 1071 5409 serva·
1126 5351 1449 5431 faciendi,quoniam
1468 5363 1589 5426 guerra
1607 5349 1671 5410 ista
1691 5349 1804 5426 plures
1822 5365 1922 5427 quarn

272 5453 380 5524 retur,
406 5451 451 5512 ita
476 5447 562 5527 quod
587 5462 646 5524 ner
667 5444 885 5507 ecclesiarum
912 5443 1069 5522 praelaios
1125 5453 1295 5515 estimetur
1319 5449 1474 5520 involvet,
1482 5446 1516 5508 et
1536 5446 1676 5523 pecunia
1694 5462 1754 5523 pro
1768 5446 1921 5510 votorum

273 5546 501 5610 discordantes
526 5543 764 5607 reducerentur
789 5541 830 5603 11
854 5541 988 5619 plenam
1009 5557 1070 5618 pa·
1123 5550 1320 5615 executione
1334 5546 1450 5624 parata
1465 5545 1499 5607 in
1513 5543 1759 5621 expugnatione
1772 5543 1919 5613 hostium

274 5661 346 5710 cem
379 5643 437 5707 eut
469 5643 598 5706 firmam
637 5642 786 5718 treugam
829 5637 1068 5704 inviolabiliter
1126 5648 1234 5713 crucis
1256 5643 1378 5708 Christi
1401 5643 1614 5707 consumetur
1631 5639 1679 5722 [in
1694 5640 1917 5720 vituperatio-
