4162 6424
413 189 472 250 roe
1037 181 1212 246 nonoun
1235 180 1279 242 111
1302 179 1450 240 oreon.
1823 143 1828 150 ’
1971 188 2000 245 u

452 348 670 426 Quumjuxta
683 345 871 409 sanctiones
887 341 1210 416 canonicasaliena·
1638 341 1703 432 GC

411 443 520 509 tiones
546 446 580 508 et
604 442 838 522 dispositiones
865 455 977 503 rerum
1001 439 1208 504 ecclesiasti-
1414 489 1420 502 .
1615 501 1628 519 ⁴
1889 489 1894 500 .

412 557 543 615 carum,
571 557 645 619 quae
671 540 754 602 iiunt
779 537 959 616 aliquando
989 537 1031 600 ab
1059 535 1207 608 intrusis,
1265 483 1732 646 Admpmffiussctsshatacs
1746 485 1999 644 mmmm

413 633 538 701 nullius
557 637 691 716 penitus
717 637 784 698 sini
807 635 976 708 momenti,
1000 635 1033 698 et
1050 633 1210 713 reprobus
1291 645 1292 648 ’
1482 599 1504 644 a
1540 599 1571 644 ω
1634 597 1683 716 ef‘
1699 597 1746 644 ⁰⁷²
1842 598 1883 643 m'

413 736 646 797 walderamus
677 734 781 796 multa
819 733 860 796 de
890 731 987 796 bonis
1018 731 1209 794 Bremensis
1556 703 1689 778 198ΡΝΙ·
1707 702 1787 762 ¹²¹⁸·

413 831 563 898 ecclesiae
578 831 744 897 alienasse
759 831 900 902 dicatur,
917 829 1132 908 presentium
1150 844 1211 891 ro·
1387 809 1517 878 [ricinos
1528 810 1596 862 ¹⁰¹¹·
1606 809 1761 874 anagnie,
1772 811 1791 868 ¹·
1805 809 1842 869 ¹²·
1852 811 1927 876 Μ]

412 924 464 990 bis
486 923 683 992 auctoritate
705 928 912 1000 mandamus,
935 927 1098 1004 quatenus
1112 927 1210 1005 quid·
1263 918 1416 980 &urascio
1442 917 1618 976 decimarum
1647 917 1679 974 in
1697 923 1775 974 terra
1788 917 1997 995 amarentur

412 1028 490 1104 quid
508 1026 550 1088 ab
567 1026 682 1088 eodem
697 1025 908 1087 walderamo
924 1023 1120 1088 intrusionis
1139 1039 1209 1086 suae
1423 1005 1610 1064 Tfflflsfllfflw
1621 1001 1703 1062 lacta
1714 1003 1897 1063 fflssfifffllilf·

412 1128 560 1201 tempore
583 1123 776 1197 alienatum,
802 1121 1008 1186 infeudatum
1030 1137 1090 1184 seu
1111 1120 1210 1199 impi-
1304 1111 1471 1176 Honorius
1487 1113 1667 1191 episcopus
1682 1120 1995 1186 serrasserroruubei,

413 1224 588 1298 gneratum
613 1235 687 1284 esse
712 1220 908 1292 constiterit,
935 1219 1050 1296 adjus
1074 1219 1107 1280 et
1131 1203 1211 1296 pro*-
1264 1210 1395 1275 dilooiis
1420 1209 1537 1275 tiliis...
1568 1209 1746 1287 magistris
1767 1209 1995 1276 etliatribusloe

412 1319 587 1398 prietatem
606 1319 757 1380 ecclesiae
777 1316 988 1394 supradictae,
1011 1315 1209 1378 subiato'cu·
1263 1308 1378 1389 pitelis
1392 1309 1522 1371 Sanctae
1537 1305 1658 1370 Mariae
1673 1307 1995 1371 Theutonicoruuten

408 1416 547 1495 juslibet
583 1414 857 1478 conuadictionis
902 1414 936 1476 et
975 1412 1209 1492 appellationis
1265 1405 1466 1484 solymitani,
1494 1405 1699 1468 salutemet
1728 1403 1922 1482 apostolicam
1937 1405 1995 1468 lere

412 1512 598 1585 obstaculo,
630 1513 778 1588 legitime
811 1511 991 1583 revocetis,
1022 1509 1211 1573 contradic·
1264 1503 1453 1566 dictionem.

410 1615 500 1674 tores
525 1624 788 1688 percensuram
821 1608 1084 1672 ecclesiasticam
1114 1622 1208 1670 com-
1306 1603 1441 1674 Quuma
1454 1598 1702 1678 nobispetiiur,
1718 1600 1805 1663 etc...
1821 1600 1993 1674 reponeba-

411 1708 585 1786 pescendo.
600 1705 694 1780 Quod
708 1707 738 1767 si
753 1721 820 1768 non
838 1721 955 1768 omnes
970 1705 1013 1767 iis
1028 1719 1211 1783 exsequen-
1263 1699 1345 1762 tum.
1368 1699 1474 1770 Quum
1489 1695 1593 1774 igitur
1606 1693 1815 1758 venerabilis
1832 1694 1919 1756 irater
1931 1699 1993 1755 noste

412 1805 462 1867 dis
477 1804 651 1884 potueritis
665 1804 841 1876 interesse,
867 1803 905 1865 tu
918 1802 1022 1866 irater
1042 1802 1208 1880 episcope,
1264 1795 1318 1856 W.
1347 1790 1591 1857 Uitrasilranus
1627 1791 1823 1871 episcopus,
1849 1791 1990 1853 considere

414 1918 488 1963 curn
517 1917 632 1964 eorum
664 1900 771 1964 altero
800 1915 840 1963 ea
867 1899 1085 1964 nihilominus
1112 1915 1211 1962 cxso-
1264 1891 1414 1971 pericula
1437 1893 1470 1954 et
1496 1890 1641 1962 labores,
1659 1905 1745 1968 quos
1760 1889 1874 1951 terram
1891 1889 1921 1948 de
1934 1891 1989 1948 hom

413 1999 538 2075 quaris.
1264 2005 1405 2052 vacuam
1416 1991 1450 2053 et
1463 1987 1688 2050 inhabitatam
1704 1986 1797 2050 robis
1812 1985 1987 2049 auarissinoh

454 2095 573 2157 Datum
598 2095 767 2168 laterani,
787 2096 818 2156 11
835 2094 911 2157 idus
930 2093 1060 2173 aprilis,
1076 2093 1211 2172 pontiti-
1265 2087 1396 2149 Christo
1414 2085 1612 2148 illionostro
1630 2083 1769 2147 Andrea
1783 2098 1856 2161 rege
1876 2085 1987 2156 llorgur

414 2193 508 2254 catus
521 2191 628 2255 nostri
641 2207 730 2256 anno
745 2191 902 2254 secundo.
1264 2201 1339 2247 rum
1354 2184 1487 2256 illustri,
1502 2183 1544 2245 ad
1570 2185 1670 2262 cujus
1695 2180 1868 2244 dominium
1886 2179 1986 2256 pertine

1265 2279 1483 2359 dignoscitur,
1495 2281 1588 2358 regia
1601 2279 1804 2342 liberalitate
1817 2277 1947 2346 collam,
1956 2274 1985 2332 le

712 2341 908 2430 CXCVIII
1265 2378 1428 2442 tendendo
1444 2395 1464 2440 a
1479 2393 1690 2457 paganorum
1705 2374 1882 2438 incursibus
1898 2372 1983 2433 surbre-

425 2477 477 2536 Λα
485 2474 716 2550 prepositum
727 2476 762 2536 ct
775 2477 944 2536 moenum
956 2477 1194 2538 Bremenscm.
1264 2477 1318 2548 tis,
1335 2475 1480 2538 decimas
1494 2475 1600 2553 ipsius
1611 2476 1714 2537 terrae
1725 2472 1766 2534 ah
1777 2475 1843 2550 ejus
1856 2468 1943 2530 meniis
1952 2469 1983 2524 tu

700 2587 734 2646 lt
747 2586 828 2660 april.
841 2587 920 2646 itit.
1264 2572 1384 2635 tuturis
1425 2589 1524 2651 quam
1561 2569 1786 2650 praesentibus
1821 2561 1982 2629 exsolvenda,

492 2691 1125 2760 [rappenberhhemburpiehuununhmsuah
1265 2685 1392 2732 necnon
1429 2669 1462 2731 et
1498 2669 1660 2732 ecclesias
1694 2663 1890 2730 aedificandas
1917 2658 1983 2718 ihihu

724 2777 744 2822 ί·
760 2773 781 2832 Ι,
797 2772 903 2838 pecu]
1264 2767 1376 2829 domui
1390 2768 1509 2828 vestrae
1522 2767 1563 2828 de
1576 2781 1748 2828 consensu
1763 2759 1883 2840 capituli
1897 2757 1932 2818 eui
1942 2767 1982 2814 cor

411 2869 541 2940 inhibet,
562 2884 599 2928 ne
623 2868 856 2941 archiepiscopus
881 2869 1045 2927 bremensis
1067 2868 1206 2939 decimas,
1264 2865 1414 2938 cesserit,
1424 2863 1562 2926 decimis
1576 2865 1811 2940 Hungarorum
1821 2853 1980 2920 etsiculouu.

447 2959 586 3016 cometiae
609 2961 638 3016 et
666 2957 830 3015 advocatias
859 2956 895 3015 ad
909 2957 1039 3029 eiusdem
1056 2958 1208 3016 ecclesium
1264 2961 1293 3023 si
1313 2977 1370 3026 eos
1391 2962 1571 3025 addictam
1587 2963 1716 3023 terram
1738 2955 1869 3022 transire
1880 2949 1980 3020 continu

446 3047 623 3120 pertinentes
633 3045 717 3105 alicui
728 3044 857 3118 assignet
871 3045 900 3102 in
915 3039 1065 3102 lendum...
1264 3059 1325 3133 ret,
1341 3061 1374 3121 et
1397 3057 1657 3137 praesentatione
1677 3055 1804 3120 anobis
1823 3051 1858 3113 de
1874 3045 1980 3127 presbit·

452 3153 620 3215 Honorius
655 3149 851 3232 episcopus,
885 3169 1002 3216 servus
1036 3169 1209 3217 serrorum
1264 3159 1311 3218 ris
1327 3155 1542 3219 instituendis
1556 3155 1592 3218 in
1615 3155 1702 3234 ipsis
1724 3150 1863 3215 ecclesiis
1879 3138 1978 3206 iaciente
2009 3205 2010 3228 χ

411 3249 629 3323 Dehdilectis
649 3249 728 3312 tiliis
749 3251 938 3329 praeposito,
960 3250 1086 3314 decano
1105 3254 1138 3314 et
1151 3267 1210 3314 oa-
1264 3268 1392 3316 necnon
1399 3252 1615 3332 juridictione
1631 3264 1806 3316 causarum
1818 3237 1978 3309 cuninahn
2009 3271 2010 3280 ,

410 3349 516 3427 pitulo
525 3348 707 3422 bremensi,
722 3349 863 3411 salutem
874 3351 907 3411 ot
918 3349 1135 3426 apostolicam
1149 3348 1210 3411 be-
1264 3368 1337 3430 quae
1348 3351 1389 3413 ad
1403 3351 1651 3414 destitutionem
1661 3346 1824 3428 pertinent
1833 3335 1978 3402 sacerdotum

410 3445 644 3509 relictionem.
1263 3449 1496 3526 procuratione
1511 3464 1644 3533 quoque
1653 3448 1753 3526 juxta
1770 3441 1888 3504 iorman
1899 3424 1980 3531 anori-

446 3543 557 3616 ¹Quum
567 3542 603 3604 in
612 3543 725 3605 multis
735 3541 845 3606 vestra
856 3543 900 3606 sit
910 3543 1056 3622 collapsa
1065 3543 1207 3606 ecclesia
1263 3561 1335 3608 cam
1350 3547 1531 3618 moderata,
1546 3545 1575 3608 si
1590 3543 1721 3608 eumad
1736 3541 1838 3620 partes
1849 3533 1978 3596 illasrenn

409 3657 470 3720 per
492 3639 670 3718 reprobum
690 3641 956 3714 waldemarum,
983 3656 1044 3703 nos
1067 3643 1207 3720 paterna
1263 3643 1481 3722 contingeret,
1499 3642 1564 3705 sibi
1588 3657 1628 3704 ac
1653 3641 1724 3702 suis
1743 3624 1977 3720 successoribus

408 3738 558 3800 volentes
573 3735 915 3800 eidemsoilicitudino
927 3738 1115 3815 providere,
1132 3753 1209 3800 auo·
1263 3740 1404 3802 servatis
1421 3763 1428 3802 :
1446 3756 1506 3802 nos
1525 3739 1648 3802 vestris
1668 3736 1780 3817 justis
1790 3724 1911 3810 precibus
1921 3712 1976 3776 inci·

409 3834 544 3896 toritate
560 3833 773 3910 praesentium
792 3835 916 3897 vestris
930 3833 1083 3897 inclinati
1099 3835 1209 3913 preci·
1263 3837 1344 3909 nati,
1361 3837 1611 3898 concessionem
1635 3835 1753 3913 ipsam,
1769 3827 1846 3891 sicut
1856 3816 1976 3908 pincipio

410 3930 472 3992 bus
495 3929 695 4003 inhibemus,
723 3946 767 3991 ne
787 3927 1058 4010 archiepiscopus
1084 3933 1204 4004 vester,
1262 3934 1338 3995 vide
1362 3933 1525 4006 recteest,
1542 3935 1575 3995 et
1598 3933 1633 3994 in
1649 3931 1754 4009 ipsius
1773 3913 1895 4002 epistol)i
1908 3907 1974 3968 finem
2009 3953 2010 3990 l

411 4027 467 4106 qui
487 4042 546 4104 pro
572 4029 721 4104 tempore
735 4025 846 4099 luerit,
861 4027 1018 4099 decimas,
1035 4029 1204 4102 cometiae,
1263 4047 1364 4108 super
1386 4032 1449 4093 boc
1463 4031 1560 4092 lactis
1576 4031 1707 4107 plenius
1726 4001 1971 4100 conuncupari?
2009 4043 2010 4090 3

410 4127 443 4189 et
457 4125 647 4188 advocatias
658 4124 699 4188 ad
714 4123 907 4202 praediotum
920 4125 1094 4188 ecclesiam
1103 4127 1208 4205 perti-
1262 4127 1360 4190 ritate
1375 4127 1565 4205 apostolica
1585 4127 1814 4189 confirmamus
1827 4113 1855 4176 et
1865 4095 1971 4186 prasenti
2009 4163 2010 4174 ,

409 4223 537 4296 nentes,
553 4237 655 4300 quum
669 4237 728 4286 eas
742 4237 864 4285 vacare
877 4223 1065 4300 contigerit,
1076 4223 1207 4286 indam-
1262 4225 1379 4303 scripti
1411 4224 1596 4302 patrocinio
1621 4216 1858 4287 communimus·
1889 4199 1972 4300 Quill
2009 4221 2010 4300 p

409 4336 489 4382 num
500 4319 607 4398 ipsius
620 4320 771 4383 ecclesiae
795 4320 899 4383 alicui
914 4321 1062 4398 assignet
1076 4321 1117 4383 ad
1133 4317 1208 4383 ieu-
1261 4325 1411 4384 tenorem
1432 4323 1474 4384 ad
1498 4323 1660 4401 majorem
1686 4310 1858 4380 firmitatem
1875 4293 1972 4386 jussui}
2009 4321 2010 4378 l

409 4414 501 4491 dum;
525 4415 618 4477 robis
655 4415 876 4478 nihilominus
909 4415 1137 4494 indulgentes,
1170 4420 1207 4479 ut
1261 4419 1302 4481 de
1316 4419 1418 4482 verbo
1433 4420 1474 4481 ad
1494 4419 1632 4481 verbum
1646 4407 1850 4496 praesentibus
1865 4387 1973 4458 annoti*

409 4512 554 4574 decimas
573 4511 614 4572 a'd
634 4513 810 4573 ecclesiam
837 4515 1023 4590 spectantes
1043 4513 1203 4586 eamdem,
1300 4517 1354 4578 W.
1379 4516 1439 4578 Dei
1463 4515 1572 4594 gratia
1601 4512 1831 4578 Transilvanus
1854 4485 1972 4568 episcopiis

408 4605 517 4670 libere.
540 4607 674 4684 possitis
690 4607 855 4670 redimere
872 4609 912 4670 de
934 4609 1087 4671 manibus
1108 4611 1207 4673 laico
1261 4614 1427 4676 universis
1443 4614 1484 4676 ad
1500 4629 1581 4693 quos
1598 4613 1717 4676 litterae
1735 4583 1974 4685 praesenserit·

407 4719 493 4766 rum.
509 4706 627 4767 Datum
639 4705 806 4778 Laterani,
821 4707 851 4766 11
866 4705 941 4768 idus
951 4707 1078 4786 aprilis,
1096 4709 1207 4785 ponti·
1262 4712 1382 4786 nerini,
1398 4712 1538 4774 salutem
1562 4713 1596 4773 in
1616 4725 1696 4774 vero
1715 4693 1849 4768 salutari.
1874 4676 1973 4770 Quonuu

408 4801 525 4868 iicatus
541 4803 646 4866 nostri
661 4818 749 4865 anno
764 4803 920 4866 secundo.
1261 4809 1351 4871 viros
1373 4809 1548 4887 religiosos
1571 4811 1605 4870 et
1629 4807 1692 4870 soli
1713 4805 1777 4866 Deo
1806 4772 1973 4854 militaulfllffl

731 4953 883 5042 CXCIX
1260 4909 1416 4986 amplexu
1429 4907 1590 4978 cericius,
1604 4906 1692 4968 siout
1699 4871 1973 5040 iustumeoggssgffi

1259 5007 1341 5078 tum,
1355 5021 1472 5081 regere
1491 5005 1644 5066 volumus
1663 5004 1695 5065 et
1708 4997 1810 5060 lovere
1824 4996 1853 5043 Α

554 5087 808 5162 mmmmm
817 5091 1053 5152 Brememm·
1260 5101 1537 5180 postulationibus
1564 5103 1701 5164 fratrum
1725 5075 1875 5164 hospitalis
1894 5053 1971 5160 Suilli

611 5202 689 5274 (Sim
700 5206 767 5258 '²0‘ss
786 5202 1004 5274 mmmm)
1259 5203 1374 5264 Mariae
1387 5203 1422 5262 in
1435 5201 1666 5278 Hierosolyma
1679 5196 1717 5256 de
1728 5191 1814 5250 domo
1825 5157 1971 5236 Thiuwfflw
2009 5207 2010 5218 ¹

460 5305 564 5369 [Quinta
572 5304 738 5370 compilatio,
750 5305 795 5355 un.
809 5307 828 5364 1,
842 5307 882 5356 ur.
897 5304 1005 5371 neap
1018 5308 1041 5366 r,
1055 5306 1155 5358 neoto
1258 5315 1332 5374 rum
1354 5301 1549 5371 annuentes,
1570 5299 1604 5360 in
1625 5299 1723 5360 terra,
1738 5297 1804 5364 quae
1823 5273 1905 5376 herza
1918 5255 1969 5388 ΜΞ

728 5395 878 5458 temtum]
1259 5398 1409 5476 cupatur,
1437 5411 1535 5474 quam
1554 5409 1691 5459 vacuam
1705 5389 1736 5448 et
1760 5357 1930 5463 inhabtffl
1946 5351 1969 5490 ξ

447 5491 544 5570 (Vide
558 5496 581 5554 t.
598 5495 621 5567 i,
638 5493 737 5572 hujus
753 5493 845 5567 edit..
862 5495 926 5556 col.
946 5493 1030 5574 150.)
1258 5495 1347 5571 regis
1357 5494 1548 5566 donatione,
1564 5493 1665 5554 immo
1689 5481 1789 5566 potius
1807 5463 1910 5547 ls⁰l¹s¹⁰
1922 5451 1945 5498 ⁵³
