4234 6442
168 471 229 533 333

805 479 1035 550 EPISTOLAE.
1060 491 1138 550 LIB.
1160 494 1185 552 Ι.

170 629 299 710 quaeda
317 629 413 696 bonis
425 632 576 699 eccleslae
592 637 758 716 praediclae
772 641 969 710 inveneritis

1762 509 1821 569 334

1064 653 1205 716 Grauem
1222 655 1438 732 quorumdam
1458 655 1613 722 ahbatum
1632 663 1666 726 et
1680 661 1819 729 fratrum

110 777 116 784 .
169 729 316 792 alienata
339 730 456 794 illicite
470 733 523 795 vel
544 734 715 812 distracta,
740 741 900 806 studeatis
927 743 969 807 ad
1024 749 1315 815 Praemonstraten.
1338 755 1466 818 ordinis
1484 759 1621 820 Romen.
1638 763 1819 838 provinciae

165 829 223 904 jus
234 829 266 889 et
275 829 511 906 proprietatem
524 833 630 912 ipsius
640 837 787 914 legitime
797 856 967 906 revocare.

169 925 435 990 Conbadictores
464 946 524 1009 per
557 948 732 998 censuram
760 939 970 1006 ecclesiasti-

168 1037 241 1084 cam
257 1025 480 1103 appellatione
499 1031 682 1109 postposita
707 1041 966 1114 compescentes.

167 1121 277 1198 Super
300 1139 381 1186 vero
396 1124 484 1199 aliis,
499 1129 648 1205 partibus
677 1128 882 1210 convocatis,
903 1139 965 1200 etc.

1023 847 1209 924 recepimus
1220 851 1448 928 questionem,
1461 855 1546 932 quod
1561 855 1639 920 licet
1653 857 1687 920 in
1703 875 1818 924 eorum

1023 945 1208 1023 privilegiis
1227 947 1404 1012 inhibitum
1422 952 1466 1014 sit
1485 969 1658 1032 expresse,
1680 975 1723 1020 ne
1742 961 1817 1038 quis

1022 1043 1292 1124 archiepiscopus
1306 1049 1360 1110 vel
1373 1050 1558 1128 episcopus,
1576 1053 1641 1116 nisi
1657 1055 1692 1117 in
1708 1060 1817 1120 mani-

1022 1141 1105 1204 iesta
1116 1146 1315 1208 necessitate
1328 1147 1363 1208 in
1376 1163 1490 1210 eorum
1505 1152 1652 1226 granciis
1665 1153 1816 1233 hospite-

165 1220 292 1293 Testes,
316 1221 378 1283 etc.
401 1223 495 1296 Quod
516 1227 546 1287 si
567 1244 634 1290 non
654 1245 780 1307 omnes,
806 1234 842 1297 tu
863 1233 968 1299 irater
1020 1240 1086 1314 tur,
1103 1242 1236 1319 quidam
1251 1245 1361 1306 tamen
1377 1247 1524 1326 episcopi
1538 1251 1571 1312 et
1586 1251 1815 1318 archidiaconi

166 1315 430 1398 archiepiscope,
445 1322 506 1385 etc.

206 1433 325 1495 Datum
351 1437 519 1512 Laterani,
542 1441 634 1504 xvii
658 1441 822 1509 kalendas
835 1449 963 1526 aprilis,

166 1530 376 1608 pontificatus
391 1537 497 1599 nostri
508 1553 597 1601 anno
610 1541 729 1618 primo.

475 1713 658 1806 CCLXXI

215 1881 269 1940 Ad
290 1883 487 1946 sacerdotes
509 1886 545 1946 ct
566 1889 708 1951 dancus
727 1893 763 1954 S.
789 1895 910 1957 crach

484 1985 528 2044 dc
555 1986 640 2046 Wtd.

446 2129 481 2188 ll
493 2135 577 2190 mart.
595 2132 675 2192 lili.

203 2247 333 2314 [Theium
346 2251 513 2306 Monumentu
523 2255 671 2321 hungariae,
683 2261 703 2310 t.
718 2257 738 2318 i,
751 2272 777 2326 p.
791 2259 815 2320 7,
828 2275 854 2312 n.
868 2260 919 2329 lu]

160 2390 297 2460 Quartam
317 2392 493 2454 decimarum
518 2397 662 2471 parochiae
688 2399 818 2460 ecclesiae
841 2418 901 2462 sue
925 2419 960 2463 ac

194 2480 323 2541 decimus
337 2481 433 2542 borrel
447 2485 576 2560 ejusdem
592 2489 732 2560 ccclesia,
749 2504 822 2565 quos
835 2493 957 2568 Catapa-

195 2584 251 2628 nus
265 2571 416 2646 hgriensis
436 2576 588 2650 episcopus
603 2577 788 2638 dicacesanus
799 2581 843 2638 eis
855 2589 957 2641 contu·

195 2657 279 2730 leret,
294 2662 456 2722 eoullrmat.

201 2805 370 2868 Honorius
378 2807 565 2886 episcopus,
573 2827 691 2874 servus
701 2827 873 2876 servorum
884 2815 955 2890 Dei,

159 2899 291 2966 dilectis
306 2903 385 2966 filiis
400 2906 628 2971 sacerdotibus
639 2909 673 2972 et
681 2909 813 2974 clericis
829 2914 862 2974 S.
879 2915 958 2974 Cru-

158 3001 209 3062 cis
233 3001 274 3063 de
292 3003 382 3074 Wid,
403 3003 545 3068 salutem
564 3008 599 3070 et
615 3007 839 3086 apostolicam
859 3009 957 3074 bene-

157 3095 348 3163 dictionem.

199 3199 305 3270 Quum
334 3215 354 3261 a
380 3199 476 3262 nobis
497 3203 636 3280 petitur,
664 3204 747 3282 etc.;
778 3207 955 3284 eapropter

156 3291 273 3359 dilecti
292 3297 327 3358 in
348 3299 488 3362 Domino
507 3299 715 3374 dirivemus
736 3303 955 3382 supplicatio-

156 3391 258 3454 nibus
271 3393 417 3471 benigno
432 3399 668 3461 concurrentes
686 3415 837 3475 assensu,
851 3417 955 3479 quar-

155 3492 225 3555 tam
246 3492 448 3556 decimarum
466 3495 634 3573 parochiae
653 3496 804 3560 ecclesiae
821 3499 951 3570 vestrae,

154 3605 196 3652 ac
217 3590 362 3653 decimas
381 3592 495 3655 horrei
515 3593 667 3672 ejusdem
687 3595 850 3668 ecclesiae,
871 3612 954 3673 quas

153 3685 334 3750 vobisven.
352 3688 457 3754 irater
472 3691 585 3753 noster
595 3693 629 3752 G.
641 3692 817 3768 agriensis
828 3693 955 3770 episco-

154 3786 954 3866 pus,dioecesanusvester,capitulisuiaccedente

154 3898 330 3958 consensu,
357 3884 452 3947 vobis
476 3884 617 3946 contulit
646 3884 769 3946 intuitu
797 3885 951 3966 pietatisq

153 3981 241 4044 sicut
265 3981 360 4044 vobis
384 3981 454 4059 pie,
480 3995 520 4042 ac
544 3981 682 4058 provide
706 3983 784 4046 suut
804 3983 951 4059 collatae,

152 4077 248 4141 vobis
272 4077 306 4140 et
332 4093 393 4156 per
414 4092 474 4140 vos
498 4075 606 4140 eidem
633 4078 784 4142 ecclesiae
805 4083 954 4145 auctori-

152 4177 221 4239 tate
243 4175 434 4254 apostolica
455 4175 703 4240 confirmamus.
730 4179 805 4242 Dat.
827 4181 951 4254 Later„

152 4275 227 4338 XVI
250 4273 320 4338 kal.
348 4275 463 4355 april,
489 4273 702 4354 pontificatus
729 4276 837 4339 nostri
862 4293 952 4340 anno

153 4387 271 4450 primo.
403 4381 409 4392 ”

463 4521 668 4610 CCLXXII
767 4583 770 4588 -

154 4671 207 4732 Ad
233 4672 401 4734 decanum
428 4675 641 4750 manistram
661 4677 700 4736 θ.
721 4688 762 4736 ac
783 4678 824 4736 F.
848 4688 954 4738 coao-

397 4773 492 4831 aicos
508 4773 704 4833 [tementes.

440 4907 474 4964 lt
486 4915 570 4966 mart.
587 4909 667 4968 lili.

184 5022 305 5088 [Regma.
319 5019 365 5071 lib.
376 5019 396 5078 l,
410 5019 485 5084 epist.
497 5020 554 5071 aas.
568 5021 627 5073 llas.
641 5023 677 5074 ha
688 5023 766 5076 Porta
777 5023 812 5075 du
825 5024 920 5090 Theti]

153 5159 189 5220 Ut
208 5155 405 5232 episcoparet
426 5151 644 5214 archidiaconos
662 5155 813 5215 hamensis
833 5157 950 5232 provin·

188 5247 258 5319 cle,
284 5259 319 5304 ac
349 5243 488 5302 odlcleles
514 5258 632 5314 eorum,
662 5245 955 5306 premonstratenses

189 5347 351 5410 aggravare
361 5332 528 5406 impediant,
543 5338 573 5390 ct
587 5333 770 5403 Noviomen,
782 5335 952 5393 nominatim

188 5425 355 5498 episcopum
375 5423 423 5496 qui
441 5423 566 5495 aliquam
584 5421 620 5480 ab
640 5423 682 5479 eis
704 5419 829 5496 prodam
855 5431 949 5481 extor-

189 5519 275 5583 serat,
296 5509 332 5569 ad
347 5525 412 5569 eam
434 5509 641 5569 restituendam
660 5516 690 5568 et
710 5511 952 5584 conquerentibus

190 5599 422 5660 satisfaciendum
437 5607 554 5674 cogant.

193 5735 373 5807 Honorius,
394 5735 471 5810 etc,
496 5734 625 5800 dilectis
643 5733 722 5797 liliis
738 5735 864 5798 decano
880 5752 953 5798 ma-

153 5833 261 5912 gistro
274 5834 312 5895 G.
329 5847 369 5896 ac
381 5833 417 5894 p,
435 5833 604 5897 canonicis
619 5835 756 5898 liemon.

1021 1339 1157 1402 Romen.
1187 1341 1368 1419 provinciae
1394 1360 1434 1406 ac
1458 1345 1616 1410 officiales
1640 1365 1755 1413 eorum
1778 1353 1814 1416 in

1020 1437 1161 1514 singulis
1174 1439 1320 1515 grauoiis
1335 1442 1526 1505 eommdem
1539 1445 1678 1509 liatrum
1694 1448 1728 1510 in
1742 1452 1812 1512 suis

1019 1535 1218 1599 dioecesibus
1244 1539 1431 1602 constitutis
1457 1543 1709 1619 procurationes
1737 1549 1817 1612 exl-

1018 1635 1101 1711 gunt
1118 1637 1302 1711 annuatim,
1318 1653 1392 1716 quae
1416 1639 1445 1700 si
1467 1641 1515 1701 eis
1530 1641 1709 1722 aliquando
1727 1645 1813 1710 sorte

1019 1735 1195 1809 negantur,
1213 1735 1358 1799 ministri
1376 1753 1491 1800 eorum
1506 1739 1546 1801 de
1565 1742 1764 1805 animalibus
1779 1744 1813 1807 et

1017 1829 1114 1893 bonis
1128 1833 1204 1894 aliis
1219 1835 1411 1897 eorumdem
1425 1837 1554 1915 praedas
1568 1840 1733 1904 violenter
1745 1841 1809 1904 ab·

1017 1927 1153 2004 ducunt,
1171 1947 1253 2009 quas
1265 1932 1318 1994 vel
1333 1935 1465 2010 pignori
1480 1935 1638 2014 obligant,
1654 1939 1708 2000 vel
1720 1939 1808 2002 alie-

1016 2029 1098 2098 nant
1112 2029 1257 2102 omnino,
1272 2045 1333 2092 nec
1348 2029 1507 2094 tratribus
1521 2031 1603 2110 ipsis
1617 2034 1815 2110 restituunt,

1015 2123 1121 2186 donec
1135 2140 1195 2203 pro
1210 2127 1372 2204 requisita
1387 2129 1620 2206 procuratione
1639 2131 1730 2195 certa
1744 2148 1807 2210 pe-

1015 2222 1115 2284 cunia
1138 2223 1359 2300 persolvatur,
1384 2226 1442 2304 qui
1459 2225 1495 2290 ut
1518 2227 1693 2292 avaritiam
1712 2246 1807 2294 suam

1014 2321 1047 2383 et
1061 2321 1270 2384 exactionem
1288 2324 1461 2398 excusent,
1482 2323 1619 2388 frivolas
1633 2327 1807 2404 exigendae

1014 2419 1259 2496 procurationis
1282 2435 1401 2483 causas
1426 2421 1614 2500 assignant,
1637 2424 1693 2486 vel
1718 2423 1804 2503 quod

1013 2515 1078 2592 ipsi
1096 2517 1155 2579 aut
1168 2516 1429 2593 praedecessores
1448 2533 1563 2581 eorum
1586 2519 1633 2580 ibi
1655 2521 1806 2598 quando-

1013 2628 1077 2690 que
1091 2613 1216 2677 ltrerint
1228 2613 1402 2692 hospitam
1418 2615 1489 2679 sive
1506 2615 1592 2694 quod
1606 2617 1647 2678 in
1656 2618 1815 2694 granciis.

1012 2709 1094 2788 ipsis
1113 2710 1251 2774 decimae
1269 2711 1483 2789 colticarum
1504 2713 1576 2775 sive
1596 2715 1687 2793 quod
1702 2729 1817 2779 cano*

1012 2807 1080 2869 uici
1099 2809 1156 2886 qui
1181 2808 1407 2886 parochialem
1429 2809 1605 2874 ecclesiam
1624 2812 1660 2874 in
1682 2813 1803 2876 vicinis
1836 2860 1840 2868 .

1011 2904 1093 2967 locis
1108 2905 1258 2969 obtinere
1271 2907 1455 2969 noscuntur
1466 2907 1644 2986 aliqnando
1657 2925 1804 2974 commo-

1010 3005 1129 3066 rantur
1147 3002 1182 3065 in
1200 3003 1362 3081 manetis,
1386 3004 1445 3068 aut
1465 3005 1552 3084 quod
1570 3007 1607 3069 in
1626 3007 1675 3070 eis
1690 3007 1803 3096 claus-

1009 3100 1097 3163 trum
1121 3117 1273 3164 sororum
1295 3101 1473 3177 habeatur,
1501 3119 1574 3183 quae
1603 3104 1734 3184 quidem
1759 3104 1820 3170 ex‘

1010 3214 1148 3261 accessu
1162 3199 1380 3278 quorumdam
1392 3217 1459 3263 non
1472 3201 1611 3264 multum
1626 3203 1806 3282 proliciunt

1009 3296 1045 3358 in
1059 3296 1102 3357 iis
1113 3313 1187 3375 quae
1202 3297 1243 3358 ad
1256 3296 1400 3359 salutem
1411 3298 1589 3375 proliciunt
1602 3300 1801 3366 animarum.

1011 3395 1118 3471 Super
1131 3394 1174 3455 iis
1189 3397 1300 3456 autem
1314 3394 1347 3457 et
1359 3394 1435 3456 aliis
1450 3393 1591 3458 dilectus
1606 3396 1694 3460 tilius
1709 3401 1803 3461 Prae-

1009 3490 1262 3552 monstrateusis
1278 3490 1380 3552 abbas
1399 3491 1589 3569 specialiter
1607 3489 1728 3559 asserit
1745 3512 1804 3560 ec·

1009 3586 1145 3649 clesiam
1157 3587 1476 3651 suamavenerabili
1486 3589 1582 3653 tratri
1592 3595 1706 3654 nostro
1717 3594 1803 3672 epis-

1009 3699 1091 3762 copo
1119 3685 1315 3748 Noviomen.
1349 3685 1571 3768 importunius
1605 3691 1799 3766 aggravari,

1008 3797 1197 3860 proponens
1217 3782 1304 3861 quod
1325 3798 1400 3846 cum
1418 3783 1542 3846 dudum
1563 3781 1651 3848 idem
1671 3787 1803 3865 episco-

1008 3895 1070 3957 pus
1095 3880 1224 3957 peteret
1248 3881 1285 3943 in
1308 3881 1450 3960 quadam
1475 3882 1623 3962 ejusdem
1651 3885 1801 3950 ecclesiae

1007 3975 1144 4054 grancia
1159 3978 1194 4039 in
1204 3979 1438 4056 procuratione
1451 3979 1515 4042 sibi
1529 3979 1562 4044 et
1573 3979 1717 4060 hospitio
1729 3999 1803 4061 pro·

1007 4075 1126 4148 videri,
1142 4078 1175 4138 et
1188 4076 1323 4155 quidam
1338 4078 1522 4139 canonicus
1535 4077 1664 4143 abbatis
1682 4080 1805 4158 ipsius,

1007 4173 1062 4235 cui
1077 4173 1140 4235 hoc
1158 4174 1336 4252 episcopus
1349 4173 1426 4252 ipse
1434 4173 1662 4250 mandaverat,
1684 4193 1720 4238 se
1735 4192 1802 4239 non

1007 4285 1104 4349 posse
1126 4269 1190 4333 hoc
1213 4270 1325 4332 iacere
1346 4271 1418 4334 sine
1440 4269 1569 4334 abbatis
1590 4273 1643 4334 sui
1665 4272 1802 4337 licentia

1007 4366 1249 4444 respondisset,
1263 4366 1397 4446 quidam
1412 4367 1561 4447 ejusdem
1578 4367 1723 4448 episcopi
1738 4369 1800 4432 de-

1007 4480 1111 4527 canus
1134 4464 1258 4526 ruralis
1280 4465 1429 4528 eamdem
1452 4463 1622 4544 granciam
1642 4465 1685 4528 de
1704 4469 1802 4530 nocte

1007 4579 1082 4625 cum
1097 4562 1294 4640 quibusdam
1305 4561 1520 4641 complicibus
1533 4561 1603 4625 suis'
1615 4563 1800 4641 ingressus,

1006 4675 1126 4723 novem
1150 4657 1277 4723 vaccas
1296 4659 1329 4724 et
1354 4658 1437 4723 duos
1465 4674 1568 4739 equos
1595 4659 1715 4722 exinde
1740 4677 1801 4740 pro

1006 4759 1114 4836 pastu,
1135 4757 1222 4820 sicut
1242 4756 1384 4832 dicebat,
1406 4773 1466 4820 suo
1486 4755 1620 4821 domino
1639 4756 1801 4835 denegato

1006 4855 1170 4918 violenter
1179 4855 1329 4928 abduxit,
1341 4871 1423 4934 quos
1435 4870 1502 4917 non
1514 4855 1608 4932 prius
1622 4855 1798 4933 episcopus

1007 4953 1208 5017 memoratus
1223 4952 1367 5016 restituit
1377 4968 1475 5030 quam
1485 4951 1517 5013 ei
1529 4949 1592 5014 luit
1604 4967 1665 5029 pro
1679 4967 1803 5030 procu-

1006 5051 1137 5114 ratione
1154 5049 1257 5128 petita
1274 5045 1308 5112 et
1326 5045 1535 5111 detentorum
1549 5047 1706 5125 expensis
1727 5047 1804 5110 ani·

1007 5150 1143 5212 malium
1164 5163 1224 5226 pro
1246 5163 1316 5210 suae
1337 5146 1517 5210 voluntatis
1538 5144 1677 5208 arbitrio
1699 5145 1801 5208 satis-

1006 5249 1140 5311 factum.
1167 5244 1331 5308 Nolentes.
1349 5243 1453 5321 igitur
1472 5241 1801 5306 Praemonstratensis

1007 5343 1140 5409 Ordinis
1163 5343 1284 5405 iratres
1309 5341 1424 5405 contra
1448 5340 1577 5404 indulta
1600 5339 1650 5402 eis
1675 5355 1696 5402 a
1718 5338 1803 5403 Sede

1005 5442 1195 5521 apostolica
1214 5439 1391 5520 privilegia
1410 5438 1592 5512 molestari,
1609 5436 1804 5500 discretioni

1006 5543 1126 5603 vestrae
1149 5538 1360 5611 mandamus,
1385 5539 1549 5616 quatenus
1575 5536 1749 5614 episcopos
1771 5537 1805 5599 et

1007 5637 1261 5700 archidiaconos
1284 5633 1457 5701 Remensis
1472 5633 1653 5713 provinciae
1673 5647 1713 5696 au
1728 5632 1804 5695 ciii-

1007 5735 1110 5799 ciales
1138 5751 1254 5798 eorum
1284 5735 1320 5798 ut
1345 5731 1522 5812 praedictos
1548 5731 1803 5810 conquerentes,

1006 5834 1122 5902 contra
1137 5833 1300 5897 indultam
1312 5831 1360 5894 eis
1374 5829 1489 5896 aSede
1501 5827 1690 5908 Apostolica
1702 5825 1806 5888 liber-
