4200 6404
308 283 370 343 aa
790 272 969 336 uouoau
988 271 1035 332 ιιι
1056 267 1498 360 oreas.-senuoues.
1895 273 1946 336 aa
2045 237 2046 266 ³

239 457 241 461 ·
311 443 378 514 ets,
399 439 436 502 ut
454 437 485 500 si·
502 443 607 514 usque
627 433 724 497 modo
750 431 813 496 luit
826 431 969 508 'gulosus
990 429 1108 494 amodo
1144 423 1285 492 'bonum
1301 443 1388 506 ¹opus
1405 425 1452 489 'ex
1472 423 1645 489 'voluntate
1668 423 1735 490 iron
1758 426 1898 502 ducitur,
1916 427 1949 498 'et

307 538 371 602 ilat
398 536 538 607 sobrius,
570 534 600 595 si
625 530 818 594 luxuriosus
843 530 903 592 ilat
929 528 1050 602 castus,
1079 529 1131 600 si
1162 528 1232 589 'rem
1252 527 1336 604 justi
1364 525 1438 587 sine
1467 525 1578 588 fructu
1606 525 1762 602 peccator
1788 527 1947 604 operatur.

312 651 435 700 avarus
450 634 507 695 liat
521 633 646 707 largus,
665 629 693 690 si
709 627 871 706 superbus
887 627 944 689 ilat
959 626 1105 698 humilis,
1163 626 1252 685 Crux
1266 625 1377 685 autem
1391 620 1515 684 dieitur
1525 639 1543 684 a
1555 623 1715 685 cruciatu.
1730 625 1823 685 Crux
1833 621 1950 690 tollitur

313 733 342 794 si
355 730 534 797 iracundus
549 729 608 791 liat
619 727 822 799 mansuetus,
834 727 878 797 et,
889 726 927 788 ut
942 724 1110 801 generali·
1163 721 1382 799 spiritualiter
1406 723 1440 782 et
1469 719 1698 783 materialiter.
1735 719 1951 799 spiritualiter

312 832 365 894 ter
378 830 498 900 diuam,
511 827 541 888 si
556 823 825 888 criminosusiiat
838 823 1017 885 virtuosus.
1030 821 1107 882 Etsi
1161 823 1242 883 vero
1265 817 1393 880 duobus
1417 818 1534 891 modis,
1560 817 1725 891 videlicet,
1754 814 1820 896 'per
1842 825 1950 886 mentis

311 928 389 990 talis
403 925 514 998 fuerit,
532 927 610 986 tuno
631 921 809 998 abnegabit
823 921 1049 997 semetipsum,
1073 919 1109 979 ut
1163 919 1428 996 compassionem
1455 917 1489 979 et
1509 917 1622 978 earnis
1647 917 1873 980 afflictionem.
1896 924 1951 982 Per

313 1025 424 1086 dicere
438 1024 636 1085 valeatoum
660 1019 1108 1097 Apost0102Vtooepojom
1164 1016 1282 1077 mentis
1316 1014 1580 1092 compassionem
1617 1011 1779 1091 affligitur
1814 1010 1949 1093 spiritus.

313 1135 382 1184 non
394 1136 466 1197 eqo,
487 1118 705 1182 otoit'aotem
721 1121 758 1178 ln
778 1131 834 1178 ota
847 1117 1004 1178 cometus
1020 1113 1105 1194 (Gal.
1161 1115 1244 1174 dum
1260 1113 1347 1174 enim
1368 1113 1441 1190 quis
1466 1112 1635 1174 cruciatur
1648 1113 1684 1173 in
1703 1105 1807 1174 corde
1829 1125 1953 1192 compa-

311 1233 349 1291 11,
364 1218 429 1296 20).
446 1219 526 1278 Cum
541 1216 630 1277 enim
646 1215 768 1291 impius
780 1214 822 1274 ab
836 1213 1008 1290 impietate
1023 1227 1108 1272 con·
1162 1211 1275 1274 tiendo
1290 1212 1453 1289 proximo,
1478 1212 1558 1273 tuno
1580 1211 1694 1288 utique
1715 1223 1851 1274 erucem
1875 1212 1952 1276 tollit

312 1315 463 1386 vertitur,
476 1313 749 1391 prouertodieere
761 1311 881 1388 potest:
894 1311 1040 1372 nonaum
1052 1309 1109 1386 qui
1164 1325 1238 1370 oum
1253 1309 1423 1386 apostolo,
1442 1309 1502 1386 ‘qui
1521 1301 1652 1370 diuellat
1672 1324 1680 1369 :
1698 1310 1782 1375 oute
1801 1311 1952 1382 intimau-

312 1413 453 1484 tueram,
477 1411 566 1488 quia,
589 1410 755 1482 videlieet,
780 1417 847 1471 non
870 1409 921 1470 est
939 1409 975 1468 in
999 1407 1107 1483 eulpa,
1162 1407 1233 1478 tto,
1250 1401 1285 1467 e't
1297 1421 1357 1483 epo
1375 1417 1444 1468 nou
1462 1401 1638 1478 infirmor,
1655 1397 1734 1480 quie
1748 1410 1952 1469 scandaliza·

312 1509 392 1574 lieet
403 1509 494 1570 'idem
507 1509 551 1570 sit
563 1507 597 1568 in
614 1507 744 1578 natura,
754 1505 933 1567 secundum
940 1504 1024 1565 illud
1037 1519 1111 1581 pro·
1165 1505 1234 1574 tur,
1252 1503 1287 1566 et
1299 1517 1361 1580 epo
1375 1511 1444 1564 nott
1461 1515 1549 1564 uror
1566 1501 1613 1581 (li
1626 1504 1700 1565 Gor.
1722 1517 1773 1576 11,
1796 1503 1861 1581 29).
1881 1507 1951 1566 cum

310 1607 499 1686 phati'oum:
515 1601 1107 1682 Venetmptmsstnoneumtffrov.
1164 1598 1244 1662 vero
1264 1601 1434 1662 cruciatur
1453 1601 1487 1662 in
1509 1607 1647 1677 corpore
1669 1592 1848 1677 affligendo
1869 1602 1950 1680 seip-

312 1721 373 1776 ιιι,
394 1703 439 1784 7);
456 1703 615 1766 Conversi
634 1717 776 1779 namque
796 1699 891 1777 impii
910 1713 979 1760 non
998 1699 1107 1771 erunt,
1164 1713 1249 1768 sum,
1264 1701 1344 1760 tuno
1354 1698 1538 1760 etiamnum
1551 1697 1852 1774 Apostolo'oruoem
1863 1699 1949 1772 tollit,

313 1815 380 1864 non
395 1800 473 1878 quia
488 1799 701 1862 omninonon
717 1799 814 1859 erunt
827 1797 864 1858 in
878 1795 1035 1868 essentia,
1052 1796 1109 1856 sed
1163 1796 1221 1874 qui
1236 1796 1284 1858 alt
1299 1797 1460 1872 :duettqo
1473 1805 1598 1870 corpus
1611 1811 1729 1858 meacm
1748 1795 1784 1858 et
1797 1801 1834 1858 m
1847 1799 1950 1858 aeret-

313 1914 380 1960 non
396 1899 493 1958 erunt
507 1897 542 1956 in
559 1895 738 1972 impietatis
760 1895 868 1972 culpa.
896 1894 962 1970 ipsi
977 1893 1109 1971 quidem
1165 1889 1274 1955 testem
1287 1886 1416 1970 bearno.
1433 1892 1560 1955 Etitem
1578 1895 1674 1956 :Mtbl
1687 1897 1951 1956 mendosorum·

312 1996 393 2057 sunt
403 2009 463 2071 per
476 1993 640 2065 naturam,
655 1992 712 2053 sed
727 2008 794 2054 non
809 1992 875 2069 ipsi
885 1991 963 2054 arnt
975 1991 1111 2068 p'erma·
1164 1993 1258 2064 fimus
1276 1991 1339 2064 eet,
1365 1992 1397 2053 dt
1418 1998 1482 2067 eqo
1503 1994 1643 2053 meledo.
1661 1986 1761 2053 Unde
1779 1983 1947 2053 Salomon:

314 2091 432 2155 littam.
1165 2089 1229 2156 Qut
1251 2081 1392 2152 delicate
1418 2088 1532 2150 autrtt
1553 2098 1697 2150 servum
1723 2103 1839 2160 suum,
1863 2089 1947 2159 idest,
2045 2169 2046 2172 Ἴ

355 2188 512 2266 Sequitur
528 2208 535 2248 :
552 2183 787 2250 tollaturucem
801 2186 939 2250 suamet
953 2186 1111 2265 sequatur
1164 2180 1300 2246 earnem
1314 2197 1388 2262 quae
1399 2180 1527 2245 servire
1542 2183 1648 2256 debet,
1663 2185 1788 2258 posteo
1800 2195 1949 2246 eumaeo·

312 2302 377 2348 me.
400 2277 540 2347 Duobue'
557 2285 664 2346 modis
686 2299 819 2346 crucem
836 2285 1005 2360 portamus
1027 2305 1034 2344 ε
1051 2297 1111 2361 per
1164 2282 1227 2344 ttet
1238 2283 1474 2344 coretumaoem
1485 2278 1597 2360 (Prot.
1613 2274 1708 2355 ιιιι,
1725 2279 1794 2360 21).

312 2383 433 2446 mentis
445 2382 707 2460 compassionem
718 2383 751 2443 et
763 2383 874 2444 earnis
884 2381 1107 2456 afflictionem
1205 2379 1424 2441 Materialiter
1446 2393 1576 2458 quoque
1594 2378 1722 2441 duobus
1740 2379 1856 2441 'modis
1876 2393 1947 2440 crux

311 2480 371 2542 sed
389 2480 448 2541 alii
470 2481 604 2556 portant
621 2493 755 2540 crucem
780 2481 854 2554 post
876 2477 1056 2550 diabolum,
1077 2481 1110 2540 et
1164 2475 1302 2549 tollitur,
1322 2475 1522 2553 insignum,
1551 2474 1716 2551 videlieet,
1739 2476 1907 2552 religionis
1921 2477 1949 2535 et
2045 2499 2046 2544 ι

300 2574 372 2639 'alil
385 2577 459 2654 post
472 2579 587 2638 Deum.
609 2577 688 2638 Post
703 2575 870 2637 diabolum
886 2575 1018 2653 portant
1032 2591 1110 2637 oru·
1164 2575 1363 2652 supplicium
1379 2574 1557 2651 passionis.
1573 2568 1611 2636 ln
1626 2575 1761 2652 signum
1771 2571 1945 2650 religionisp

312 2691 384 2737 cem
398 2673 454 2751 qui
469 2673 562 2734 duris
576 2673 746 2734 laboribus
760 2673 793 2735 et
812 2672 1012 2750 quibuslibet
1033 2672 1109 2735 aliis
1164 2673 1250 2734 siout
1264 2673 1341 2733 sunt
1355 2671 1489 2749 quidam
1499 2671 1555 2749 qui
1568 2671 1841 2750 portantsignum
1852 2669 1946 2732 ernon
2045 2685 2046 2730 l

312 2771 420 2832 modis
434 2769 586 2845 affligunt
599 2783 744 2842 carnem,
757 2771 794 2832 ut
805 2769 933 2846 possint
947 2770 1109 2846 proximis
1164 2769 1198 2829 in
1209 2768 1412 2848 indumentis
1425 2769 1506 2842 suis,
1519 2771 1555 2831 ut
1567 2769 1747 2832 ostendant
1756 2785 1792 2832 se
1802 2766 1946 2847 spiritua·

310 2873 444 2938 nocere,
465 2865 519 2926 ‘vel
541 2867 709 2928 terrenam
730 2866 874 2942 gloriam
898 2870 929 2928 et
950 2865 1109 2928 bonorem
1163 2866 1241 2928 liter
1257 2865 1463 2944 mancipatos
1475 2866 1516 2927 ad
1529 2866 1724 2944 obsequium
1745 2865 1901 2930 oruoilixi.
1915 2866 1945 2924 ln

313 2971 445 3040 capere,
465 2963 547 3023 Post
568 2962 734 3023 Christum
749 2964 882 3024 crucem
896 2965 1030 3039 portant
1053 2963 1109 3040 qui
1162 2964 1362 3041 supplicium
1378 2963 1544 3041 passionis
1559 2966 1591 3027 et
1605 2964 1685 3027 boni
1696 2965 1830 3042 quidem
1842 2959 1945 3024 etmali
2045 3007 2046 3040 ,

311 3060 385 3122 solo
400 3059 459 3122 Dei
474 3074 730 3121 amoreoarnem
745 3075 839 3121 suam
849 3057 1030 3122 macerant.
1046 3057 1108 3122 sed
1163 3063 1220 3139 qui
1235 3061 1437 3139 projustitia
1451 3061 1505 3123 vel
1520 3058 1648 3124 offensa
1665 3062 1904 3140 suspendentur
1916 3058 1944 3118 iu
2045 3042 2046 3106 l

312 3171 398 3219 orux
418 3157 470 3218 est
483 3156 645 3234 portanda
662 3157 809 3234 quotidie
830 3156 871 3218 ab
893 3157 1019 3230 electis,
1042 3171 1109 3218 non
1163 3174 1278 3234 cruoe;
1295 3157 1571 3237 quemadmodum
1587 3159 1762 3246 legiturin
1782 3153 1944 3232 Evangelio

313 3255 399 3317 siout
414 3253 548 3331 quidam
563 3254 620 3330 qui
635 3254 904 3331 aliquotempore
913 3253 1030 3316 vivunt
1040 3271 1110 3316 oas-
1163 3256 1250 3334 quod
1259 3258 1357 3334 Juxta
1369 3271 1503 3318 erucem
1516 3258 1597 3319 Jesu
1612 3257 1677 3319 duo
1692 3257 1841 3319 latrones
1855 3251 1944 3316 oruci-

311 3353 355 3426 te,
372 3355 405 3415 et
423 3352 491 3414 alio
509 3352 658 3429 tempore
672 3351 856 3424 luxuriose,
876 3353 943 3414 alio
962 3355 1109 3430 tempore
1163 3354 1222 3415 lixi
1237 3353 1381 3427 bierunt,
1399 3369 1485 3415 unus
1500 3369 1519 3414 a
1535 3353 1663 3416 dextris
1675 3356 1709 3416 et
1721 3354 1810 3416 alius
1824 3349 1943 3414 asinis·

311 3451 389 3514 sunt
409 3448 524 3522 sobrii,
541 3449 608 3510 alio
627 3448 776 3526 tempore
799 3449 895 3511 ebrii.
918 3449 992 3512 Alio
1012 3450 1107 3512 modo
1162 3451 1382 3514 trientinae
1406 3467 1490 3513 crux
1509 3449 1631 3513 dieitur
1651 3467 1671 3514 a
1695 3451 1854 3524 cruciatu,
1877 3446 1943 3525 quia
2045 3441 2046 3536 l

309 3547 410 3612 bomo
424 3547 512 3610 tollit
531 3559 663 3609 erucem
684 3563 790 3608 suam.
811 3551 919 3610 Suom
934 3547 1024 3620 dicit,
1041 3563 1107 3609 nou
1163 3544 1943 3626 quotiesoorpusnostrumaffligimustotlesou·

311 3645 467 3716 alienam,
484 3645 708 3706 voluntariam
720 3661 787 3706 non
802 3646 963 3718 coactam,
978 3646 1109 3723 sponta-
1163 3661 1234 3707 oem
1249 3643 1431 3722 portamus.

311 3757 408 3803 neem
423 3756 489 3802 non
506 3741 656 3814 invitam,
678 3757 737 3817 per
752 3743 923 3818 patientiae
937 3743 1105 3816 virtutem,
1202 3744 1357 3820 Legimus
1372 3745 1515 3821 quatuor
1531 3742 1635 3806 luisse
1654 3757 1780 3820 genera
1795 3743 1942 3818 lignomm

310 3855 379 3900 non
392 3853 452 3915 per
467 3838 615 3912 angariae
633 3839 835 3912 servitutem,
852 3841 931 3917 quia
950 3842 1017 3902 Deo
1041 3856 1108 3903 non
1162 3841 1196 3901 in
1208 3855 1306 3902 cruce
1318 3840 1449 3902 Domini
1460 3839 1653 3903 nostritesu
1663 3835 1800 3903 Christi.
1811 3839 1941 3900 Primum
2045 3843 2046 3922 3

310 3935 444 4013 plaoent
471 3935 584 3996 coacta
606 3934 754 3996 servitia.
786 3937 994 4012 Spontaneus
1019 3939 1107 3999 enim
1163 3939 1290 4014 lignum
1318 3935 1381 3999 fuit
1407 3937 1532 4015 palma,
1561 3938 1744 4000 secundum
1770 3945 1939 4015 cypressus,

246 4075 248 4078 -
311 4032 388 4094 tulit
403 4047 536 4094 orucem
550 4032 660 4104 loeus,
677 4031 718 4094 de
728 4047 792 4109 quo
803 4032 925 4110 legitur
939 4055 946 4094 :
962 4034 1008 4095 at
1018 4037 1109 4108 baju-
1161 4036 1297 4097 tertium
1309 4034 1409 4104 oliva,
1425 4037 1579 4113 quartum
1591 4035 1655 4097 tuit
1669 4035 1790 4098 cedrus
1805 4048 1866 4096 non
1881 4029 1942 4090 sine

310 4135 386 4192 mos
399 4133 464 4192 etbt
475 4144 614 4191 artacem
628 4130 740 4192 adivit
760 4134 798 4192 iu
814 4145 892 4193 eum
907 4134 966 4206 qut
981 4133 1109 4194 duitor
1162 4132 1281 4208 grandi
1298 4131 1448 4209 mysterii
1464 4131 1716 4208 signilloatione.
1736 4132 1848 4194 Palma
1866 4125 1941 4188 enim

311 4231 481 4290 Coloortoe
498 4233 592 4290 loeus
612 4225 723 4306 (Joan.
742 4243 814 4300 ιιι,
833 4227 896 4308 17).
918 4230 1008 4289 Crux
1028 4243 1107 4305 ergo
1162 4229 1293 4305 signum
1308 4225 1458 4291 victoriae
1473 4225 1533 4302 est,
1551 4229 1628 4307 quia
1644 4245 1686 4291 ex
1699 4245 1741 4291 ea
1756 4221 1941 4292 coronaban-
2045 4245 2046 4250 κ

311 4325 486 4388 sanitatem
495 4325 649 4398 restituit,
660 4325 922 4388 benedictionem
933 4327 1104 4404 impendit,
1161 4329 1216 4389 tur
1227 4327 1356 4404 antiqui
1374 4327 1529 4389 victores.
1546 4329 1584 4388 lit
1600 4327 1656 4390 ubi
1671 4329 1721 4390 est
1736 4327 1827 4389 ante
1844 4320 1938 4384 vieto·

310 4421 469 4484 discernit
483 4438 503 4484 a
517 4422 661 4498 perfidis,
678 4421 832 4486 liberata
847 4425 1016 4502 perieulis
1033 4425 1107 4488 hos·
1160 4423 1212 4486 ria
1226 4427 1262 4486 ut
1275 4424 1414 4486 victoria
1432 4425 1552 4496 erucis,
1576 4425 1611 4485 in
1631 4435 1696 4502 qua
1716 4423 1819 4486 David
1841 4417 1939 4482 noster

308 4519 360 4580 tes
374 4519 522 4594 expellit,
543 4519 687 4580 victores
708 4519 890 4583 constituit.
908 4523 997 4582 Grux
1016 4537 1106 4600 mys-
1159 4537 1238 4584 vere
1257 4537 1359 4584 manu
1384 4520 1481 4584 tortis
1507 4521 1540 4583 et
1563 4521 1699 4600 aspectu
1724 4513 1938 4584 desiderabilis
2045 4575 2046 4584 ,

308 4615 431 4676 terium
443 4613 530 4686 lidei,
542 4614 784 4680 firmamentum
793 4617 875 4693 spei,
888 4618 992 4680 clauis
1001 4620 1107 4680 seien-
1160 4630 1261 4680 manu
1279 4618 1399 4684 inermi
1421 4619 1454 4681 et
1472 4619 1572 4681 etiem
1592 4619 1684 4681 eruci
1701 4618 1801 4681 ailixa
1821 4607 1937 4676 Goliatb

309 4713 376 4782 tiae,
398 4710 504 4772 torma
526 4711 676 4788 iustitiae,
702 4713 949 4788 magnificentia
976 4728 1102 4792 regum,
1159 4713 1280 4794 dejecit
1293 4717 1326 4777 et
1339 4714 1519 4777 debellavit
1537 4727 1654 4777 aereas
1673 4705 1865 4792 potestatae'i
1879 4707 1937 4782 Gi·

307 4809 414 4886 gloria
449 4809 679 4882 sacerdotum,
716 4810 853 4888 inopum
887 4811 1102 4885 sustentatio,
1160 4815 1358 4890 pressusest
1373 4813 1474 4876 arbor
1489 4811 1569 4874 boni
1583 4809 1706 4875 odoris.
1728 4815 1768 4876 ut
1786 4810 1869 4873 certe
1882 4813 1937 4864 11011

307 4922 492 4986 pauperum
512 4907 706 4981 consolatio,
725 4923 889 4971 oaeeorum
908 4908 986 4982 dux,
1009 4909 1104 4972 olau-
1159 4910 1303 4974 estodor
1316 4911 1839 4990 sicutodoreruois,eujusodore
1848 4899 1936 4966 multa
2045 4957 2046 4960 ,

306 5006 422 5068 dorum
442 5004 591 5076 baculus,
615 5019 691 5082 spes
705 5006 968 5084 desperatorum,
985 5023 1103 5070 resur·
1159 5021 1298 5086 corpore
1312 5010 1586 5086 sanctorumquae
1607 4999 1936 5079 semimutato
2045 5043 2046 5048 κ

306 5104 410 5166 rectio
422 5104 640 5165 mortuorum·
865 5113 868 5120 '
1158 5109 1290 5180 xerunt,
1308 5107 1341 5168 et
1358 5107 1522 5169 venerunt
1543 5107 1580 5167 in
1603 5107 1751 5170 sanctem
1773 5097 1934 5166 niualem.

346 5203 436 5262 crux
457 5201 568 5263 autam
596 5199 818 5278 spiritualiter
835 5203 869 5265 et
885 5203 1105 5267 materialiter
1159 5203 1287 5266 scilieet
1301 5202 1499 5277 Jerusalem,
1523 5204 1555 5267 et
1576 5203 1801 5282 apparuerunt
1822 5190 1932 5260 multis·
2045 5247 2046 5258 ,

304 5296 443 5359 tollitur.
464 5298 590 5360 Invitus
610 5298 721 5359 autem
740 5299 818 5361 tulit
837 5313 969 5362 crucem
990 5300 1103 5361 Simon
1159 5302 1253 5364 Oliva
1273 5317 1333 5363 suo
1351 5303 1492 5380 liquore,
1518 5303 1576 5380 qui
1597 5303 1727 5364 caeteris
1747 5286 1932 5377 supernatat,
2045 5357 2046 5380 ἒ

306 5396 494 5470 Cyrenaeus,
512 5393 552 5456 de
568 5411 631 5471 quo
655 5396 777 5472 legitur
798 5393 884 5474 quod
904 5399 1104 5473 angariave—
1157 5401 1421 5463 misericordiam
1432 5401 1577 5478 praefert,
1589 5401 1666 5462 etin
1677 5411 1828 5478 pressura
1838 5385 1933 5454 crude
2045 5399 2046 5464 ζ

305 5495 385 5553 runt
399 5505 475 5552 eum
484 5491 914 5557 uttolleretoruoemlasu.
931 5499 1023 5556 Tunc
1037 5511 1102 5557 au·
1158 5499 1339 5576 eliquatum
1355 5501 1406 5561 eet
1428 5498 1510 5559 illud
1526 5497 1647 5571 oleum,
1664 5497 1749 5576 quod
1770 5485 1932 5559 samarita-
1989 5549 1993 5561 .

304 5589 371 5652 tem
388 5586 486 5650 homo
501 5587 536 5651 in
549 5589 830 5664 engeriaoruoem
840 5593 959 5669 portat,
971 5593 1102 5671 quando
1158 5609 1221 5659 nus
1235 5595 1358 5660 inludit
1371 5593 1567 5660 vulneribus
1580 5595 1733 5660 sauciati.
1751 5591 1866 5657 cedma
1882 5591 1930 5642 ar·
2045 5639 2046 5686 3
