4234 6442
125 220 183 280 417
766 215 995 276 EPISTOLAE.
1019 215 1096 278 bia.
1121 217 1145 276 Ι.
1724 221 1783 280 418

126 381 281 458 turo,per
289 393 325 440 se
332 376 385 440 vel
393 375 642 454 procuratorem
651 371 926 452 idoneummpos-
979 375 1091 452 prium
1108 373 1271 449 babeatis,
1284 377 1317 440 et
1326 377 1355 439 si
1366 376 1444 454 quid
1453 376 1593 450 habetis,
1608 378 1644 438 in
1661 379 1783 455 prioris

125 479 227 541 tolico
247 476 439 555 conspectui
464 491 501 540 se
520 477 700 553 praesentet
713 461 924 540 exhibiturus
979 474 1082 536 vestri
1098 473 1251 536 manibus
1270 473 1459 552 resignetis.
1476 475 1685 552 ecquonam
1702 491 1783 538 cen-

128 577 161 638 et
174 576 368 654 recepturus
390 589 491 652 super
510 574 563 646 iis,
586 572 671 650 quod
685 574 831 650 postulat
844 576 925 637 ordo
980 587 1060 632 sura
1073 571 1211 644 silentii,
1221 571 1316 650 quasi
1328 572 1478 650 quaedam
1491 574 1596 634 clavis
1608 573 1784 636 estobser·

124 675 236 750 juris:
253 671 403 750 alioquin
423 687 465 732 ne
480 671 673 733 mandatum
699 661 925 748 apostolicum
979 670 1100 730 vantiae
1113 671 1290 745 regularis,
1308 671 1520 747 praecipimus
1534 673 1570 734 ut
1591 687 1611 733 a
1630 673 1783 749 comple-

126 772 247 835 totiens
283 771 425 832 elusisse
451 770 623 835 videatur,
638 770 786 846 impune,
818 770 924 846 ipsum
979 766 1065 828 torio
1093 768 1311 844 praecedentis
1337 768 1404 829 diei
1419 785 1526 846 usque
1558 769 1599 830 ad
1632 770 1782 842 missam,

126 871 258 940 extunc,
273 868 403 930 sublato
414 864 592 945 cujuslibet
606 867 877 929 contradictionis
893 868 925 928 et
980 880 1053 941 quae
1081 865 1270 928 cantabitur
1303 866 1338 927 in
1368 867 1468 928 tertia
1497 867 1665 944 sequentis
1698 867 1779 935 diei,

126 966 358 1042 appellationis
382 965 564 1037 obstaculo,
593 965 635 1026 ab
650 965 760 1026 officio
776 967 809 1027 et
821 965 926 1026 bene·

125 1065 201 1124 ficio
224 1065 445 1147 suspendatis.
468 1065 540 1126 Dat.
565 1066 669 1138 Anag.
684 1066 744 1124 Vll
764 1062 831 1124 kal.
847 1065 920 1140 Jun.

126 1177 181 1220 an.
197 1162 225 1221 1.

397 1275 658 1396 cccxxviii

126 1429 178 1488 Ad
195 1430 354 1500 priorem
380 1427 415 1490 et
436 1427 569 1514 fratres
593 1427 706 1488 sancti
730 1429 862 1504 Apnettt
884 1429 924 1487 de

430 1521 614 1587 (liceretne.

418 1640 454 1706 26
466 1649 533 1706 maii
550 1648 628 1705 1217.

242 1761 414 1828 [Spitilagiam
430 1761 604 1820 liberianum,
615 1777 640 1826 p.
653 1761 708 1820 727,
720 1776 745 1813 n.
757 1762 810 1826 bt]

128 1869 269 1926 statutum
285 1869 359 1940 quod
372 1867 518 1926 lohannes
529 1869 572 1926 tit.
588 1870 615 1926 S.
629 1868 766 1927 Praxedis
778 1867 926 1943 presbyter

159 1966 229 2015 tunc
250 1958 278 2016 S.
297 1957 394 2014 blaciae
415 1958 443 2013 in
457 1959 509 2016 Via
529 1958 585 2014 lata
606 1957 744 2015 diaconus
758 1957 923 2027 cardinalis,

157 2061 248 2118 super
271 2044 474 2102 reformatione
499 2044 602 2104 domus
625 2060 724 2103 eorum
746 2045 922 2116 condiderat,

161 2149 298 2208 cujusque
306 2140 387 2190 tenor
398 2133 587 2206 presentibus
596 2135 696 2191 litteris
707 2133 859 2192 adnotatus
869 2141 923 2204 est,

159 2223 321 2282 conflrnrut.

96 2329 98 2332 ’
165 2333 333 2394 Honorius
348 2333 523 2410 episeopus
545 2347 661 2394 servus
676 2347 849 2394 servorum
864 2331 924 2393 uei

126 2430 255 2492 dilectis
266 2431 346 2493 filiis
354 2431 459 2508 priori
470 2429 668 2491 etfratribus
677 2428 924 2504 sanctiAgnelli

123 2526 165 2588 de
181 2529 359 2600 Guarcino,
377 2527 517 2588 salutem
533 2527 566 2588 et
583 2526 808 2603 apostolicam
822 2526 925 2588 bene-

126 2625 316 2688 dictionem.

164 2722 268 2787 iustis
293 2723 473 2800 petentium
507 2721 683 2784 desideriis
711 2721 847 2798 dignum
874 2723 924 2782 est

125 2838 185 2895 nos
198 2822 329 2884 facilem
344 2821 493 2898 praebere
509 2836 705 2882 consensum
718 2819 751 2881 et
764 2819 840 2882 vola
850 2836 923 2897 quae

124 2936 145 2981 a
167 2919 306 2981 rationis
333 2919 466 2980 tramite
486 2933 555 2980 non
580 2917 781 2988 discordant,
803 2915 923 2979 effectu

124 3018 356 3094 prosequente,
387 3016 563 3092 complere.
591 3016 784 3092 Eapropter,
810 3015 922 3076 dilecti

125 3112 921 3190 inDominofllii,vestrisjustispostulationibus

124 3214 219 3288 grato
255 3213 491 3274 concurrentes
524 3227 684 3284 assensu,
711 3212 871 3274 statutum
902 3227 921 3273 a

124 3311 219 3372 bonae
243 3311 412 3372 memoriae
433 3313 562 3372 Joanne
577 3309 673 3373 titulo
688 3311 812 3372 sancte
838 3313 923 3371 Pra-

123 3407 219 3470 xedis
235 3407 437 3486 presbytero,
454 3408 533 3469 tunc
544 3408 668 3470 sanctae
680 3407 797 3468 Mariae
811 3406 922 3468 invia

124 3504 193 3566 lata
207 3505 347 3568 diacono
371 3503 553 3574 cardinale,
572 3518 672 3579 super
687 3502 922 3564 reformatione

124 3603 241 3664 domus
264 3602 385 3664 vestrae
410 3601 588 3672 conditum,
612 3594 860 3676 sicut'provide
882 3615 922 3660 ac

123 3699 252 3760 utiliter
272 3699 395 3761 factum
423 3700 483 3769 est,
514 3697 548 3758 et
570 3697 604 3758 in
631 3696 823 3758 authentico
844 3696 921 3758 inde

124 3796 273 3860 confecto
308 3797 440 3874 plenius
478 3795 683 3866 continetur,
725 3794 921 3856 auctoritate

123 3894 314 3972 apostolica
327 3893 572 3964 confirmamus,
583 3893 615 3954 et
623 3891 797 3968 praesentis
806 3891 923 3968 scripti

123 3987 310 4066 patrocinio
333 3987 585 4048 communimus.
605 3987 704 4062 Cujus
717 3985 866 4046 tenorem
881 3985 921 4048 de

122 4085 225 4148 verbo
240 4084 430 4146 adverbum
446 4075 664 4160 praesentibus
685 4082 804 4145 litteris
815 4084 922 4161 jussi-

979 962 1150 1024 silentium
1172 964 1366 1026 continuum
1387 966 1584 1026 conservent
1598 966 1631 1026 et
1652 981 1783 1042 semper

978 1059 1015 1119 in
1032 1060 1228 1123 dormitorio
1242 1061 1322 1123 etin
1335 1078 1461 1123 mensa.
1475 1062 1559 1124 Aliis
1568 1062 1678 1125 autem
1689 1063 1781 1124 boris

979 1159 1012 1218 et
1029 1157 1112 1220 locis
1135 1158 1258 1220 fratres
1280 1175 1346 1220 non
1371 1160 1491 1222 vacent
1505 1159 1639 1232 fabulis,
1656 1160 1714 1220 sed
1727 1161 1782 1221 in-

979 1255 1116 1318 tendant
1149 1257 1237 1318 serio
1264 1259 1313 1318 eis
1343 1258 1529 1334 praesertim
1556 1273 1630 1336 quaa
1656 1259 1777 1319 statum

979 1353 1107 1426 domuc,
1122 1355 1177 1416 vel
1189 1355 1331 1416 salntem
1347 1356 1558 1432 respexerint
1579 1357 1778 1416 animarum.

979 1451 1061 1512 Item
1081 1451 1270 1524 statuimus,
1288 1455 1325 1515 ut
1338 1453 1491 1514 conversi
1507 1453 1631 1530 absque
1646 1453 1780 1529 urgenti

980 1549 1186 1620 necessitate,
1204 1551 1257 1612 vel
1277 1551 1421 1613 evidenti
1444 1552 1587 1613 utilitate
1608 1551 1778 1622 Ecclesiae,

979 1647 1037 1709 aut
1059 1647 1196 1725 speciali
1221 1649 1377 1710 mandato
1406 1649 1540 1726 prioris
1572 1647 1612 1710 ab
1639 1647 1780 1710 ecclesia

979 1744 1778 1823 sanctiLucaeinferiusnondescendantneque...

979 1840 1124 1904 audeant
1151 1857 1191 1904 eo
1216 1843 1270 1905 die
1298 1859 1362 1920 quo
1388 1843 1512 1906 fuerint
1537 1844 1578 1905 ad
1603 1843 1778 1906 ecclesiam

978 1941 1170 2013 reversuri;
1196 1957 1258 2002 nec
1277 1940 1360 2002 viris
1379 1940 1597 2002 secularibus
1611 1956 1709 2016 prece
1726 1941 1780 2002 vel

979 2037 1085 2112 pretio
1100 2052 1218 2113 operas
1234 2053 1312 2098 suas
1325 2038 1445 2109 locent,
1458 2039 1552 2100 salvo
1562 2039 1674 2099 tamen
1684 2053 1781 2098 man·

979 2133 1056 2195 dato
1071 2134 1206 2212 prioris.
1222 2134 1406 2212 AdJ‘icimus
1420 2135 1519 2196 etiam
1538 2136 1575 2196 ut
1589 2149 1779 2196 mensarum

978 2231 1129 2308 reliqniae
1153 2247 1218 2293 non
1241 2233 1452 2309 applicentur
1471 2232 1585 2294 usibus
1609 2233 1696 2305 aliis,
1720 2233 1778 2294 sed

978 2345 1038 2407 per
1061 2345 1146 2402 eum,
1174 2347 1271 2408 quem
1298 2331 1391 2406 prior
1409 2331 1450 2391 ad
1474 2331 1538 2392 boc
1559 2331 1777 2406 deputaverit,

979 2426 1179 2503 pauperibus
1213 2429 1417 2502 erogentur3
1453 2429 1630 2504 nullusque
1659 2444 1778 2505 panem

979 2523 1149 2584 cambiare
1165 2526 1356 2600 praesumat,
1379 2524 1436 2586 sed
1459 2541 1574 2586 omnes
1596 2526 1664 2586 tam
1679 2542 1776 2601 pane,

978 2637 1076 2698 quam
1108 2622 1184 2683 vino
1214 2623 1247 2684 et
1272 2621 1450 2698 pulmentis
1476 2621 1601 2683 eisdem
1630 2623 1776 2694 utantur,

978 2719 1081 2780 salvis
1116 2719 1368 2781 necessitatibus
1403 2719 1627 2792 infirmorum,
1658 2720 1777 2796 quibus

978 2832 1037 2894 per
1050 2817 1173 2892 prioris
1188 2817 1456 2890 sollicitudinem,
1469 2819 1564 2896 juxta
1583 2816 1777 2880 facultatem
1807 2855 1810 2862 -

977 2913 1122 2987 domne,
1164 2915 1354 2975 necessaria
1391 2916 1544 2977 volumus
1579 2915 1774 2976 ministrari.

977 3012 1174 3074 Mandamus
1201 3011 1366 3086 similiter,
1392 3014 1429 3075 ut
1455 3013 1619 3086 conversi,
1655 3013 1712 3092 qui
1734 3013 1776 3074 ad

978 3110 1147 3172 exteriora
1169 3113 1294 3172 exeunt
1307 3111 1526 3188 procuranda,
1549 3111 1706 3188 quidquid
1727 3112 1775 3174 eis

977 3207 1016 3268 de
1028 3209 1157 3284 justitia
1171 3209 1235 3269 sibi
1250 3208 1326 3271 data
1349 3209 1524 3286 supererit,
1537 3209 1578 3270 ad
1603 3209 1776 3270 cellarium

976 3320 1051 3364 cum
1072 3305 1263 3381 integritate
1284 3307 1464 3382 reportent
1490 3306 1648 3366 Mulieres
1665 3309 1776 3368 autem

976 3403 1011 3462 in
1027 3402 1167 3463 ecclesia
1183 3403 1289 3464 sancti
1305 3407 1413 3473 Lucae,
1429 3403 1481 3463 vel
1495 3403 1597 3479 septis
1612 3403 1718 3479 ipsius
1733 3386 1775 3464 ad

976 3498 1775 3577 purgandumtriticum‚velbujusmodiobsequia

976 3596 1166 3659 nullatenus
1195 3596 1424 3658 admittantur.
1452 3596 1501 3657 Ad
1525 3596 1597 3658 baec
1626 3595 1776 3660 districte

976 3695 1136 3766 vetamus,
1150 3709 1192 3754 ne
1207 3709 1288 3770 quos
1304 3694 1476 3756 decaetero
1492 3694 1527 3755 in
1540 3695 1687 3757 vestrum
1700 3711 1777 3757 con·

977 3791 1116 3852 sortium
1148 3791 1341 3864 admittatis,
1370 3793 1436 3852 nisi
1466 3793 1578 3855 statim
1612 3792 1772 3862 habitum,

976 3888 1092 3950 saltem
1117 3890 1317 3951 novitiorum
1346 3890 1503 3954 duxerint
1526 3892 1771 3953 assumendum.

976 3987 1037 4059 Qui
1057 3986 1086 4048 si
1107 3989 1182 4065 post
1201 3989 1331 4064 tempus
1352 3987 1558 4066 probationis
1584 3988 1775 4052 distulerint

975 4085 1214 4161 professionem
1259 4087 1368 4147 facere
1411 4087 1611 4162 regularem,
1641 4088 1773 4162 penitus

122 4198 197 4244 mus
208 4182 360 4244 adnotari
373 4180 428 4258 qui
443 4181 494 4242 est
507 4181 599 4242 talis:

161 4279 415 4343 venerabilibus
428 4279 578 4341 honestis
593 4279 675 4340 viris
690 4279 794 4356 priori
810 4279 843 4341 et
857 4277 921 4340 fra·
974 4297 1058 4352 rum,
1077 4282 1135 4357 qui
1150 4280 1248 4341 aliter
1262 4279 1386 4342 fuerint
1399 4281 1534 4357 recepti,
1550 4281 1615 4341 nisi
1627 4281 1667 4341 ad
1686 4297 1773 4356 prae-

120 4377 228 4442 tribus
253 4379 359 4440 sancti
373 4376 492 4454 Angeli
512 4376 552 4438 de
572 4377 738 4438 Guarcino
759 4379 917 4450 loannes,
975 4379 1077 4440 fixum
1091 4377 1269 4440 terminum
1285 4377 1349 4437 sibi
1362 4379 1550 4455 receperint
1562 4377 1724 4450 habitum,
1741 4380 1774 4440 et

121 4476 180 4537 Dei
191 4477 299 4552 gratia
310 4476 434 4538 sanctae
442 4475 557 4536 Mariae
565 4475 601 4536 in
610 4475 672 4539 Via
682 4475 748 4536 lata
760 4474 919 4536 diaconus
975 4476 1166 4540 curaverint
1191 4476 1351 4553 profiteri,
1372 4476 1547 4538 ecclesiam
1560 4479 1703 4538 vestram
1720 4476 1774 4537 de-

122 4573 313 4646 cardinalis,
342 4575 378 4635 in
411 4589 502 4634 vero·
521 4573 663 4636 salutari
689 4573 841 4636 salutem.
869 4573 919 4634 ad
974 4575 1141 4635 cernimus
1167 4572 1363 4645 absolutam,
1392 4573 1510 4650 quibus
1536 4573 1647 4646 etiam,
1678 4575 1779 4636 ante-

122 4668 382 4732 ecclesiastioam
404 4671 662 4734 sollicitudinem
686 4671 829 4749 pertinet
842 4687 921 4748 per·
974 4688 1072 4750 qnam
1087 4671 1250 4750 recipiant
1269 4671 1428 4744 habitum,
1447 4688 1488 4733 ne
1512 4672 1590 4748 quid
1612 4673 1652 4733 de
1675 4672 1773 4734 domo

122 4781 279 4828 sonarum
303 4767 454 4842 plantare
471 4768 617 4830 salubria
642 4767 675 4831 et
695 4769 797 4831 noxia
814 4769 920 4830 extir-
974 4771 1069 4848 quasi
1084 4770 1233 4832 habitum
1247 4770 1393 4846 erigant,
1412 4769 1644 4846 probibemus3
1662 4770 1772 4832 inter-

121 4880 213 4942 pare,
238 4866 272 4926 ut
291 4879 372 4940 ager
395 4863 580 4926 dominicus
606 4868 698 4929 tanto
727 4868 861 4930 uberius
884 4869 919 4928 in
974 4868 1120 4929 dicentes
1131 4867 1295 4938 similiter,
1311 4882 1352 4928 ne
1365 4866 1486 4928 fratres
1509 4868 1587 4928 laici
1603 4866 1644 4928 ad
1658 4867 1772 4928 domos

122 4978 266 5024 messem
281 4961 485 5024 fructiferam
494 4964 667 5038 germinet,
684 4967 806 5042 quanto
822 4967 921 5028 aste-
974 4981 1125 5037 suorum,
1161 4965 1233 5026 sine
1262 4963 1383 5040 prioris
1414 4964 1569 5036 licentia,
1605 4963 1773 5026 declinare

120 5060 240 5122 rilibus
268 5057 442 5120 fruticibus
466 5058 660 5135 profundius
685 5062 785 5125 fuerit
810 5065 918 5125 extir-
974 5061 1185 5140 praesumant,
1201 5061 1302 5123 etiam
1321 5061 1450 5122 eumad
1466 5061 1634 5122 exteriora
1649 5063 1774 5123 exeunt

121 5161 229 5236 patus.
243 5158 293 5220 Ad
308 5156 919 5232 correctionemigicuroomusvestre
974 5159 1207 5238 procuranda,
1246 5159 1298 5220 vel
1333 5157 1478 5222 adierint
1523 5175 1582 5235 pro
1615 5158 1772 5220 Ecclesiae

120 5273 139 5318 a
156 5257 295 5320 Domino
315 5257 429 5318 nostro
446 5270 574 5316 summo
590 5256 749 5317 Pontiilce
763 5256 918 5333 delegati,
974 5257 1172 5319 necessitate
1185 5255 1399 5317 Guarcinum.
1423 5255 1515 5316 Nulli
1534 5271 1614 5331 ergo
1637 5256 1772 5317 omnino

121 5355 162 5416 de
177 5354 316 5417 consilio
331 5352 533 5416 venerabilis
548 5353 653 5430 patris
667 5352 796 5416 abbatis
812 5357 920 5418 sancti
974 5355 1145 5424 bominum
1160 5354 1260 5416 liceat
1271 5353 1357 5414 banc
1372 5354 1527 5430 paginam
1543 5354 1665 5417 nostrae
1688 5369 1772 5417 con-

122 5454 268 5525 Matbaei,
294 5451 457 5514 deservis
477 5451 548 5524 Dei,
572 5467 637 5528 qua
651 5451 822 5528 fungimur
834 5469 919 5515 auc·
975 5451 1171 5514 firmationis
1183 5450 1366 5528 infringere
1383 5452 1436 5512 vel
1452 5451 1485 5511 ei
1499 5453 1772 5514 ausutemerario

121 5549 266 5620 feritate,
283 5549 471 5620 statuimus,
494 5548 529 5610 ut
543 5548 583 5611 de
598 5551 719 5612 cetero
735 5549 819 5611 nibil
838 5566 919 5627 pro·
975 5550 1153 5620 contraire.
1189 5551 1224 5612 Si
1262 5549 1337 5628 quis
1368 5551 1478 5612 autem
1514 5548 1579 5610 boc
1610 5548 1773 5613 attentare

264 5677 378 5720 rimor..
398 5677 473 5720 roms
492 5661 530 5722 11.
1599 5662 1632 5722 lt

975 4183 1195 4260 expellantur.
1217 4185 1379 4244 Caeterum
1399 4183 1440 4244 ab
1465 4184 1672 4259 impetitione
1697 4184 1775 4246 illo-
