4200 6404
123 286 186 352 189
320 365 325 376 ¹
417 281 504 346 XVI.
518 310 559 328 ··
580 281 625 344 IN
646 279 777 344 FESTO
801 279 1058 342 SANGTORUM
1078 278 1257 344 JoaNNIS
1278 279 1331 342 ΕΤ
1351 281 1490 344 Paula.
1724 283 1784 350 190

122 445 260 517 iratres,
277 443 357 522 quia
371 440 411 504 de
421 457 488 504 uno
502 440 601 504 Patre
615 441 683 503 Deo
696 439 729 503 et
740 455 809 502 una
820 439 927 502 matre
980 438 1129 516 virgines
1144 439 1246 504 sortes
1256 441 1393 520 propter
1407 457 1542 505 carnem
1555 441 1781 522 incorruptam

121 543 276 608 Ecclesia
285 541 465 603 secundum
473 539 615 617 gratiam
626 539 698 602 nati
708 539 928 615 sonumque
982 553 1056 617 quae
1071 537 1166 601 sortis
1189 539 1239 601 est
1258 539 1298 602 ad
1318 540 1539 603 resistendum
1553 541 1655 604 vitiis.
1674 543 1780 620 Unde,

122 641 242 713 litatis,
257 639 334 718 quia
347 637 492 715 aequales
505 636 687 700 creduntur
698 651 771 698 esse
784 636 924 709 meritis,
982 636 1060 713 quia
1078 636 1167 698 istud
1187 652 1264 699 raro
1287 637 1418 712 accidit,
1436 639 1597 717 quaeritur
1612 641 1681 703 sic:
1696 645 1781 704 Ma-

123 739 215 802 sicut
226 737 262 799 in
275 737 441 815 passione.
452 733 717 798 Deiraternitate
728 733 927 812 equalitatis
981 739 1102 798 lteram
1119 737 1247 810 sortem
1263 740 1340 812 qais
1359 739 1535 802 inveniet?
1548 737 1661 819 (Prov.
1684 757 1780 814 xxxr,

123 837 250 899 dicitur
271 835 308 896 in
332 832 544 896 Proverbiis:
560 832 746 900 catamare
765 832 798 894 et
817 834 929 893 disso-
984 831 1047 911 10).
1076 833 1198 895 Mulier
1224 833 1392 910 significat
1417 850 1563 899 carnem.
1593 838 1673 900 Vult
1701 854 1781 917 ergo

123 936 220 997 atas
234 934 333 995 estin
345 945 449 1006 opere
462 945 536 1004 suo,
548 932 663 1006 trater
676 932 728 994 est
741 945 807 991 sua
821 943 928 1005 opera
983 929 1118 995 dicere:
1141 932 1219 1004 Quis
1244 931 1392 995 inveniet
1410 949 1544 996 carnem
1566 933 1694 1010 sortem,
1709 951 1784 1016 quae
1872 921 1877 933 ¹

122 1031 330 1106 campanea
349 1028 462 1109 (Pron.
478 1044 575 1102 xvrn,
594 1027 639 1109 9),
662 1027 750 1090 idest
773 1026 924 1106 aequalis.
982 1029 1109 1090 tantam
1125 1029 1344 1092 solethabere
1358 1029 1593 1108 fragilitatem?

122 1126 334 1200 Dilectionis,
349 1127 428 1206 quia
441 1127 477 1188 in
491 1125 643 1188 vita-sua
669 1123 860 1188 dilexerunt
879 1139 926 1197 se,
1024 1129 1360 1206 Quatuorquadrigae,
1373 1130 1712 1209 quatuorEvangelia,
1729 1131 1783 1194 rel
1853 1159 1863 1172 ·

122 1229 157 1290 et
180 1228 218 1289 in
242 1226 349 1288 morte
374 1240 442 1287 non
470 1226 547 1286 sunt
577 1223 735 1301 separati,
757 1222 835 1303 quia
861 1237 928 1283 uno
984 1223 1127 1299 quatuor
1136 1223 1242 1284 status
1254 1224 1411 1286 Ecclesiae
1427 1226 1514 1298 sunt,
1528 1226 1666 1300 scilicet,
1676 1231 1785 1304 Apos-

121 1325 301 1404 martyrio,
318 1321 525 1400 martyrizati
535 1321 622 1394 sunt,
640 1323 673 1385 et
683 1321 720 1383 in
734 1337 801 1383 uno
817 1320 931 1400 sepul·
983 1319 1138 1394 talorum,
1163 1321 1359 1399 Martyrum,
1384 1323 1627 1398 consessorum,
1652 1325 1685 1385 et
1705 1324 1785 1387 Vir-

123 1423 210 1485 chro
236 1420 366 1500 sepulti.
397 1420 492 1484 Unde
520 1421 610 1482 canit
631 1420 802 1482 Ecclesia:
817 1421 930 1481 «Haec
984 1418 1111 1494 ginum.
1128 1419 1199 1480 Duo
1222 1420 1352 1481 montes
1366 1419 1408 1480 de
1432 1421 1551 1497 quibus
1564 1421 1783 1497 egrediuntur

123 1522 279 1584 estoera
292 1517 501 1594 fraternitas
516 1532 593 1592 quae
610 1531 801 1594 numquam
816 1515 931 1592 potua
985 1513 1058 1577 istae
1072 1517 1214 1593 quatuor
1227 1516 1397 1595 quadrigae
1405 1519 1481 1580 sunt
1491 1518 1650 1580 divinitas
1661 1517 1784 1581 Christi

123 1621 256 1682 nictari
269 1617 472 1688 certamine,
491 1619 573 1691 qaia
594 1631 685 1678 unas
705 1614 772 1692 fait
785 1613 931 1688 sparatus
986 1611 1602 1692 ethumanitas.1)equibusmontibus
1617 1615 1786 1678 diciturin

123 1720 165 1778 tn
181 1718 234 1777 ets
249 1715 283 1776 et
296 1729 368 1775 aaa
382 1713 466 1786 lidae
476 1727 506 1773 a.
985 1714 1085 1774 Amos
1098 1733 1106 1772 ε
1118 1717 1160 1774 la
1175 1715 1233 1774 tila
1248 1715 1303 1776 die
1323 1714 1498 1775 stillabant
1512 1714 1647 1776 montes
1670 1716 1785 1778 dawe-

167 1813 212 1875 lli
235 1811 312 1874 sunt
332 1811 409 1888 equi
428 1808 491 1870 ruli
527 1809 708 1887 dequibus
731 1807 872 1885 legimus
895 1806 932 1868 in
986 1813 1101 1872 dinem
1132 1808 1246 1889 (Amos
1258 1825 1305 1884 11,
1323 1809 1386 1890 13).
1399 1811 1590 1873 lsttmontes
1606 1813 1682 1874 sunt
1693 1813 1784 1875 aerei.

125 1909 312 1974 Zacharia:
329 1910 544 1969 «Conversus
559 1921 633 1968 sum
644 1907 677 1969 et
691 1906 801 1968 levari
818 1903 931 1968 oculos
986 1907 1125 1969 struas
1147 1898 1246 1970 habet
1267 1908 1489 1986 proprietates
1510 1925 1555 1970 aes
1573 1931 1579 1969 :
1597 1912 1647 1972 est
1665 1910 1785 1971 durum

126 1991 932 2083 meos,etridi;eteccequatuorquadrigaeegre-
987 2005 1020 2066 et
1032 2001 1338 2068 sonorumburitia
1349 2005 1504 2068 convenit
1514 2006 1728 2085 Deitati,quae
1737 2007 1788 2070 est

127 2106 261 2168 dientes
274 2105 432 2167 demedio
448 2104 589 2165 duorum
602 2103 775 2174 montium,
790 2101 822 2163 et
836 2116 934 2162 mon·
987 2103 1181 2164 indeficiens
1194 2104 1226 2165 et
1238 2103 1513 2181 incorruptibilia.
1530 2105 1701 2167 sonoritas
1710 2121 1787 2166 con·

128 2206 195 2292 tea,
215 2203 345 2264 montes
367 2201 459 2262 aerei.
489 2201 527 2261 ln
549 2199 711 2278 quadriga
733 2199 841 2276 prima
855 2195 933 2275 equi
987 2199 1079 2263 venit
1097 2199 1307 2264 humanitati.
1333 2203 1372 2262 In
1393 2217 1523 2264 omnem
1547 2203 1636 2264 enim
1660 2203 1785 2265 terram

90 2298 93 2302 ’
128 2301 208 2374 rufi,
226 2301 262 2362 in
278 2299 439 2377 quadriga
450 2297 595 2360 secunda
606 2297 681 2376 equi
691 2296 791 2373 nigri,
803 2296 838 2358 in
850 2311 934 2373 qua·
988 2299 1143 2361 conuenit
1157 2315 1257 2360 sonus
1273 2301 1345 2377 ejus
1361 2300 1393 2360 et
1405 2315 1551 2361 suorum.
1574 2301 1616 2361 lli
1632 2303 1710 2362 sunt
1729 2299 1786 2378 qui

127 2399 229 2475 driga
246 2397 346 2459 tertia
366 2397 443 2475 equi
465 2395 543 2469 albi,
571 2396 607 2457 in
629 2395 791 2473 quadriga
815 2393 933 2473 quarta
988 2397 1188 2475 acceperunt
1201 2396 1311 2459 locum
1330 2397 1445 2459 subtus
1460 2398 1566 2461 altare
1581 2397 1651 2471 Dei,
1673 2413 1788 2460 secun·

127 2497 208 2575 eqni
224 2496 310 2559 rarii
324 2495 437 2574 (zach.
457 2496 537 2567 r1,1
562 2493 595 2556 et
619 2491 716 2573 seq).
743 2495 809 2554 Per
831 2507 933 2569 equos
987 2494 1066 2556 dum
1094 2495 1180 2572 quod
1206 2494 1329 2571 legitur
1353 2495 1389 2555 in
1417 2495 1618 2574 Apocalypsi
1642 2512 1649 2555 :
1675 2497 1787 2558 «Cum

129 2595 255 2657 rubros
270 2590 667 2669 significanturhpostoli,
680 2590 736 2668 qni
744 2591 780 2651 in
788 2592 807 2653 J
810 2589 934 2652 eremia
988 2609 1006 2654 a
1029 2593 1238 2670 aperuissent
1250 2591 1400 2670 quintum
1413 2592 1571 2668 sigillum,
1587 2593 1656 2654 vidi
1672 2593 1787 2654 subtus

130 2691 294 2754 dicuntur
310 2688 566 2752 rubicundiores
579 2687 679 2750 ebore
699 2687 846 2765 antiquo.
864 2687 934 2748 Nec
988 2707 1007 2752 c
1028 2689 1135 2752 altare
1149 2689 1278 2752 animas
1292 2689 1541 2752 interfectorum
1557 2691 1692 2767 propter
1704 2705 1788 2752 ver-

128 2791 256 2852 mirum
271 2789 301 2850 si
316 2789 393 2850 sunt
404 2786 593 2859 rubicundi,
611 2787 690 2864 quia
705 2801 806 2864 super
819 2800 934 2846 omnes
988 2806 1007 2849 a
1027 2787 1107 2849 bum
1133 2785 1205 2861 Dei,
1233 2787 1266 2850 et
1296 2787 1430 2866 propter
1446 2787 1675 2850 testimonium
1699 2787 1787 2865 quod

131 2889 221 2951 allos
238 2887 335 2949 amnt
348 2887 425 2963 igne
445 2884 620 2947 charitatis
645 2883 789 2946 accensi.
810 2885 857 2945 De
869 2895 933 2961 quo
988 2903 1007 2948 ‹
1028 2885 1205 2948 habebant.
1232 2885 1273 2948 nt
1286 2885 1473 2948 clamabant
1490 2900 1573 2948 voce
1587 2901 1708 2962 magna
1730 2885 1786 2947 di-

130 2982 932 3062 ignedicitur:lqaemoeatmttteretaterram,
988 2986 1140 3048 «centes
1157 3006 1165 3046 ι
1182 2985 1371 3062 Usquequo,
1398 2982 1548 3058 Domine,
1581 2984 1715 3046 sanctus
1755 2982 1788 3046 et

131 3083 167 3146 et
181 3085 350 3158 qutacolo
372 3083 442 3142 atsi
461 3081 501 3142 ut
518 3079 665 3142 ardeat?
680 3077 774 3158 (Luc.
789 3093 851 3152 xrr,
867 3075 932 3158 49).
989 3099 1129 3145 «verus
1146 3098 1213 3144 non
1229 3081 1380 3144 vindicas
1401 3081 1598 3158 sanguinem
1618 3081 1789 3144 nostrum?

130 3183 200 3244 Per
209 3170 313 3258 equos
321 3178 414 3240 albos
423 3177 837 3257 significanturmartyres.
848 3178 934 3238 Nam
989 3197 1007 3242 a
1029 3181 1069 3242 nt
1090 3178 1175 3242 datae
1194 3179 1271 3241 sunt
1285 3177 1353 3242 illis
1378 3179 1519 3256 singulae
1535 3179 1629 3241 stolae
1644 3178 1741 3253 albae,
1757 3177 1791 3241 et

130 3279 175 3341 de
189 3276 392 3355 martyribus
408 3275 530 3338 dicitur
544 3292 551 3338 :
567 3277 634 3339 Isti
650 3277 733 3338 suat
753 3277 811 3350 qai
825 3287 933 3336 aeae·
989 3295 1007 3340 a
1029 3277 1153 3340 dictum
1180 3277 1231 3340 est
1267 3277 1335 3339 illis
1367 3278 1403 3338 ut
1423 3275 1635 3354 quiescerent
1658 3277 1789 3354 tempus

130 3377 220 3439 runt
234 3391 282 3439 ea
307 3390 436 3452 acapna
458 3374 688 3446 tetbalattcoe,
711 3374 747 3436 et
772 3374 934 3435 avenant
989 3374 1789 3452 aadhucmodicum,donecimpleatnrnumerus

131 3475 240 3538 stolas
250 3470 935 3552 suaceaaeaoaveranteasaasaepiam
989 3475 1220 3536 «sanctorum
1240 3488 1354 3534 eorum
1378 3472 1435 3550 qui
1463 3472 1686 3553 interficiendi
1710 3473 1788 3533 sunt

132 3575 227 3650 Aqui
250 3569 365 3651 (hpoc.
388 3585 449 3642 vn,
473 3568 537 3650 14).
563 3569 647 3643 Quia
669 3585 749 3645 ergo
770 3567 934 3644 martyres
990 3571 1116 3633 «sicut
1139 3565 1639 3650 etilli(hpoc.v1,9etseq.).»

134 3669 284 3732 dealbati
300 3669 425 3731 suntin
447 3667 610 3744 sanguine
628 3667 761 3739 Christi,
782 3666 866 3728 bene
885 3665 935 3725 si·
1030 3669 1073 3732 Hi
1086 3668 1163 3730 sunt
1172 3667 1229 3745 qui
1242 3665 1411 3743 accipiunt
1420 3665 1529 3727 locum
1540 3664 1655 3727 subtus
1669 3665 1788 3740 altare,

134 3767 340 3845 gnificantur
360 3781 420 3845 per
441 3781 543 3844 equos
561 3765 665 3826 albos.
688 3765 728 3827 st
749 3765 827 3826 nota
849 3763 935 3841 quod
990 3767 1023 3830 et
1045 3765 1191 3827 clamant
1211 3780 1271 3842 pro
1289 3763 1436 3825 vindicta
1457 3779 1531 3844 quae
1555 3763 1611 3826 fiet
1627 3763 1663 3825 in
1677 3762 1789 3828 futuro

135 3865 304 3928 dealbatio
328 3863 511 3942 martyrum
534 3862 571 3924 in
593 3862 755 3939 sanguine
777 3861 865 3937 hgni
886 3861 937 3922 est
986 3863 1124 3942 judicio.
1140 3864 1211 3926 Hoc
1225 3863 1297 3923 est:
1315 3862 1470 3925 ardenter
1479 3847 1791 3940 appetuntsuturum

136 3963 303 4026 munditia
326 3963 397 4024 sive
416 3961 546 4022 nouitas
564 3961 653 4034 ritae,
675 3975 748 4038 quae
768 3957 936 4022 confertur
987 3961 1161 4042 judicium,
1190 3961 1227 4022 in
1255 3974 1320 4038 quo
1352 3959 1520 4022 habebunt
1553 3961 1655 4022 stolas
1682 3959 1788 4031 albas,

135 4075 181 4124 ex
193 4061 348 4139 passione
358 4059 491 4120 Christi.
989 4059 1076 4122 idest
1085 4074 1225 4138 corpora
1237 4057 1396 4135 gloriosa.
1423 4057 1518 4120 Unde
1533 4057 1683 4136 sequitur
1697 4074 1705 4118 :
1718 4061 1792 4121 Da-

177 4161 247 4222 Per
257 4155 480 4236 equosnigros
491 4151 936 4232 significanturconlessores
992 4157 1122 4221 taceant
1136 4157 1405 4219 ttltsstolaealbae.
1420 4156 1460 4217 nt
1473 4156 1551 4217 nota
1569 4155 1656 4233 quod
1671 4155 1788 4228 altare,

137 4256 196 4335 qui
228 4257 313 4318 aestu
338 4253 541 4331 poenitentiae
572 4253 721 4315 nativum
753 4253 937 4314 amiserunt
991 4256 1069 4334 quia
1082 4253 1224 4316 solidum
1237 4252 1287 4314 est
1301 4252 1550 4330 etquadratum,
1566 4253 1788 4313 stahuitatem

135 4355 295 4416 colorem.
324 4351 417 4414 Unde
440 4350 521 4412 dicit
541 4350 706 4428 poenitens
725 4351 761 4412 in
784 4350 934 4413 cantico:
991 4350 1159 4430 significat
1181 4351 1260 4412 vitae
1279 4348 1411 4422 futurae,
1431 4352 1526 4426 cujus
1549 4349 1626 4411 vitae
1648 4348 1790 4424 gloriam

133 4451 357 4516 neconrava
378 4464 435 4511 ate
452 4455 511 4512 sol.
538 4447 579 4510 nt
602 4448 638 4509 in
662 4447 802 4509 eodem:
823 4451 938 4525 Napra
992 4450 1099 4512 sancti
1118 4463 1185 4510 non
1208 4446 1377 4508 habebunt
1400 4445 1441 4509 ad
1464 4446 1599 4524 plenum
1623 4445 1791 4525 usquead

134 4563 226 4621 sum,
235 4551 296 4611 sed
306 4551 471 4624 formasa.
482 4548 548 4607 Per
557 4559 659 4623 equos
667 4545 782 4608 uarios
792 4545 825 4606 ct
835 4543 937 4606 lomes
991 4548 1078 4609 diem
1087 4545 1219 4624 judicii.
1242 4544 1336 4608 Unde
1356 4545 1476 4607 animae
1492 4544 1682 4607 sanctornm
1697 4543 1792 4606 desi-

135 4643 371 4722 significantur
397 4643 547 4721 virgines
569 4642 744 4723 inquibus
770 4641 936 4720 multipli-
992 4646 1111 4708 derant
1128 4644 1276 4706 futurum
1295 4643 1472 4724 judicium.
1491 4645 1530 4705 Et
1552 4642 1638 4705 istud
1659 4641 1793 4704 deside·
1855 4648 1857 4652 ’

136 4745 222 4807 citas
238 4743 271 4805 et
282 4742 427 4805 varietas
440 4740 670 4804 estrirtutum.
685 4741 779 4803 Unde
794 4741 834 4802 de
849 4755 937 4819 qua·
991 4745 1079 4806 rium
1094 4744 1145 4806 est
1159 4740 1285 4804 clamor
1299 4757 1425 4804 eorum.
1442 4742 1582 4820 Propter
1594 4739 1657 4802 hoc
1670 4741 1795 4804 dicitur

135 4842 220 4903 libet
252 4840 382 4917 virgine
419 4838 609 4916 specialiter
628 4837 750 4900 dicitur
780 4859 788 4900 ε
818 4838 939 4900 Astttz't
993 4842 1079 4923 quod
1092 4842 1169 4904 sunt
1184 4841 1300 4904 subtus
1313 4840 1430 4902 altare.
1447 4835 1704 4903 Nondum'enim
1727 4839 1793 4902 ha-

135 4943 271 5017 Reqtaa
292 4954 316 5000 a
336 4937 473 5001 deatrtr
487 4937 603 5000 tutata
617 4935 744 4998 vestita
758 4937 937 5007 deaurato,
992 4941 1071 5004 bent
1086 4939 1299 5003 eminentiam
1315 4938 1435 5001 futurae
1448 4937 1576 5015 gloriae.
1594 4935 1688 4998 Unde
1698 4935 1797 4997 Psal-

136 5037 400 5101 circumamicta
421 5035 593 5098 uarietate
618 5031 687 5116 (Ps.
714 5038 765 5110 44,
789 5033 853 5116 10),
875 5034 939 5096 hoc
993 5057 1067 5102 mus
1090 5039 1171 5102 dicit
1192 5039 1229 5100 in
1252 5053 1396 5116 persona
1429 5035 1575 5098 hominis
1594 5034 1790 5097 morientis:

138 5135 200 5210 est,
211 5134 372 5197 virtutum
387 5131 643 5211 multiplicitate.
659 5133 716 5196 Est
730 5131 819 5195 enim
833 5133 940 5210 virgi-
994 5137 1216 5208 convertere,
1231 5138 1505 5207 antecameram
1516 5137 1672 5208 requiem
1685 5131 1794 5202 traam,

137 5221 269 5296 nitasi'n
277 5231 597 5309 integritatecarnis,
605 5229 678 5292 etin
688 5230 938 5308 incorruptione
981 5239 1075 5312 'prata
1096 5237 1265 5297 nominas
1289 5232 1449 5305 calcearet.
1466 5233 1527 5294 tace
1552 5228 1621 5311 (Ps.
1648 5230 1718 5302 114,
1744 5226 1792 5311 7).

138 5330 272 5392 mentis.
296 5328 427 5391 Dicitur
449 5329 560 5395 autem
587 5325 733 5389 inLibro
747 5328 936 5406 Sapientiae,
994 5335 1090 5396 Nunc
1113 5330 1208 5405 bene,
1235 5327 1293 5392 sed
1316 5327 1352 5392 in
1375 5327 1618 5406 glorificatione
1645 5327 1795 5405 corporis

140 5426 228 5507 quod
247 5424 454 5504 incorruptio
475 5423 556 5487 iacit
568 5422 755 5502 proximum
770 5440 844 5487 esse
858 5425 937 5500 Deo,
995 5411 1128 5510 optime.
1145 5428 1239 5492 Unde
1256 5429 1291 5490 in
1311 5428 1438 5506 psalmo
1459 5425 1666 5502 :imponent
1689 5439 1796 5501 saper

140 5527 174 5589 et
187 5523 360 5590 adeamne
373 5523 496 5586 dicitur
506 5523 937 5602 arpaaesesaaaeaaa,
994 5530 1105 5592 artare
1142 5529 1240 5590 taam
1273 5521 1531 5590 arcanarum
1566 5521 1796 5596 varunnam

140 5624 219 5704 quia
233 5621 390 5688 huuntnr
408 5621 593 5702 potioribus
610 5619 717 5686 bonis.
742 5621 826 5686 Sunt
840 5621 940 5684 etiam
995 5626 1102 5690 sancti
1131 5625 1187 5706 qui
1226 5623 1303 5688 sunt
1333 5621 1526 5687 holocausta
1561 5621 1596 5684 in
1629 5619 1795 5684 sacriflcio
