4162 6424
86 229 159 292 old

87 389 240 452 adversa
253 385 345 465 parte
366 383 540 454 conclusit,
565 380 667 442 1111
689 377 791 440 11111
816 393 897 455 pos·-

89 503 212 549 semus
226 485 338 560 rigore
352 481 520 556 redargui,
539 479 573 540 in
588 478 651 540 hoo
664 476 796 540 tandem
819 490 901 536 con-

88 582 343 651 descendimus,
358 579 431 658 post
444 593 504 639 nos
524 576 663 637 nimium
688 571 898 642 acclamanti,

89 678 343 748 ιιιι1111ι111,
370 674 648 754 11111,111111ι,
678 670 902 748 quantamque

90 778 200 839 fidem
232 775 343 836 facere
373 773 495 851 poterit
521 771 561 831 de
587 768 781 848 praemissis.
810 769 901 838 Quo-

89 876 192 936 circa
227 870 421 932 discretioni
457 872 577 930 restrae
617 881 678 944 per
710 862 901 941 Apostolica

89 970 226 1047 scripta
246 969 453 1038 mandamus,
471 967 633 1043 quatenus
658 961 786 1024 vocatis
810 975 901 1038 prae-

90 1069 192 1128 dicto
201 1064 379 1128 Tuamensi
389 1065 423 1126 et
433 1063 520 1134 allis,
534 1057 900 1138 quifuerintevocandi,

93 1164 250 1226 audiatis
263 1163 441 1240 diligenter
456 1159 614 1238 quidquid
630 1157 709 1219 1111
734 1155 812 1217 1111
828 1155 903 1216 fue-

92 1253 901 1338 111111111111111111111111,11111111111111,

93 1358 248 1420 fideliter
262 1359 297 1418 in
317 1355 508 1418 authentica
533 1353 656 1430 scripta
682 1351 817 1413 redacta
844 1349 904 1410 sub

91 1455 226 1517 vestris
236 1453 365 1514 inclusa
374 1451 494 1529 sigillis
505 1449 546 1512 ad
556 1447 904 1525 SedemApostolioam

92 1551 323 1622 remittentes,
340 1549 479 1627 praeiixo
492 1546 643 1626 partibus
658 1545 799 1607 termino
815 1559 906 1606 com·

93 1649 244 1726 petenti,
258 1664 323 1726 quo
338 1663 398 1725 per
410 1661 446 1708 se
457 1645 511 1708 vel
523 1643 757 1722 procuratores
769 1642 905 1704 idoneos

93 1761 210 1821 super
234 1745 278 1806 ils
300 1745 415 1806 nostro
441 1760 477 1806 se
501 1741 694 1818 conspectui
719 1754 907 1818 repraesen-

92 1841 188 1913 tent,
214 1841 301 1919 quod
328 1841 526 1903 canonicum
549 1839 661 1910 fuerit,
675 1837 811 1899 auctore
835 1839 905 1897 Do-

92 1940 210 2011 mino,
226 1939 421 2014 recepturae.
433 1935 546 1998 Testes
559 1937 682 2007 autem,
700 1935 762 1996 etc.
777 1933 906 2005 Quodsi

90 2053 168 2098 non
189 2051 315 2108 omnes,
331 2035 379 2106 tu,
393 2033 515 2095 fratrer
525 2035 690 2109 episcope,
701 2047 776 2092 cum
792 2045 906 2092 eorum

91 2135 225 2204 altero,
241 2133 303 2194 etc.
320 2133 438 2193 Datum
454 2129 609 2192 Laterani
622 2132 651 2192 V
672 2127 748 2190 Kal.
776 2127 908 2189 decem-

88 2231 179 2304 11111,
205 2229 416 2306 pontificatus
429 2227 536 2290 nostri
547 2243 637 2290 anno
647 2224 805 2288 1111111.

427 2413 593 2500 LXVIII

177 2569 235 2630 Ad
250 2565 462 2628 Herbertum
481 2563 708 2638 prepositum
726 2559 838 2623 sancti

294 2663 500 2724 Wftltcrardf
519 2663 731 2722 Bremeosts.

406 2781 442 2842 19
458 2797 524 2840 nov.
538 2782 617 2840 llll.

175 2897 303 2968 [Ehmcln
316 2897 461 2949 Bremiches
477 2893 695 2954 Urlmndenbuch,
704 2896 724 2954 l,
734 2909 760 2960 p.
773 2893 839 2958 1311]

99 3014 158 3070 Per
170 3006 308 3068 Herberti
318 3003 442 3062 studium
457 3002 608 3062 duodecim
624 3000 909 3074 11111111ιί111-

135 3095 259 3164 bondis,
273 3092 337 3152 duae
347 3091 382 3150 de
395 3107 470 3150 novo
480 3091 593 3162 1111111,
606 3101 725 3164 quarum
740 3088 866 3148 redditus
876 3088 912 3147 de

137 3184 270 3261 propriis
286 3182 371 3240 bonis
392 3189 474 3238 erant
487 3181 582 3238 collati
603 3194 654 3252 pro
673 3179 798 3237 maxima
821 3185 909 3251 perte,

137 3287 235 3347 super
250 3270 305 3328 hoc
320 3268 426 3328 factum
444 3275 580 3325 statutum
593 3267 744 3324 confirmat
759 3265 897 3338 pontifex.

146 3397 323 3464 Honorius
338 3395 512 3471 eplscopus
524 3409 640 3454 servus
655 3407 827 3454 serrorum
840 3391 911 3460 Dei,

108 3499 236 3560 dilecto
252 3493 322 3553 fillo
337 3489 498 3552 Herherto
520 3489 696 3566 praeposito
717 3487 823 3549 sancti
835 3488 912 3548 Wi-

728 175 955 291 1111111.
981 215 1057 278 ura.
1083 217 1122 276 ιι.

1688 213 1748 272 olo

953 373 1146 452 infringere,
1164 373 1217 436 vel
1230 373 1261 434 ei
1274 389 1358 435 ausu
1375 372 1554 434 temerario
1567 371 1746 434 contraire.

954 475 989 536 Si
1002 471 1198 551 quisautem
1220 472 1282 533 lroo
1303 469 1467 533 attentare
1489 469 1748 547 praesumpserit,

954 569 1215 645 indignationem
1226 567 1460 644 omnipotentis
1469 565 1748 628 Deietheatorum

955 667 1045 728 Petri
1064 665 1096 728 11
1112 665 1209 727 Ρ1111
1225 665 1451 742 apostolorum
1472 666 1545 741 eJus
1561 679 1597 724 se
1618 664 1750 726 noverlt

955 765 1176 827 incursurum.

995 857 1748 930 DatumLateranitertiokalendasdecemhris,

956 959 1166 1038 pontificatus
1181 959 1286 1021 nostri
1302 975 1389 1021 anno
1407 958 1562 1020 secundo.

1006 1284 1058 1344 Ad
1073 1281 1262 1358 potestates
1288 1281 1321 1340 et
1340 1285 1482 1355 populos
1502 1281 1654 1343 Pisonos
1677 1278 1711 1341 et

1256 1379 1460 1439 Jaaueuscs.

1264 1502 1278 1557 l
1292 1500 1354 1558 dett
1367 1501 1446 1558 llll.

1012 1614 1165 1682 [Bullatium
1177 1618 1331 1674 Romanum,
1342 1615 1382 1666 ed.
1395 1615 1481 1672 Taum,
1495 1619 1515 1664 t.
1524 1615 1566 1674 lll,
1584 1631 1610 1680 p.
1622 1613 1690 1680 331]

977 1721 1108 1796 Praecipit
1121 1719 1300 1780 conditiones
1315 1719 1351 1778 ad
1371 1718 1580 1778 reformandam
1595 1721 1669 1779 fnter
1688 1735 1739 1779 eos

1301 1824 1411 1882 paoem.

1000 1926 1167 1988 Honorius
1177 1927 1351 2003 eplscopus
1367 1941 1483 1988 servus
1497 1941 1668 1988 servorum
1684 1927 1754 1998 Dei,

961 2023 1090 2085 dilectis
1110 2023 1189 2084 filiis
1199 2023 1427 2100 potestatibus,
1439 2025 1472 2085 et
1484 2024 1614 2101 populis
1626 2023 1758 2084 Pisanis

961 2123 995 2184 et
1007 2119 1241 2193 Januensibue,
1259 2119 1446 2184 salutemet
1466 2121 1682 2198 apostolicam
1699 2120 1758 2182 be-

961 2220 1192 2282 nedictionem.

1001 2317 1178 2378 Miserator
1190 2316 1223 2376 et
1234 2315 1424 2378 misericors
1439 2317 1608 2390 Dominus,
1625 2317 1759 2394 quinon

962 2413 1170 2476 obliviscitur
1195 2413 1360 2486 mtsereri,
1388 2415 1547 2490 exsurgat
1575 2429 1663 2475 nunc
1694 2414 1758 2474 im-

963 2511 1138 2588 peraturus
1171 2511 1279 2572 ventis
1314 2511 1348 2571 et
1385 2509 1538 2583 datibus,
1571 2517 1607 2573 ut
1635 2512 1692 2574 liat
1717 2529 1760 2573 ex

963 2609 1182 2670 commotione
1206 2607 1448 2686 tranquillitas,
1475 2608 1620 2685 procella
1638 2609 1757 2672 turba-

963 2707 1065 2769 tionis
1080 2705 1230 2768 mitescat
1251 2707 1429 2774 inaurem,
1448 2707 1480 2768 et
1503 2706 1625 2769 sileant
1640 2707 1759 2770 fluctus

964 2807 1048 2883 ejus,
1079 2820 1154 2865 cum
1182 2803 1248 2865 diei
1277 2803 1416 2876 malitia,
1441 2806 1475 2866 11
1500 2807 1649 2881 pericula
1674 2807 1758 2868 tem-

964 2902 1054 2981 poris
1080 2897 1289 2963 invalescunt
1313 2923 1320 2962 ι
1340 2902 1387 2964 ita
1420 2902 1456 2964 ιιι
1492 2919 1574 2979 quos
1607 2904 1762 2982 praedixit

964 2999 1140 3078 Apostolus
1164 2999 1235 3061 dies
1260 3000 1459 3060 novissimos
1485 3001 1668 3062 sentiamus
1689 3003 1761 3064 ins-

964 3099 1047 3170 tare,
1065 3113 1104 3159 ac
1118 3098 1246 3176 tempus
1267 3097 1410 3169 advenit,
1435 3096 1471 3158 in
1493 3113 1558 3174 quo
1582 3099 1638 3177 qui
1663 3101 1761 3163 amici

966 3196 1042 3256 sunt
1068 3195 1192 3272 sponsi,
1218 3209 1348 3272 sponsas
1373 3193 1580 3256 ulciscuntur
1606 3195 1759 3273 injurias,

966 3293 1002 3353 ut
1021 3295 1139 3369 jugum
1167 3291 1304 3353 tollatur
1327 3289 1530 3366 captivitatis
1557 3294 1695 3366 nostrae,
1724 3311 1763 3355 11

966 3387 1106 3466 captivae
1141 3388 1219 3448 filiae
1247 3388 1326 3450 Ston
1358 3387 1490 3448 vincula
1520 3389 1762 3467 dirumpantur.

968 3486 1061 3547 Unde
1082 3501 1157 3546 cum
1172 3501 1231 3546 vos
1246 3485 1287 3544 ad
1302 3484 1447 3545 invicem
1472 3485 1594 3546 dudum
1618 3503 1765 3550 commo-

108 3591 240 3657 lerardi
255 3585 352 3666 (stol)
362 3586 549 3648 Bremensis
559 3585 701 3646 salutem
716 3586 749 3648 et
760 3583 915 3662 apostoli·

111 3707 188 3754 cam
201 3685 479 3750 benedictionem.

967 3584 1053 3645 verit
1065 3582 1216 3644 fremitus
1230 3582 1446 3658 tempestatis,
1464 3583 1603 3644 utamini
1621 3587 1691 3662 jam
1706 3585 1765 3649 be-

967 3681 1087 3742 neficio
1119 3681 1213 3756 pacis
1250 3679 1329 3757 quia
1363 3679 1489 3741 homini
1522 3683 1660 3758 pacifico
1689 3687 1765 3747 sunt

156 3782 454 3861 Justispetentium
467 3777 641 3841 desideriis
652 3777 914 3856 dignumestnos
967 3779 1130 3856 reliquiae,
1160 3779 1194 3839 et
1216 3777 1345 3854 pacifici
1369 3777 1430 3839 Dei
1458 3778 1520 3840 filii
1546 3781 1762 3856 vocabuntur,

113 3883 250 3946 facilem
266 3879 415 3958 praebere
430 3891 628 3939 consensum
646 3877 679 3937 11
696 3877 786 3949 rota,
802 3893 875 3956 quae
895 3893 914 3938 a
968 3879 1001 3939 et
1026 3892 1101 3937 cum
1126 3876 1215 3938 inter
1240 3875 1324 3937 alios
1346 3875 1468 3938 Christi
1492 3875 1634 3940 athletas
1650 3897 1767 3941 neces-

112 3975 474 4043 rationistramitenon
492 3973 824 4046 11111111111111111
837 3990 917 4051 pro-
969 3975 1049 4036 sarii
1086 3973 1160 4035 sifts
1191 3975 1363 4036 succursui
1391 3977 1502 4035 Terrae
1535 3979 1664 4039 Sanctae
1702 3995 1763 4055 po-

116 4071 913 4155 sequentecomplere.Quumigiturecolesiatua,
968 4074 1078 4134 tenter
1101 4070 1315 4147 accingimini
1338 4071 1452 4132 contra
1476 4072 1591 4133 Crucis
1609 4073 1768 4150 blasplle-

115 4177 151 4238 11
177 4188 244 4251 qua
269 4170 442 4232 duodecim
464 4169 709 4231 consueverant
731 4184 807 4230 esse
829 4184 917 4246 prae·
970 4185 1051 4242 mos,
1069 4172 1224 4247 cumjam
1247 4169 1290 4229 sit
1315 4169 1475 4230 revelatio
1488 4170 1766 4248 improperiorum

114 4271 247 4342 baudra,
261 4269 334 4330 duae
351 4282 410 4345 per
424 4266 569 4329 studium
592 4268 686 4329 tuum
706 4265 826 4328 additae
851 4266 917 4328 sint
970 4268 1159 4329 nostrorum
1183 4265 1218 4326 in
1241 4266 1380 4334 Januis,
1405 4268 1442 4327 ut
1468 4283 1651 4344 speramus.
1681 4273 1767 4331 Sane

116 4370 157 4430 de
173 4381 273 4438 novo,
292 4365 325 4427 te
340 4380 401 4443 pro
415 4364 510 4443 parte
526 4363 673 4426 maxima
687 4364 821 4426 illarum
835 4364 916 4425 red-
969 4380 1041 4436 nos,
1061 4363 1118 4441 qui
1143 4365 1215 4440 ejus
1232 4363 1268 4424 in
1291 4363 1392 4425 terris
1412 4363 1520 4426 ulcem
1540 4366 1697 4442 gerimus,
1710 4370 1767 4444 quui

117 4467 207 4528 ditus
229 4464 269 4524 de
295 4463 391 4525 bonis
420 4463 565 4541 propriis
592 4461 659 4524 tuis
680 4461 744 4540 ipsi
766 4461 916 4524 ecclesiae
971 4476 1086 4538 paoem
1114 4461 1183 4522 suis
1210 4460 1382 4538 discipulis
1416 4461 1606 4536 nunciavit,
1637 4467 1670 4527 11
1695 4481 1767 4526 earu

119 4561 318 4632 conferenti,
340 4560 514 4623 statuendo
538 4559 578 4622 de
597 4575 761 4622 consensu
780 4559 916 4637 capituli
969 4559 1092 4621 mundo
1111 4558 1257 4637 reliquit,
1282 4558 1323 4619 ad
1338 4557 1582 4624 reformandam
1606 4563 1768 4627 intervos

119 4657 185 4728 tui,
216 4657 251 4717 ut
280 4671 394 4718 eorum
431 4659 608 4734 proventus
637 4673 846 4736 nequaquam
875 4657 916 4719 ad
970 4673 1085 4736 pacem
1099 4655 1336 4728 laboravimus
1353 4659 1386 4718 et
1399 4658 1765 4733 institimusbonatlde,

120 4767 295 4814 commune
310 4751 345 4812 in
359 4753 528 4829 posterum
543 4754 747 4832 redigantur,
762 4755 820 4817 111
831 4754 918 4817 assi·
970 4754 1084 4832 utpote
1100 4753 1157 4830 qui
1178 4753 1365 4815 animarum
1380 4755 1521 4816 salutem
1545 4759 1578 4817 et
1596 4757 1768 4819 civitatum

122 4850 267 4925 guantur
294 4848 421 4909 duobus
443 4851 625 4922 canonicis,
650 4853 686 4913 ut
713 4853 917 4915 incremento
970 4851 1156 4922 vestrarum
1171 4849 1333 4910 honorem
1352 4851 1523 4926 diligimus
1545 4853 1578 4914 et
1595 4855 1767 4930 optamus:

122 4945 313 5008 eorumdem
321 4947 541 5023 proventuum
551 4949 719 5010 accrescat
734 4947 797 5027 ipsi
810 4949 918 5010 ecole-
971 4948 1012 5010 ad
1027 4945 1114 5026 quod
1129 4946 1248 5008 melius
1263 4948 1487 5025 peragendum
1507 4950 1585 5010 olim
1607 4949 1648 5011 de
1664 4951 1769 5012 latere

123 5044 183 5105 siae
196 5058 353 5104 numerus
364 5041 731 5107 servitorumznostuis
737 5046 839 5126 justis
848 5062 919 5122 pre·
971 5045 1085 5108 nostro
1104 5043 1329 5105 venerabilem
1353 5044 1488 5106 fratrem
1518 5049 1667 5110 nostrum
1692 5051 1768 5110 'Hu-

123 5140 217 5202 cibus
228 5138 390 5210 inclinati,
409 5137 495 5216 quod
519 5155 619 5215 super
633 5140 696 5203 hoc
715 5144 782 5204 111
804 5143 858 5219 pie
879 5159 918 5204 ac
971 5157 1090 5220 genam
1111 5139 1303 5219 episcopum
1316 5143 1464 5204 Hostien.
1480 5143 1521 5205 ad
1540 5160 1599 5206 vos
1613 5144 1769 5209 duximus

125 5237 261 5314 provide
286 5235 409 5299 factum
435 5237 494 5309 est,
512 5237 708 5300 auctoritate
729 5239 919 5316 apostolica
971 5237 1215 5312 destinandum,
1238 5239 1295 5317 qui
1316 5255 1336 5300 a
1359 5239 1465 5314 robis,
1486 5241 1572 5320 quod
1593 5258 1692 5322 super
1706 5245 1769 5306 lroc

127 5334 357 5396 confirmamus
373 5335 406 5396 et
416 5335 590 5412 praesentis
604 5335 718 5413 scripti
733 5337 918 5414 patrocinio
971 5337 1135 5398 mandatis
1168 5337 1290 5399 nostris
1323 5338 1541 5417 omnibusque
1571 5339 1767 5419 faceremus,

129 5433 376 5494 communimus.
393 5433 486 5495 Nulli
500 5447 579 5509 ergo
595 5433 729 5496 omnino
747 5433 918 5496 hominum
972 5451 1031 5512 per
1049 5450 1110 5497 nos
1134 5449 1195 5495 seu
1223 5435 1362 5497 nunclos
1381 5437 1435 5498 vel
1460 5437 1587 5500 litteras
1611 5444 1767 5520 pareatis,

129 5523 226 5588 liceat
245 5528 330 5590 hanc
344 5531 501 5609 paginam
518 5532 640 5594 nostrae
656 5531 918 5594 confirmationis
967 5532 1156 5610 juramento
1178 5534 1321 5611 recepte,
1346 5537 1380 5596 et
1403 5535 1695 5616 utriusquepartis
1710 5559 1771 5604 vo·

254 5671 365 5718 rimor..
383 5675 456 5718 roua
471 5662 506 5719 ll.
1578 5669 1611 5726 le
