4162 6424
398 217 454 277 671
1021 205 1196 288 rioNQRH
1217 208 1263 276 111
1284 212 1432 276 OPERA.

400 376 627 452 muttempus
638 370 742 450 ipsius
752 369 891 435 concilii
903 371 1118 449 appellationi
1129 389 1198 434 suaa
1253 373 1686 448 sufficienterinstructam,
1701 374 1984 458 praeiigentespanib

399 473 579 535 terminum
594 468 870 548 praeflgentes:ad
882 485 978 546 quem
989 467 1075 530 idem
1089 471 1199 531 custos
1252 470 1431 531 terminum
1450 471 1716 546 competentem,
1747 488 1812 548 quo
1834 491 1886 550 per
1902 496 1984 553 prorui

402 587 464 632 nec
478 570 592 631 venire
607 567 745 635 curavit,
759 581 821 627 nec
835 563 1055 628 sufficientem
1070 567 1199 629 mittere
1253 568 1342 628 tores
1357 567 1494 629 idoneos
1506 569 1857 645 compareantcoram
1870 573 1949 648 nobis,
1958 601 1984 644 e]

401 664 637 745 responsalem.
657 663 750 725 Unde
766 663 953 741 adpraetati
979 663 1107 726 abbatis
1128 666 1201 725 ins·
1253 663 1392 725 tentiam
1417 667 1613 741 recepturae.
1643 664 1747 739 Quod
1777 667 1807 729 si
1829 685 1889 729 non
1908 689 1981 736 onae.

401 764 551 834 tantiam,
564 761 621 844 qui
635 777 702 823 non
727 761 799 822 sine
811 760 969 836 gravibus
984 761 1153 823 laboribus
1168 764 1201 825 et
1255 760 1319 822 duo
1334 763 1493 823 vestrum.
1983 743 1984 746 ¹

402 860 557 938 expensis
581 859 667 936 apud
689 858 807 920 Sedem
822 855 1045 936 apostolicam
1073 857 1199 919 diutius
1294 859 1414 921 Datum
1441 859 1614 932 Laterani,
1649 859 1790 922 decimo
1816 864 1902 924 tertio
1923 867 1984 932 lale}

402 959 633 1037 exspectaret,
670 956 758 1017 idem
791 956 1018 1033 praedecessor
1047 955 1198 1018 noster...
1255 954 1366 1032 april.,
1379 957 1590 1033 pontificatus
1605 957 1728 1020 nostri
1747 971 1837 1018 anno
1850 965 1964 1027 secundo.

401 1053 513 1118 abbati
540 1054 580 1116 de
599 1055 702 1116 Ticon
727 1055 761 1115 et
786 1053 923 1129 collegis
944 1052 1049 1130 ipsius
1074 1053 1201 1114 dederit

344 1174 348 1180 ·
403 1153 523 1215 litteris
538 1153 573 1213 in
594 1150 770 1224 mandatis,
789 1151 825 1213 ut
844 1151 1017 1228 praefatum
1032 1151 1201 1213 custodem
1573 1144 1763 1230 CLXVII

402 1251 439 1312 ¹¹¹
469 1250 625 1328 ⁰¹p³¹¹⁵i⁵
662 1249 819 1326 l⁰ffffimi⁸
858 1248 1134 1320 ⁰⁰¹¹d³¹¹¹¹¹⁸¹¹t⁰⁸’
1167 1247 1202 1308 in
1256 1287 1308 1346 Act
1322 1284 1498 1347 cantorem
1522 1285 1555 1347 ct
1577 1289 1870 1349 archidiaconum
1886 1294 1984 1350 Batnae

403 1362 505 1410 causa
521 1349 593 1425 ipsa
606 1346 841 1424 procederent3
858 1346 890 1407 et
904 1361 978 1407 eam
997 1345 1200 1410 deciderent,
1942 1341 1946 1348 '
1964 1341 1967 1349 '
1983 1341 1984 1352 ’

404 1445 433 1505 si
460 1446 548 1506 esset
574 1443 615 1505 de
652 1444 797 1519 partium
832 1442 1012 1503 voluntate.
1046 1441 1203 1518 Alioquin
1540 1407 1573 1464 ²¹
1590 1415 1681 1464 ΜΗ·
1699 1408 1783 1465 ¹²¹⁸·

404 1541 553 1604 eamdem
565 1541 606 1601 ad
620 1539 736 1601 Sedem
749 1537 972 1616 Apostolicam
982 1539 1200 1610 remitterent,
1293 1521 1411 1586 [beust.
1422 1521 1466 1571 ¹1¹³·
1477 1521 1508 1580 Ην
1519 1521 1594 1586 epist.
1607 1521 1669 1571 ⁹⁴⁸·
1680 1522 1743 1571 ¹¹⁸⁸·
1754 1523 1792 1572 ¹¹²
1805 1523 1907 1573 ⁹⁰¹¹⁰⁶l
1916 1526 1972 1590 ibij

302 1705 306 1712 ,
403 1639 607 1700 sufficienter
616 1637 823 1708 instructam,
836 1635 1044 1712 praefigentes
1055 1633 1203 1713 partibus
1258 1630 1295 1687 Ut
1314 1628 1460 1700 querelam
1483 1627 1622 1686 adversus
1649 1635 1805 1686 cantorem
1828 1637 1855 1685 et
1878 1633 1984 1702 prepete

406 1735 580 1797 terminum
607 1733 866 1810 competentem
893 1748 958 1809 quo
985 1733 1120 1808 propter
1140 1731 1204 1794 boc
1294 1717 1488 1820 Lllffisselssis
1512 1717 1645 1775 ess'ssleiiae
1670 1725 1796 1786 ¹¹10²⁶¹1¹2
1819 1717 1984 1790 Apameae

404 1831 595 1908 Apostolico
606 1846 642 1892 se
650 1830 843 1908 conspectui
851 1824 1101 1907 praesentarent.
1110 1831 1204 1906 saepe
1294 1813 1406 1864 tentate
1418 1805 1562 1864 mmmm·

405 1928 493 1990 dicto
508 1943 587 2004 ergo
602 1927 738 1991 cusmde
758 1925 979 2004 respondente
992 1943 1103 1989 coram
1112 1926 1206 2005 jndi-
1299 1923 1476 1995 Honorius,
1494 1925 1569 1994 etc,
1589 1921 1730 1984 dilectis
1746 1917 1824 1983 tiliis
1843 1923 1984 2000 priorisn‘f

406 2025 500 2087 cibus
527 2026 631 2103 ipsis,
661 2025 748 2101 quod
783 2024 862 2087 licet
889 2024 1036 2100 praedia,
1065 2039 1204 2101 quorum
1260 2021 1393 2082 Pauli...
1421 2020 1561 2094 cantori,
1588 2021 1675 2092 et...,
1704 2019 1921 2081 archidiacono
1935 2025 1984 2079 aar:

405 2121 539 2198 petebat
559 2121 726 2192 decimas,
764 2120 870 2182 dictus
899 2120 1000 2181 abbas
1026 2120 1204 2198 aliquando
1259 2119 1398 2182 loannis
1418 2119 1582 2181 Bisuntin.

405 2233 525 2280 revera
539 2234 600 2280 sua
614 2217 758 2289 iecisset,
775 2233 815 2279 aa
834 2219 946 2280 tamon
971 2217 1122 2280 ecclesiae
1142 2217 1205 2278 Al·
1301 2217 1445 2278 Dilectus
1482 2216 1571 2277 tilius
1598 2217 1629 2278 J.
1658 2209 1846 2276 catholicus
1872 2209 1979 2273 Lanam

304 2397 306 2400 .
405 2314 711 2383 bansicontiderat,
729 2315 827 2390 longe
844 2314 1206 2391 antequemsuperboc
1262 2312 1411 2374 ecclesiae
1425 2327 1486 2390 pro
1507 2328 1554 2384 se,
1575 2327 1615 2374 ac
1631 2311 1833 2390 quibusdam
1848 2309 1980 2370 ffiseorre

408 2412 471 2473 eibi
483 2412 524 2474 ab
535 2412 607 2490 ipso
620 2409 739 2475 abbate
751 2412 890 2489 quaestio
900 2413 988 2472 mota
1002 2411 1097 2474 esset.
1112 2411 1207 2474 Unde
1261 2409 1391 2472 nonicis
1406 2410 1487 2480 suis,
1509 2408 1604 2470 nobis
1625 2407 1833 2470 insinuando
1853 2407 1979 2466 monstrat

407 2525 616 2588 nequaquam
638 2510 711 2586 ipse
739 2509 915 2585 superbis
940 2509 1120 2571 convenire
1144 2507 1206 2570 de·
1263 2507 1349 2585 quod
1371 2507 1554 2584 capitulum
1578 2507 1735 2584 ejusdem
1755 2503 1978 2578 eeclesiaepronc·

407 2605 515 2678 bebai,
544 2607 601 2668 sed
626 2607 699 2684 ipsa
722 2607 874 2678 ecclesia,
892 2623 965 2683 quae
978 2607 1066 2669 dicta
1081 2606 1208 2686 praedia
1262 2604 1335 2665 dico
1358 2604 1553 2682 reputantes
1575 2602 1747 2664 beneficia
1764 2597 1978 2663 ecclesiasticen·

407 2703 619 2782 possedisset,
636 2705 715 2766 licet
732 2707 811 2765 tunc
825 2704 1009 2780 provisioni
1030 2703 1110 2766 dicti
1131 2720 1209 2769 cus·
1263 2701 1372 2778 dignis
1401 2699 1554 2762 conferre
1581 2699 1758 2778 personis,
1787 2699 1818 2758 C.
1844 2693 1977 2758 clericmi

407 2800 494 2863 tedis
507 2801 622 2862 eadem
633 2801 863 2862 commisisset.
874 2799 999 2862 Abbate
1012 2813 1091 2862 vero
1104 2817 1122 2862 e
1133 2817 1209 2863 con·
1263 2798 1481 2877 praepositum·
1491 2798 1762 2874 assumpserunt,
1775 2795 1828 2872 qui
1841 2809 1900 2854 cun
1911 2789 1977 2849 mian

407 2899 512 2960 trario
527 2899 697 2959 asserente
713 2919 721 2958 ε
736 2897 822 2974 quod
837 2897 943 2958 dictus
967 2901 1089 2970 eustos,
1110 2899 1207 2976 post·
1262 2896 1490 2974 praepositurae
1507 2895 1693 2956 secundum
1709 2891 1828 2958 statuta
1842 2893 1975 2950 maenum:

410 3011 509 3072 quam
540 2995 582 3056 ad
612 3009 689 3054 eum
719 2992 806 3055 dicta
833 2994 958 3070 praedia
982 2995 1204 3068 devenerunt,
1262 2987 1328 3055 loci
1341 2993 1612 3056 consuetudinem
1632 2990 1847 3069 approbatam
1868 2981 1976 3045 debenti

409 3091 518 3168 ipsum
540 3089 690 3153 abbatem
715 3105 781 3150 non
806 3089 1123 3153 Albensisecclesiaa
1142 3107 1206 3153 no·
1262 3088 1491 3167 presbyterum
1518 3087 1721 3168 promoveri,
1748 3082 1975 3151 diminutionem

410 3189 510 3260 mine,
523 3187 589 3249 imo
601 3202 661 3248 suo
675 3186 873 3265 probibuita
885 3188 1095 3265 perceptione
1109 3189 1207 3251 solita
1263 3187 1327 3265 prii
1351 3187 1500 3264 corporis
1523 3187 1745 3263 repugnante,
1759 3196 1850 3261 quum
1871 3177 1903 3238 sit
1917 3185 1976 3233 nor-:r

410 3285 633 3360 decimarum3
650 3284 783 3346 taudem
794 3285 975 3362 capitulum
989 3285 1095 3362 ipsius
1106 3286 1209 3349 ecclo-
1263 3287 1368 3358 culus,
1390 3287 1423 3347 et
1447 3285 1532 3346 alias
1547 3283 1687 3360 indigne
1702 3299 1769 3344 non
1786 3277 1878 3358 potest
1893 3267 1974 3333 aaran

411 3380 780 3461 siaepraediaeademad
793 3382 1008 3459 sepertinere
1023 3383 1205 3456 affirmans,
1262 3383 1297 3444 in
1326 3382 1444 3444 ordine
1477 3382 1588 3444 debito
1623 3376 1974 3450 ministrarentur

410 3479 558 3558 praefatis
568 3479 750 3558 judicibus,
763 3495 804 3540 ne
818 3479 853 3540 in
863 3495 965 3542 causa
977 3481 1053 3557 ipsa
1066 3481 1102 3541 in
1115 3496 1206 3560 prae·
1264 3481 1421 3542 clericum
1450 3483 1565 3540 natum
1585 3477 1625 3540 de
1647 3475 1812 3540 adulterio
1827 3459 1972 3534 carbant-

406 3576 569 3655 judicium
590 3579 663 3654 ejvs
679 3575 906 3662 procederent,
929 3576 1074 3640 inhibuit
1088 3578 1207 3655 appel·
1263 3578 1338 3639 dem
1351 3576 1500 3640 ecclesiae
1511 3577 1735 3653 praefecerunt
1745 3574 1780 3634 in
1794 3567 1882 3646 ipsius
1893 3559 1971 3659 culmi

409 3674 524 3749 lando;
551 3675 684 3752 propter
710 3673 795 3749 quod
818 3673 949 3751 judices
977 3675 1018 3735 de
1038 3676 1209 3738 voluntate
1264 3673 1406 3734 dedecus
1431 3675 1465 3735 et
1483 3674 1663 3750 jacturam.
1699 3674 1805 3743 Quare
1825 3661 1898 3725 nobis
1917 3652 1970 3754 extiti

410 3773 554 3848 partium
570 3785 705 3831 causam
721 3771 826 3846 ipsam
846 3770 888 3832 ad
908 3787 1048 3833 examen
1063 3773 1208 3849 Aposto-
1264 3769 1496 3847 supplicatum,
1511 3769 1617 3846 utqui
1632 3755 1970 3830 decorandomusmm

410 3867 512 3927 licum
525 3865 736 3938 remiserunt,
753 3881 858 3927 nonas
868 3869 1046 3929 ianuarias
1059 3869 1209 3945 proxime
1263 3869 1416 3928 tenemur
1430 3867 1569 3942 diligere
1594 3883 1669 3928 cum
1690 3861 1850 3943 propbeta,
1863 3851 1932 3914 eiden
1942 3855 1967 3900 s·

410 3962 598 4040 praeteritas
633 3962 669 4022 in
696 3963 875 4024 terminum
908 3965 1136 4040 assimiantes,
1167 3967 1208 4028 ad
1265 3964 1375 4025 clasiae
1417 3967 1556 4041 paterna
1591 3959 1813 4025 sollicitudine
1842 3939 1967 4030 providerit

412 4075 509 4137 quem
530 4059 641 4120 nullus
664 4061 766 4132 venit,
795 4076 853 4136 pro
874 4065 944 4139 jam
956 4059 1053 4123 dictis
1064 4063 1209 4141 capitulo
1264 4061 1440 4140 praedictos
1464 4061 1678 4138 praepositum
1701 4061 1733 4121 et
1747 4053 1890 4118 cantorem
1900 4040 1964 4148 iacit
1983 4047 1984 4050 ’

411 4158 465 4220 vel
486 4157 633 4230 custode,
650 4159 865 4233 procuratore
885 4158 991 4236 ipsius
1015 4161 1209 4223 monasterii
1265 4175 1337 4219 mus
1365 4157 1407 4219 ab
1435 4158 1560 4219 eisdem
1586 4155 1801 4235 dignitatibus
1826 4151 1965 4236 amovente

410 4255 534 4317 diutius
561 4256 783 4331 exspectante.
797 4256 848 4317 Ne
862 4255 966 4332 igitur
977 4257 1083 4318 dictus
1099 4259 1210 4319 custos
1264 4272 1365 4333 quum
1380 4272 1422 4317 ex
1437 4271 1476 4317 eo
1498 4256 1584 4333 quod
1609 4255 1781 4333 praefatum
1802 4237 1964 4334 capitulani·

411 4352 452 4414 de
462 4368 522 4413 sua
531 4352 818 4428 tergiversationis
831 4354 1050 4427 contumacia,
1068 4355 1208 4417 ulterius
1265 4353 1382 4430 dignos
1392 4353 1620 4428 addignitates
1629 4353 1752 4428 eligere
1764 4329 1906 4428 [eligendo]
1912 4335 1966 4434 Ψ

411 4449 582 4526 glorietur,
597 4448 788 4510 discretioni
807 4450 927 4512 vestrae
947 4467 1006 4527 per
1019 4452 1208 4528 Apostolica
1263 4452 1316 4512 ter
1328 4451 1488 4528 potestate
1504 4465 1539 4510 se
1554 4449 1759 4526 privaverint
1770 4431 1896 4515 eligendi,
1907 4423 1964 4516 lilii

412 4545 535 4620 scripta
550 4544 757 4614 mandamus,
774 4548 937 4620 quatenus
956 4547 1108 4610 eumdem
1133 4566 1211 4611 cus·
1264 4563 1379 4609 remur
1399 4547 1506 4608 eidem
1530 4547 1682 4608 ecclesiae
1704 4546 1746 4607 de
1764 4530 1889 4619 personis
1899 4519 1965 4673 ldffill

411 4641 521 4703 todem
537 4640 793 4702 condemnantes
810 4642 845 4702 in
860 4645 1016 4720 expensis
1038 4645 1208 4720 legitimis
1265 4645 1451 4722 providero.
1469 4645 1553 4717 Quia
1573 4659 1653 4706 vero
1667 4641 1760 4704 nobis
1774 4649 1832 4698 non
1844 4617 1917 4689 consti
1942 4705 1946 4712 ἡ

412 4739 446 4800 et
459 4736 500 4799 ad
522 4736 720 4798 solutionem
746 4738 880 4800 illarum
906 4741 1128 4818 appellatione
1150 4759 1208 4805 re·
1264 4743 1456 4819 praemissis,
1469 4741 1662 4805 discretioni
1671 4741 1786 4804 vestrae
1794 4744 1846 4810 per
1854 4707 1964 4823 lilith?
1983 4775 1984 4788 .

412 4836 512 4908 mota,
535 4851 596 4912 per
619 4851 777 4896 censuras
799 4837 1043 4900 ecclesiasticas
1065 4840 1212 4917 compel-
1265 4841 1387 4917 scripta
1414 4840 1620 4912 mandamns,
1651 4840 1816 4917 quatenus,
1838 4811 1963 4917 vocabili

411 4933 489 4996 latis
510 4955 518 4995 :
543 4933 687 4996 audiatis
713 4933 843 5008 deinde,
867 4951 940 5012 quae
971 4941 1209 5000 monasterium
1265 4937 1398 5000 fuerunt
1420 4937 1592 5010 evocandi,
1614 4938 1647 4999 et
1670 4929 1818 5013 inquisita
1830 4909 1963 4997 superbit*

410 5032 519 5109 ipsum
539 5047 600 5110 pro
614 5033 709 5110 parte
723 5049 795 5105 sua,
812 5038 845 5094 et
858 5049 931 5110 quae
947 5035 1058 5096 custos
1070 5037 1103 5098 et
1117 5037 1211 5114 capi·
1265 5037 1398 5112 cognita
1429 5035 1585 5108 veritate,
1614 5035 1699 5112 quod
1733 5021 1894 5092 canonican
1912 4999 1962 5060 iun

410 5130 516 5191 tulum
524 5129 683 5192 asstfldicti
693 5139 752 5206 pro
761 5145 796 5192 ³⁶
806 5130 964 5193 duxerint
975 5134 1207 5211 proponenda3
1265 5133 1487 5211 appellatione
1507 5133 1689 5212 postposita
1708 5117 1850 5192 statuatis,
1869 5092 1960 5212 simiis?

410 5226 444 5288 et
456 5227 605 5289 incensa
619 5242 725 5304 usque
738 5227 994 5291 addeilnitivam
1012 5231 1209 5294 sententiam
1265 5231 1351 5308 quod
1365 5229 1579 5292 decreveritis
1591 5233 1822 5308 percensuram
1835 5187 1961 5272 ecclesiat-

411 5322 540 5386 sublato
555 5322 787 5401 appellationis
798 5324 968 5390 obstaculo
982 5328 1207 5402 procedentes,
1265 5345 1337 5390 cam
1356 5329 1580 5407 appellatione
1605 5327 1752 5390 cessante
1773 5308 1885 5378 firmiter
1900 5289 1961 5378 Off.

410 5419 504 5480 illam
519 5421 548 5482 si
560 5421 671 5498 partes
683 5423 923 5496 consenserint,
941 5423 1005 5486 tine
1016 5424 1126 5488 debito
1139 5428 1210 5487 ter·
1264 5425 1353 5501 vari;
1364 5425 1449 5504 quod
1459 5425 1488 5487 si
1498 5442 1564 5487 non
1575 5385 1960 5498 omnes,et0.natumbat0lll¹

411 5515 563 5594 minatis3
581 5517 728 5596 alioquin
744 5519 893 5582 eamdem
905 5521 946 5583 ad
961 5523 1209 5586 nosremittatis
1265 5523 1374 5586 idibus
1396 5524 1505 5588 martii
1525 5539 1612 5586 anno
1628 5518 1774 5587 secundo.
