4200 6394
301 311 343 369 79
767 307 943 372 nononn
966 311 1488 377 iiiopiinn.-Snnn10nns.
1934 323 1973 382 80

303 470 337 532 ot
351 471 483 544 monilia
496 469 608 536 novit
626 465 719 550 (Luc.
747 483 783 543 u,
805 467 850 549 5).
867 468 906 531 iit
924 467 971 530 ita
984 470 1102 546 quarta
1155 473 1257 534 tatem
1291 473 1402 536 Beatae
1429 473 1556 536 nane.
1593 475 1679 538 Nam
1710 477 1817 540 Beata
1861 479 1972 542 Maria

173 615 174 618 ,
307 581 430 630 aurora
445 566 496 628 est
509 565 616 628 Maria
631 565 672 628 de
688 567 791 644 stirpe
805 565 923 628 Dauid.
1156 568 1300 648 benigna
1314 571 1375 644 est,
1389 569 1486 644 idest,
1502 572 1598 650 larga
1613 573 1649 636 in
1668 572 1847 637 beneflciis
1865 577 1972 638 omni·
2062 611 2063 680 l

343 674 425 735 Item
453 673 518 736 tria
547 673 762 736 attenduntur
792 672 827 734 in
856 689 999 744 aurora,
1029 689 1102 753 quae
1155 667 1217 728 bus
1241 668 1486 748 postulantibus
1508 669 1683 736 devotione
1699 671 1848 735 macera.
1874 675 1971 737 Unde

304 770 525 850 spiritualiter
536 771 680 850 pertinet
690 771 731 833 ad
741 770 872 835 beatam
883 773 1023 834 Mariam
1031 774 1103 834 Vir-
1157 766 1312 828 Salomon
1328 767 1362 829 in
1379 767 1570 832 Proverbiis
1588 791 1595 831 :
1620 773 1747 833 Montis
1768 787 1861 834 sacas
1879 789 1970 849 ape-

303 869 427 948 ginem,
451 869 590 942 scilicet,
611 867 793 947 evigilatio,
815 868 891 933 linis
906 871 1101 948 praeceden-
1155 865 1229 925 rnit
1243 867 1337 940 inopi
1352 865 1386 928 et
1396 871 1533 941 palmas
1546 883 1630 930 suos
1642 869 1798 931 eutendtt
1818 872 1871 930 act
1882 887 1970 945 porc·

304 967 387 1030 tium
406 965 620 1031 tenebrarum
649 968 682 1030 et
706 966 839 1032 initium
867 968 952 1032 lucis
980 967 1100 1031 subse·
1150 976 1257 1036 peres
1276 961 1390 1041 (Pron.
1413 979 1509 1038 xxm,
1526 963 1596 1044 20).
1612 967 1714 1028 Beata
1733 965 1848 1029 Maria
1864 967 1969 1030 abun·
2062 1023 2063 1050 ,

304 1065 446 1143 quentis.
475 1065 654 1144 Evigiiatio
674 1065 774 1143 juxta
800 1064 882 1127 iliud
908 1087 916 1128 ε
939 1066 1100 1146 surgite,
1155 1059 1211 1122 dat
1225 1057 1351 1125 divitiis
1374 1061 1409 1123 in
1433 1061 1646 1141 mortalibus,
1673 1065 1861 1126 secundum
1878 1068 1968 1146 quod
2062 1051 2063 1110 t

303 1165 498 1241 otpnmmcs,
523 1167 605 1238 outa
628 1161 744 1225 sarriet
763 1165 951 1236 Dominus,
974 1163 1102 1226 scilicet
1160 1157 1197 1219 in
1227 1158 1418 1221 Proverbiis
1439 1159 1520 1224 dicit
1543 1161 1575 1222 ei
1596 1159 1685 1223 tilius
1703 1177 1815 1223 suus:
1843 1165 1969 1227 Mrcttae

303 1259 339 1322 in
353 1260 528 1337 virginem,
547 1261 710 1325 Veniente
731 1273 874 1340 namque
888 1261 1103 1325 veritatede-
1154 1255 1235 1328 Μία·
1258 1259 1559 1340 concrenavn'unt
1581 1260 1733 1333 divitias,
1765 1260 1804 1322 tu
1833 1275 1968 1340 sunem

260 1398 265 1409 ·
302 1357 375 1423 buit
388 1356 505 1424 umbra
527 1373 661 1420 cessare
677 1359 777 1436 juxta
798 1357 881 1422 iilud
898 1380 906 1422 s
921 1362 1030 1424 Novis
1041 1375 1102 1422 str-
1153 1367 1277 1432 gressa
1309 1369 1347 1416 es
1380 1357 1567 1419 universas
1601 1354 1717 1438 (Prov.
1752 1373 1856 1444 rm,
1895 1357 1964 1439 29).
2062 1371 2063 1382 ¹

299 1457 583 1546 pervenientibus
601 1459 722 1518 actara
746 1458 914 1529 abjicietis
934 1455 1098 1536 (Levitx,
1155 1449 1256 1526 Quasi
1277 1450 1423 1515 diceret:
1449 1453 1562 1516 Muitae
1581 1454 1671 1528 nna,
1695 1455 1809 1520 multae
1835 1454 1966 1518 animae

301 1551 368 1632 26).
389 1555 439 1615 Ex
453 1569 518 1631 quo
532 1553 621 1615 enim
636 1552 747 1630 velum
760 1553 875 1632 tempii
896 1555 1036 1617 scissum
1051 1555 1102 1622 ost
1154 1549 1404 1630 acquisiverunt
1418 1549 1483 1612 sibi
1500 1549 1634 1614 divitias
1647 1553 1871 1628 immortales,
1890 1569 1963 1616 coe-

303 1665 471 1714 asummo
487 1667 592 1729 usque
616 1651 781 1725 deorsum,
805 1651 951 1715 ablatum
973 1654 1024 1716 est
1041 1669 1102 1714 re·-
1153 1645 1253 1710 leste—i
1268 1647 1500 1722 beatitudines,
1524 1649 1581 1711 sod
1602 1651 1650 1722 til,
1675 1652 1796 1714 Sancta
1818 1653 1963 1715 sancta-

303 1748 413 1810 iameu
442 1765 462 1810 a
488 1748 574 1836 facie
600 1749 725 1828 Moysis
744 1750 781 1812 ut
796 1752 971 1828 appareret
993 1751 1100 1829 gioria
1153 1759 1240 1817 rum,
1267 1744 1370 1822 Virgo
1393 1746 1561 1826 virginum
1583 1763 1801 1826 supergressa
1820 1765 1861 1812 es
1885 1750 1965 1812 uni-

302 1847 414 1908 ruitus
429 1849 512 1925 ejus.
528 1849 575 1910 De
590 1845 663 1932 ipsa
680 1847 781 1920 etiarn
795 1848 925 1925 virgine
939 1849 1099 1927 speciali·
1153 1856 1282 1915 versas,
1317 1843 1403 1922 (1110d
1434 1845 1522 1924 sicut
1555 1845 1649 1907 nulla
1683 1845 1745 1909 tibi
1781 1847 1896 1926 potnit
1926 1847 1963 1910 in

301 1947 354 2006 ier
381 1945 541 2023 scriptum
567 1945 617 2006 est
642 1963 649 2006 ε
675 1947 757 2014 Quoe
782 1947 924 2010 coarctas
950 1951 1101 2010 haereses
1153 1940 1282 2002 meritis
1292 1943 1490 2018 emptitii,
1504 1943 1551 2006 ita
1565 1959 1627 2006 1¹00
1638 1943 1672 2006 ln
1687 1945 1840 2022 praemiis
1855 1945 1963 2024 aequi·

302 2047 374 2106 scia
384 2043 605 2125 trstercmtstt.
620 2042 754 2105 Initium
763 2041 993 2123 subsequentis
1002 2045 1098 2118 lucis,
1154 2038 1277 2117 parari.
1303 2041 1384 2101 Cum
1412 2041 1516 2117 igitur
1542 2040 1622 2104 luna
1649 2043 1765 2105 nostra
1787 2043 1834 2106 sit
1862 2044 1962 2122 piena

303 2139 390 2202 unde
416 2143 449 2204 et
474 2139 509 2202 in
532 2141 630 2217 partu
662 2140 769 2220 ipsius
797 2141 933 2204 claritas
962 2143 1101 2204 circum·
1154 2137 1280 2199 coelesti
1294 2137 1432 2212 honore,
1453 2137 1539 2202 idest
1558 2141 1665 2217 gioria
1686 2141 1719 2204 et
1733 2139 1959 2214 beatitudine,
2062 2155 2063 2180 ³

303 2237 399 2301 nnsis
410 2239 572 2316 pastores.
590 2241 664 2317 Ipsa
683 2240 734 2301 est
755 2240 844 2302 enim
863 2241 981 2313 Maria,
1002 2239 1097 2314 idest,
1154 2251 1271 2296 manus
1296 2252 1374 2298 suas
1396 2237 1528 2315 aperuit
1547 2235 1651 2315 inopi,
1669 2240 1702 2301 et
1723 2239 1857 2317 palmas
1881 2255 1960 2302 suas

303 2335 400 2398 steila
420 2336 540 2408 maris,
571 2353 644 2419 quae
668 2353 790 2400 novum
815 2337 918 2401 edidit
938 2339 1042 2400 solem
1067 2340 1100 2401 et
1153 2331 1302 2395 extendit
1319 2333 1360 2394 ad
1374 2349 1549 2415 pauperes,
1569 2334 1657 2399 idest
1673 2335 1777 2400 muita
1792 2337 1959 2400 benoncia

302 2433 393 2494 sidus
422 2434 594 2511 singulare
625 2434 826 2513 praefulgens
850 2437 986 2515 propter
1013 2436 1099 2514 quod
1152 2427 1282 2493 confert
1292 2430 1518 2508 indigentibus
1532 2433 1565 2496 et
1576 2434 1835 2512 postulantibus.

299 2529 468 2598 Elisabeth
483 2531 554 2594 ait:
575 2534 667 2601 node
680 2535 742 2596 hoc
755 2537 841 2596 milit
857 2535 897 2596 nt
917 2535 1036 2598 ventat
1054 2537 1100 2597 ad
1192 2529 1232 2590 Et
1256 2530 1335 2591 nota
1363 2529 1428 2591 duo
1457 2527 1653 2594 admiranda
1688 2533 1724 2594 in
1753 2531 1957 2598 humiditate

298 2643 355 2691 nze
369 2628 484 2691 mater
498 2631 638 2693 Domini
651 2633 720 2702 mat
733 2625 828 2711 (Luc.
843 2646 866 2705 1,
883 2630 948 2712 43).
963 2633 1003 2696 Εῖ
1017 2631 1099 2696 aiibi
1151 2624 1252 2699 iunae,
1276 2625 1432 2690 videlicet
1453 2627 1539 2706 guod
1557 2629 1629 2710 ipsa
1645 2631 1688 2692 sit
1706 2631 1805 2708 piena
1827 2631 1956 2694 coelesti

300 2725 423 2794 dicitur
437 2747 445 2791 z
461 2729 591 2790 aeacus
614 2729 738 2790 ceaster
751 2731 810 2806 put
831 2729 865 2790 tc
887 2729 1044 2804 portavit
1064 2729 1099 2804 et
1151 2723 1270 2799 gioria,
1284 2724 1317 2786 et
1330 2723 1416 2803 quod
1429 2725 1647 2804 supernrndat
1660 2727 1954 2806 nobisgratiamm
2062 2757 2063 2806 3

299 2826 493 2899 atberagttae
506 2822 740 2900 semtattlbuc.
754 2840 801 2897 11,
818 2821 883 2906 17).
1152 2821 1365 2886 charismata.
1381 2823 1428 2886 Da
1448 2825 1556 2902 primo
1575 2825 1721 2892 diximus
1736 2825 1783 2889 ibi
1802 2849 1811 2888 :
1835 2829 1957 2892 struice
2062 2903 2063 2908 ἵ

339 2921 418 2986 Haec
432 2920 544 2989 autem
565 2937 700 2995 aurora,
717 2921 849 3006 iratres,
866 2921 1006 3002 pulchra
1021 2921 1095 2995 luit,
1150 2919 1231 2992 βείω
1244 2923 1544 2998 congregaverunt
1557 2925 1710 2991 divitias.
1732 2927 1780 2988 be
1802 2925 1951 2990 secundo
2062 2969 2063 2972 ,

301 3017 359 3080 sed
376 3017 515 3096 pulchra
536 3019 572 3082 ut
598 3019 677 3081 luna
702 3019 839 3098 propter
861 3020 982 3083 multas
1003 3037 1099 3098 pres-
1151 3015 1197 3078 ibi
1211 3037 1220 3077 ε
1236 3019 1363 3080 Manus
1376 3033 1460 3098 succ
1472 3021 1610 3100 aperuit
1622 3023 1754 3096 inopi...

302 3131 398 3178 suras
415 3118 448 3179 et
471 3116 643 3192 angustias
664 3103 748 3196 quas
774 3116 935 3180 sustinuit
951 3117 986 3179 in
1002 3119 1098 3196 pueri
1191 3115 1284 3175 Luna
1305 3114 1356 3176 est
1378 3116 1592 3182 multiformis
1612 3118 1648 3180 in
1670 3117 1745 3182 luce
1769 3137 1846 3184 sua.
1867 3121 1953 3184 Nam

299 3215 479 3303 nutritura,
499 3214 594 3284 Unde
619 3216 651 3278 et
677 3213 840 3282 infantem
864 3216 985 3294 pannis
1001 3217 1099 3279 invo—
1151 3209 1330 3288 aliquando
1359 3212 1463 3290 fuiget
1497 3229 1625 3279 summo
1660 3218 1850 3292 corniculo,
1883 3218 1951 3280 aii·-
2062 3263 2063 3310 ;

298 3313 402 3374 iatum
418 3312 528 3390 posuit
547 3312 584 3379 tn
598 3312 774 3390 praesepio,
789 3313 867 3391 quia
883 3329 949 3376 non
974 3315 1047 3377 erat
1065 3315 1096 3376 ei
1150 3307 1282 3386 quando
1295 3308 1506 3384 orbemedio,
1521 3312 1855 3393 aliquandocorpore
1869 3317 1947 3379 toto.
2062 3321 2063 3368 1

296 3410 390 3473 locus
405 3410 440 3471 in
453 3409 649 3472 diversorio.
1151 3405 1206 3468 Sic
1229 3407 1330 3469 Beata
1349 3407 1458 3473 Maria
1482 3407 1546 3471 luit
1566 3409 1780 3474 multiformis
1803 3412 1841 3476 in
1864 3414 1949 3486 lucc,

338 3512 417 3581 Quae
437 3511 488 3570 est
509 3508 573 3570 ista
588 3524 662 3585 quae
683 3508 835 3586 ascendit
857 3509 952 3587 quasi
974 3525 1096 3572 aurora
1150 3503 1237 3567 idest
1246 3504 1280 3565 in
1293 3505 1478 3568 sanctitate.
1491 3507 1577 3569 Nam
1587 3509 1665 3570 ante
1680 3509 1949 3574 incarnationem
2062 3551 2063 3576 t

298 3621 513 3682 consurgens,
530 3605 668 3683 pulchra
685 3607 720 3684 ut
737 3606 826 3676 luna,
844 3607 949 3670 electa
972 3608 1009 3671 ut
1024 3608 1097 3670 soli
1148 3601 1211 3663 filii
1225 3603 1285 3663 Dei
1307 3601 1369 3666 nn
1389 3619 1510 3680 magna
1530 3604 1566 3666 in
1582 3607 1769 3694 sanctitate,
1794 3611 1872 3687 post
1892 3609 1948 3670 in·
2062 3631 2063 3676 i

297 3703 441 3769 Pulchra
465 3706 501 3766 ut
519 3703 609 3770 iuna,
636 3707 729 3766 Luna
754 3705 804 3768 est
828 3705 950 3784 frigida
973 3709 1005 3769 et
1029 3707 1096 3767 im-
1150 3701 1376 3762 cannntionem
1403 3703 1519 3779 maj0n
1550 3702 1645 3765 modo
1676 3705 1844 3780 maxima,
1873 3705 1950 3786 quia
2062 3755 2063 3780 ,

297 3801 387 3862 mida
401 3803 435 3862 et
451 3799 661 3865 multiformis
673 3801 709 3868 in
729 3800 802 3870 luce
822 3819 892 3870 sua.
916 3803 1096 3882 Frigiditas
1149 3813 1228 3860 vero
1245 3797 1308 3860 soii
1323 3797 1408 3861 idest
1422 3797 1491 3861 nno
1507 3815 1567 3862 suo
1588 3801 1624 3863 iu
1648 3801 1843 3866 coelestibus
1864 3819 1947 3867 con·

297 3899 385 3959 lunae
400 3897 552 3974 designat
572 3897 798 3974 virginitatem
821 3900 874 3961 vei
896 3901 1093 3974 castitatem,
1144 3893 1272 3973 juncta.
1293 3897 1378 3958 Nam
1393 3896 1574 3960 accedente
1594 3899 1680 3962 nnio
1699 3901 1758 3962 bei
1780 3902 1813 3964 ct
1837 3903 1952 3979 ingre·
2062 3905 2063 3926 ¹

297 3997 330 4070 et
354 3995 535 4058 humiditas
560 3995 649 4059 lunae
677 3995 830 4072 designat
857 3995 1093 4062 humilitatem.
1149 3992 1260 4055 diente
1280 3994 1429 4071 Virginis
1450 3996 1594 4082 uterum,
1611 3999 1725 4060 sancta
1747 4000 1853 4076 Virgo
1874 3999 1950 4077 Spi-

296 4096 398 4157 Beata
417 4093 525 4157 Maria
542 4091 897 4170 habuitrirginitatem
916 4095 988 4158 sine
1009 4113 1094 4158 con·
1147 4089 1215 4152 ritu
1244 4091 1365 4152 Sancto
1393 4091 1588 4156 obumbrata
1614 4096 1734 4174 majori
1762 4099 1873 4173 gratia
1901 4097 1950 4158 est

296 4192 512 4272 curpiscentia,
523 4191 639 4254 habuit
652 4185 872 4254 humilitatem
887 4193 961 4255 sine
976 4210 1096 4272 super·
1148 4186 1272 4261 dotata,
1290 4188 1368 4255 licet
1382 4191 1481 4252 antea
1492 4191 1585 4253 satis
1606 4191 1706 4256 luerit
1720 4195 1848 4257 sanctu.
1865 4195 1949 4257 Nam

295 4291 361 4353 bia.
374 4293 420 4354 De
434 4291 627 4368 virginitate
646 4288 727 4353 dicit
741 4291 866 4360 isaias:
883 4293 970 4360 Ecce
993 4295 1095 4369 Virgo
1148 4284 1189 4347 de
1217 4285 1394 4350 sanctitate
1420 4287 1473 4349 rei
1501 4289 1748 4366 pulchritudine
1772 4295 1848 4370 elus
1870 4291 1950 4356 dicit

295 4389 462 4465 corretptet
474 4390 509 4450 ct
518 4390 637 4463 pariet
649 4391 771 4462 sitium,
787 4390 821 4452 et
835 4389 1013 4452 vocabitur
1026 4406 1093 4454 ao·-
1147 4383 1251 4448 David
1267 4384 1302 4446 in
1324 4385 1477 4452 Psalmo:
1494 4387 1695 4462 concupivit
1715 4405 1784 4452 ren
1798 4394 1948 4466 speciem

294 4503 375 4548 osen
390 4488 464 4559 mus
478 4477 684 4552 Emmanuel
699 4484 793 4566 (isai,
808 4502 867 4560 vn,
884 4486 949 4568 14).
966 4489 1014 4550 be
1028 4489 1094 4549 hu-
1148 4481 1254 4555 tucos,
1275 4481 1363 4546 idest
1383 4483 1586 4547 desideravit
1611 4487 1820 4550 sanctitatem
1843 4491 1948 4555 tuam,

294 4584 435 4647 militate
451 4583 522 4660 ipsa
538 4585 639 4646 Beata
659 4585 767 4646 Maria
783 4585 863 4652 dicit
883 4585 919 4646 in
934 4586 1090 4649 nautico:
1146 4580 1179 4642 et
1199 4579 1274 4642 ideo
1298 4581 1468 4643 descendit
1493 4581 1528 4643 in
1554 4586 1598 4645 te.
1629 4585 1808 4664 Postquam
1836 4589 1946 4649 autem

293 4681 461 4756 Respeccit
496 4683 664 4743 Dominus
703 4683 932 4747 humilitatem
961 4688 1093 4750 anetum
1145 4679 1242 4744 natus
1263 4678 1368 4740 estin
1395 4680 1438 4747 to,
1466 4680 1585 4756 minori
1610 4682 1785 4745 sanctitate
1812 4681 1943 4762 coepisti

293 4795 378 4854 sarm,
405 4793 480 4841 cccc
501 4782 596 4846 cutm
611 4793 658 4842 ecc
676 4783 738 4845 hoc
752 4781 887 4844 beatam
905 4796 961 4845 me
979 4785 1092 4845 dicent
1145 4775 1283 4852 fulgere,
1299 4777 1346 4838 ita
1361 4777 1397 4843 ut
1410 4776 1542 4840 dicatur
1555 4777 1596 4839 de
1610 4780 1662 4841 te:
1679 4797 1698 4840 ‹<
1713 4781 1780 4842 Ista
1795 4783 1846 4844 est
1862 4793 1944 4860 spe-

293 4889 412 4942 otnnes
424 4875 667 4954 persecutiones
686 4874 781 4956 (Luc.
801 4893 824 4951 1,
847 4875 926 4960 48,).
942 4879 1027 4942 Nam
1049 4881 1092 4942 si·
1145 4873 1947 4962 ciosainteriiiiasierusaiem.»Lunaverotunc

293 4977 347 5038 cut
362 4974 466 5052 frigus
486 4973 665 5052 opponitur
680 4975 797 5048 calori,
815 4975 861 5044 ita
876 4977 1012 5040 castitas
1026 4995 1090 5058 op·
1144 4974 1194 5034 est
1215 4971 1312 5050 piene
1332 4971 1483 5049 pulchra,
1505 4989 1580 5040 cum
1603 4975 1719 5038 existit
1736 4977 1892 5049 rotunda,
1914 4976 1947 5035 et

291 5073 426 5158 ponitus
450 5070 598 5148 lihidini;
621 5071 755 5149 frigoris
777 5074 827 5137 est
848 5076 1088 5153 constringere,
1143 5070 1453 5133 Beatabiariatunc
1469 5071 1580 5135 extitit
1594 5071 1691 5158 plene
1706 5073 1851 5137 formosa
1872 5085 1945 5136 cum

291 5171 413 5234 caloris
427 5170 607 5233 resolvere.
625 5171 786 5234 Similiter
800 5173 935 5236 castitas
948 5175 1090 5242 restriu—
1142 5168 1206 5234 luit
1223 5166 1317 5246 prole
1337 5167 1501 5234 foecunda.
1525 5169 1670 5232 Proinde
1697 5173 1789 5236 recte
1809 5172 1942 5241 dicitur,

291 5269 339 5346 git
353 5271 495 5330 mentem
510 5267 551 5330 ad
574 5268 775 5346 spiritualia,
795 5270 931 5332 luxuria
952 5273 1089 5336 resolvit
1143 5265 1280 5344 pulchra
1294 5267 1330 5328 ut
1346 5265 1437 5329 luna·
1462 5267 1607 5330 Pulchra
1620 5269 1751 5347 quidem
1770 5271 1821 5333 est
1845 5283 1945 5351 quan·

291 5367 332 5434 ad
345 5367 504 5432 carnalia.
525 5366 588 5429 seu
600 5367 703 5431 nean
718 5367 825 5430 nana
837 5369 923 5431 miro
942 5369 1039 5433 modo
1056 5372 1089 5434 et
1141 5364 1211 5426 tum
1233 5363 1274 5426 au
1302 5363 1529 5442 frigiditatem,
1550 5365 1629 5428 uum
1649 5366 1684 5429 in
1705 5368 1859 5432 castitate
1878 5381 1943 5429 non

291 5463 437 5527 exterius
454 5463 514 5526 luit
529 5464 651 5541 frigida
661 5481 721 5544 per
733 5466 930 5540 castitatem,
950 5468 983 5529 et
999 5467 1088 5532 inte-
1140 5462 1240 5524 habet
1255 5462 1408 5525 similem.
1424 5463 1568 5526 Pulchra
1586 5464 1621 5526 in
1639 5465 1846 5539 humiditate,
1862 5466 1938 5528 dum

289 5563 361 5633 rius
373 5561 481 5623 calida
497 5577 556 5638 per
569 5563 777 5634 charitatem.
1140 5560 1326 5638 petentibus
1361 5561 1503 5638 largitur
1541 5561 1702 5626 benoncia
1734 5561 1941 5642 benignitate

330 5663 411 5731 item
431 5659 611 5723 humiditas
632 5660 720 5729 lunae
742 5663 909 5740 significat
927 5661 1084 5742 benigni·
1140 5659 1251 5728 multa.
1270 5659 1414 5727 Pulchra
1430 5660 1492 5727 tuit
1507 5663 1542 5728 ut
1557 5661 1638 5728 iuna
1654 5677 1716 5741 per
1734 5662 1939 5732 sanctitatem
