4200 6404
645 255 746 349 nan,
762 274 862 337 -m
885 277 1015 338 onero
1038 277 1174 342 nume
1191 281 1419 344 unaarum.

118 251 126 262 “
185 267 268 349 ἵ311
1794 294 1872 357 aaa

208 426 321 498 ualida
346 429 511 514 monenti,
538 429 704 506 videlicet,
733 434 1001 512 propositionem,
1058 437 1216 502 Dominus
1228 440 1481 520 inamoeno:
1498 443 1664 522 Quotquot
1682 455 1860 517 oerwruut·

210 539 320 596 causae
346 526 575 602 redditionem,
597 531 630 592 et
651 530 787 596 finalem
807 532 1004 610 promissio-
1057 537 1324 612 outomc‚suucs
1335 542 1852 625 suerurot.etlotroues(loan.x,
1891 619 1895 628 ,

191 625 1004 707 nem:propositioneminprinoipio‚daunared-
1057 629 1104 710 8).
1129 631 1212 703 Quia
1227 634 1324 710 juata
1344 637 1558 713 Apostolum:
1580 643 1752 706 Modicum
1775 648 1853 718 ser-

209 720 368 782 ditionem
395 721 429 782 in
447 723 569 796 medio,
599 727 852 802 promissionem
877 727 913 790 iu
942 745 1002 791 su·
1056 729 1214 792 mentum
1222 731 1805 818 totammossomcouuumpttssdor.
1819 760 1851 814 v,

198 833 333 895 premo.
351 821 387 880 lu
403 822 630 898 propositione
651 824 713 886 tria
729 827 814 887 sunt-
828 825 1000 898 notabilia,
1042 823 1101 903 ἶ6).
1120 826 1213 888 Unde
1233 828 1372 904 legimus
1393 830 1429 890 in
1450 833 1660 911 Apocalypsi,
1687 839 1772 914 quod
1797 840 1852 902 lo-

152 929 155 936 ’
206 915 375 988 videlicet,
398 919 533 995 propria
557 919 745 997 abnegatio,
773 923 883 988 crucis
908 924 1000 996 latio,

207 1015 243 1076 et
264 1013 324 1075 Dei
349 1015 475 1078 secutio
501 1038 509 1077 ε
536 1017 572 1080 ln
598 1019 706 1096 primo
737 1035 878 1098 quorum
907 1023 1002 1084 vetus

207 1109 308 1172 bomo
322 1111 510 1188 deponitor,
526 1114 562 1176 in
578 1116 1001 1185 secundo-interiorem-

205 1207 311 1271 terior
324 1207 424 1274 homo
438 1210 611 1288 affligitur,
624 1213 658 1274 in
673 1215 772 1279 tertio
785 1231 891 1278 novus
903 1216 1001 1278 homo

206 1303 368 1372 induitur.
384 1306 609 1372 Priustamen
625 1311 772 1374 occurrit
781 1311 1000 1374 consideran-

206 1400 287 1463 dum
314 1405 669 1479 quarepraemittitur:
698 1409 767 1474 Qui
784 1409 857 1470 outt
880 1413 1001 1472 ventre

201 1498 293 1570 post
309 1515 376 1568 mo.
400 1500 612 1566 venientium
628 1503 687 1566 alii
710 1505 810 1578 male,
836 1505 902 1582 alii,
917 1505 1013 1568 bene.

205 1596 356 1661 veniunt.
382 1597 469 1662 Male
489 1599 630 1664 ueniunt
649 1601 706 1676 qui
727 1617 794 1666 nou
818 1603 1001 1680 sequuntur

205 1694 321 1766 Deum,
345 1693 402 1760 sed
424 1695 565 1772 lugiunt.
594 1697 682 1761 Male
705 1699 913 1777 veniuntqui
934 1717 1001 1762 non

204 1793 428 1868 assequuntur
442 1793 500 1858 sed
513 1798 673 1871 praeeunt.
690 1795 781 1858 Male
791 1797 929 1874 vomunt
944 1799 1000 1875 qui

205 1890 399 1970 sequuntur.
414 1889 471 1954 sed
495 1905 564 1954 non
582 1895 814 1969 assequuntur.
837 1896 929 1956 Bene
941 1910 1002 1955 ve-

205 1985 302 2047 niunt
317 1986 373 2062 qui
392 1988 578 2062 sequuntur
598 1989 639 2051 et.
653 1990 887 2068 assequuntur.
906 1991 999 2055 Unde

203 2081 240 2151 iu
265 2083 411 2144 canticis
430 2084 642 2148 caducorum
663 2107 670 2146 ι
693 2091 736 2148 lu
761 2091 901 2152 odorem
928 2105 998 2150 uu-

201 2180 412 2254 gueutorum
428 2182 569 2244 tuorum
584 2198 768 2246 moremus
785 2183 893 2264 (cant.
912 2202 935 2258 1,
951 2184 996 2264 3).

202 2278 244 2348 Et
266 2265 327 2338 nos
349 2277 399 2340 ita
421 2292 497 2341 eum
521 2294 709 2356 sequamur,
733 2281 768 2343 ut
791 2281 833 2344 ab
860 2283 932 2359 ipso
957 2284 999 2345 ad

202 2375 364 2438 aeternam
375 2375 749 2454 gloriamperducamur
762 2401 770 2440 ι
784 2380 848 2456 (lut
862 2380 934 2442 oodt
944 2395 1000 2442 oc·

200 2473 477 2545 unebertum...

242 2568 381 2630 illinon
405 2571 589 2647 sequuntur
602 2571 668 2634 sed
688 2571 831 2648 tugiunt,
852 2573 910 2650 qui
931 2590 998 2636 non

199 2664 378 2730 observant
400 2668 556 2732 mandata
577 2669 649 2741 Dei,
674 2685 752 2747 qum
771 2670 849 2734 data
875 2672 952 2733 sunt
977 2687 998 2734 a

202 2761 333 2830 Sanctis
353 2762 523 2837 Patribus,
543 2765 712 2838 videlicet,
731 2767 995 2844 pradicationem

199 2859 461 2933 admonitiones,
496 2863 734 2936 correctiones,
766 2864 861 2940 vitas.
888 2867 996 2928 Sano-

198 2960 310 3025 torum
336 2959 491 3034 Patrona
514 2961 558 3024 et,
574 2976 643 3022 nou
664 2961 793 3022 tantum
819 2962 905 3038 quod
929 2979 995 3024 uon

199 3053 377 3128 observant
411 3071 464 3128 ea,
499 3057 557 3120 sed
589 3056 720 3136 lugiunt
752 3073 804 3122 ea.
840 3058 934 3120 Unde
960 3059 995 3120 in

199 3152 351 3227 psalmo:
373 3155 461 3215 doce
481 3157 540 3226 qul
560 3156 719 3231 eloupout
738 3170 776 3218 so
790 3171 820 3218 ,α
843 3156 876 3217 tc
892 3159 994 3229 pert-

198 3249 281 3309 buut
294 3247 363 3327 (Ps.
379 3251 429 3320 72,
451 3249 506 3328 27)
521 3251 577 3326 qui
592 3266 670 3312 vero
686 3253 862 3327 expectant
883 3253 996 3314 Domi-

197 3361 278 3406 num
292 3345 486 3409 baereditate
501 3347 714 3426 possidebunt
724 3350 858 3420 terram,
870 3351 994 3412 terram

196 3441 353 3506 videlicet
361 3443 558 3513 ¹viventium,
571 3443 629 3504 ubi
642 3446 693 3508 est
705 3446 862 3510 vitasiue
874 3447 992 3518 morte,

197 3540 230 3604 et
244 3538 315 3600 dies
328 3539 402 3602 sine
425 3540 531 3604 noete.
549 3542 607 3605 list
617 3542 731 3606 autem
748 3542 873 3619 triplex
890 3544 991 3614 terra,

196 3639 286 3698 terra
310 3653 384 3715 quae
408 3637 459 3700 est
481 3637 549 3702 sub.
570 3639 716 3710 bomine,
740 3639 831 3702 terra
852 3641 996 3718 quaeest

196 3733 307 3806 bomo,
333 3735 366 3798 et
393 3737 482 3797 terra
508 3749 581 3812 quae
612 3737 664 3800 ost
689 3753 791 3814 super
813 3736 991 3800 hominem.

195 3833 348 3902 Terram,
372 3848 445 3908 quae
468 3834 518 3894 est
538 3831 598 3894 sub
623 3832 774 3906 bomine,
802 3833 900 3894 homo
924 3833 995 3896 cal-

1057 923 1159 986 custae
1185 929 1281 988 erant
1308 927 1438 988 sirniles
1465 930 1559 1008 equis
1585 934 1710 1007 paratis
1741 936 1791 998 ire
1816 937 1859 999 in·

1056 1020 1219 1096 praelium,
1234 1023 1383 1087 etiacies
1398 1041 1512 1087 earum
1527 1027 1614 1089 sicut
1626 1029 1728 1092 iacies
1743 1033 1853 1095 homi·-

1056 1117 1120 1190 uis,
1135 1119 1168 1180 et
1178 1119 1348 1194 habebant
1354 1123 1480 1184 caudas
1489 1123 1619 1186 simsses
1627 1129 1850 1205 scorpionum.

1056 1216 1212 1278 Haeretici
1240 1217 1458 1295 designantur
1490 1237 1551 1298 per
1582 1222 1739 1298 locustas,
1773 1228 1853 1304 quia

1056 1314 1135 1375 sunt
1147 1313 1322 1388 instabiles
1335 1319 1468 1396 etvagi,
1486 1324 1520 1383 et
1533 1323 1624 1400 pleni
1636 1323 1854 1386 multis-erro·

1056 1409 1160 1472 ribus.
1176 1411 1260 1474 Sunt
1273 1413 1398 1476 slmiles
1413 1419 1507 1492 equis
1519 1421 1645 1495 paratis
1657 1420 1756 1481 ire-in
1766 1437 1853 1498 prae·

1055 1506 1148 1580 lium,
1165 1509 1261 1580 idest,
1278 1510 1413 1586 superbi
1426 1513 1861 1594 ο1ο11111οὶοο,(1111111111ιί1

1057 1605 1132 1667 lites
1159 1607 1199 1678 et
1213 1607 1451 1671 contentiones.
1478 1611 1608 1674 liabent
1635 1612 1738 1675 iacies
1766 1615 1853 1676 sicut

1056 1700 1212 1768 hominis,
1227 1703 1304 1779 quia
1320 1705 1355 1765 in
1370 1705 1533 1786 principio
1553 1710 1605 1770 sui
1618 1710 1782 1772 sermonis
1798 1712 1853 1772 vi-

1056 1794 1152 1870 detur
1163 1793 1249 1858 bona
1264 1796 1298 1858 et
1311 1797 1525 1862 rationabilia
1537 1801 1641 1864 verba
1652 1819 1851 1880 proponere,

1055 1892 1112 1952 sed
1148 1891 1271 1954 babent
1304 1895 1428 1957 caudas
1463 1897 1591 1960 similes
1626 1902 1850 1977 scorpionum,

1055 1986 1134 2062 quia
1150 1987 1187 2050 in
1208 1986 1309 2051 tinem
1332 1990 1385 2052 sui
1404 1993 1566 2058 aerumnis
1589 1995 1726 2057 servam
1743 2009 1850 2056 vene-

1055 2099 1133 2144 num
1149 2083 1201 2148 sui
1214 2086 1349 2150 erroris.
1364 2090 1512 2160 Quorum
1526 2089 1705 2166 imaginem
1717 2091 1851 2154 tenebat

1054 2182 1191 2256 Petrum
1204 2183 1293 2260 quia,
1305 2199 1380 2248 cum
1389 2201 1450 2262 pro
1461 2187 1568 2249 salute
1578 2189 1691 2250 nostra
1700 2189 1851 2250 Christus

1053 2278 1122 2354 pati
1149 2279 1321 2350 voluisset,
1349 2283 1536 2360 increparit
1556 2299 1632 2346 eum
1653 2287 1777 2347 Petrus.
1793 2285 1849 2346 di-

1053 2391 1151 2438 cens:
1166 2378 1263 2440 Absit
1280 2395 1304 2440 a
1318 2379 1361 2451 tc,
1380 2383 1537 2453 Donatus,
1552 2395 1622 2442 uon
1636 2384 1705 2444 ortt
1715 2383 1775 2443 tibi
1786 2388 1852 2446 boc

1053 2470 1186 2550 (matta.
1201 2489 1270 2542 xvi,
1286 2475 1353 2554 22).
1370 2479 1409 2538 nt
1429 2477 1587 2539 Dominus
1601 2479 1772 2556 respoudit
1792 2480 1846 2540 ei:

1058 2572 1147 2632 Vade
1167 2572 1275 2642 retro,
1300 2573 1443 2646 solano,
1467 2588 1535 2646 quo
1557 2589 1627 2636 uou
1653 2579 1748 2648 sapae
1773 2591 1850 2649 pum

1051 2667 1205 2730 nunant
1218 2666 1328 2747 (ibid,
1344 2667 1408 2747 23).

1091 2763 1144 2826 llll
1152 2765 1338 2842 sequuntur
1346 2769 1451 2827 Deum
1462 2759 1520 2828 sed
1533 2781 1602 2830 non
1612 2771 1847 2846 assequuntur,

1052 2860 1108 2937 qui
1121 2860 1206 2924 bene
1220 2863 1254 2924 et
1267 2863 1391 2939 optime
1406 2863 1625 2940 incoeperunt,
1636 2865 1727 2927 etsie
1742 2882 1859 2944 usqne»

1050 2957 1086 3020 iu
1096 2957 1199 3022 linem
1209 2974 1276 3020 non
1291 2963 1601 3035 perseveraverunt,
1615 2961 1673 3022 sed
1683 2961 1725 3022 de
1738 2963 1849 3023 medio

1050 3053 1181 3116 itineris
1196 3055 1411 3128 revertentes,
1427 3055 1564 3121 inbono
1580 3072 1679 3134 opere
1694 3057 1779 3135 quod
1795 3059 1849 3118 in·
1920 3119 1924 3129 ,

1050 3154 1232 3228 coeperunt,
1249 3168 1315 3214 non
1331 3154 1598 3229 permanserunt.
1618 3157 1670 3216 De.
1679 3155 1753 3216 istis
1767 3155 1848 3218 dicit

1050 3249 1209 3314 Dominus
1230 3249 1266 3311 iu
1287 3249 1490 3326 Evangelio:
1511 3254 1591 3313 Nou
1609 3255 1669 3324 qut
1690 3253 1845 3326 cooperit,

1048 3348 1108 3406 sed
1120 3348 1178 3419 put
1189 3348 1472 3420 perseveraverat
1486 3361 1593 3421 usquo
1606 3351 1643 3409 iu
1657 3351 1776 3420 linem,
1793 3353 1850 3410 bio

1047 3444 1249 3506 submersa
1264 3440 1397 3520 (natm.
1410 3460 1444 3515 x,
1457 3443 1523 3522 22).
1541 3443 1728 3520 Quiajuxta
1745 3447 1848 3520 Apos-

1048 3539 1152 3600 tolum
1178 3542 1281 3602 :Nou
1299 3539 1676 3613 coenobitarumque
1696 3541 1848 3616 leptttuuo
1932 3543 1936 3548 ’

1048 3637 1236 3699 certauerit
1256 3634 1299 3713 (ll
1314 3636 1397 3698 Tim.
1414 3651 1450 3707 11,
1467 3635 1500 3714 5)
1516 3636 1549 3697 et
1562 3639 1623 3698 unt.
1634 3639 1667 3698 te
1681 3641 1848 3700 tuoeucuo

1048 3735 1094 3793 ibi
1110 3731 1396 3812 testudinata-isti
1418 3732 1544 3795 faciunt
1565 3731 1708 3795 lructum
1721 3733 1846 3796 bonum

1048 3828 1106 3890 sed
1119 3828 1186 3892 cito
1201 3829 1389 3900 marcescit,
1405 3832 1442 3892 ut
1456 3831 1534 3892 sunt
1553 3829 1605 3894 illl
1619 3832 1762 3908 quicum
1779 3832 1847 3894 sint

195 3929 260 3991 cat.
292 3931 436 3996 Terram,
450 3945 522 4006 quae
542 3931 592 3994 est
615 3929 729 4011 horno,
750 3930 849 3992 bomo
872 3932 990 4008 portat.
1038 3925 1215 4015 ,ferventes
1226 3925 1263 3994 in
1277 3927 1452 4004 principio,
1465 3929 1655 4004 emergente
1666 3928 1780 4005 aliqua
1789 3928 1847 3990 ad·

194 4027 343 4098 Terram,
359 4041 434 4102 quae
447 4028 612 4102 estsuper
627 4025 805 4098 hominem,
820 4027 992 4090 bomodo-
1048 4024 1206 4086 versitate
1224 4023 1323 4101 btrjus
1345 4024 1472 4096 saeculi,
1488 4025 1542 4088 vel
1560 4025 1744 4088 tentatione
1767 4026 1845 4087 dia-

195 4121 332 4186 siderat.
348 4124 395 4184 De
409 4123 516 4200 prima
540 4125 629 4188 terra
646 4123 873 4200 scriptumest
889 4144 896 4183 :
919 4129 991 4187 Do·
1047 4120 1167 4194 bolica,
1183 4120 1237 4187 vel
1253 4121 1320 4186 alia
1333 4121 1540 4194 difficultate,
1554 4123 1712 4184 deliciunt
1724 4139 1744 4184 a
1758 4122 1845 4184 bono

193 4221 283 4282 utut
297 4219 348 4283 est
363 4219 461 4283 terra
472 4219 688 4293 etplouitudo
701 4224 777 4292 ojus
791 4218 860 4298 (Pe.
875 4221 926 4292 23,
946 4219 991 4299 1).
1047 4234 1147 4294 opere
1162 4218 1196 4285 et
1208 4217 1380 4280 declinant
1391 4217 1432 4278 ad
1447 4219 1582 4280 malum.
1599 4221 1645 4280 De
1661 4218 1780 4295 quibus
1796 4219 1845 4281 le-

193 4317 242 4376 De
258 4315 403 4378 secunda
415 4315 476 4380 Job
492 4333 567 4386 cum
587 4317 791 4381 describeret
803 4317 992 4394 passionem
1046 4315 1136 4390 gitur
1148 4314 1275 4376 anob:
1290 4315 1451 4378 Loedeiur
1464 4317 1564 4388 quusi
1573 4317 1722 4376 oiucotu
1729 4319 1846 4390 ummo

193 4413 360 4489 unigeniti
382 4413 460 4478 Filii
475 4415 545 4486 Dei,
562 4414 634 4482 ait:
656 4419 766 4478 Terra
784 4417 865 4478 doto
884 4417 936 4478 cst
956 4418 993 4477 iu
1046 4412 1262 4484 mreootrus
1274 4415 1351 4484 ejus
1364 4410 1451 4490 (Job.
1468 4427 1524 4483 av,
1540 4410 1607 4490 33).
1620 4412 1726 4474 Vinea
1744 4411 1843 4474 laedi-

191 4525 320 4577 muuus
354 4513 466 4590 tmoli,
492 4508 577 4590 (Job.
610 4527 657 4584 rx,
684 4510 755 4591 21),
785 4511 881 4584 idest,
914 4528 992 4574 caro
1046 4508 1148 4571 turin
1164 4508 1270 4587 primo
1286 4508 1379 4582 tiore,
1395 4509 1425 4573 si
1444 4508 1581 4586 quando
1596 4508 1698 4586 nimio
1720 4507 1844 4585 frigore

193 4607 317 4670 Christi
330 4608 469 4678 dataest
482 4609 516 4670 in
529 4609 690 4686 potestate
700 4610 933 4686 persecutoris.
946 4612 992 4671 De
1046 4607 1205 4684 tangitur.
1218 4606 1340 4670 Eodem
1355 4606 1452 4674 modo
1468 4606 1562 4670 multi
1576 4605 1732 4670 florentes
1746 4605 1843 4668 bonis
1859 4647 1860 4653 κ

192 4705 294 4768 tertia
310 4706 388 4771 tiliis
404 4707 508 4774 lsrael
528 4707 671 4770 dicitur:
694 4709 733 4768 St
746 4709 899 4780 feceritis
916 4723 993 4782 quoa
1047 4705 1215 4781 operibus.
1234 4705 1330 4781 qatasi
1364 4705 1463 4772 vinea
1493 4703 1676 4780 tanguntur
1705 4704 1841 4780 frigore,

191 4808 344 4878 moecept
358 4807 559 4877 voemoooa
572 4803 992 4883 touuaecomodottsssieut.
1046 4801 1151 4874 idest,
1180 4801 1400 4876 adversitat03
1431 4804 1464 4864 et
1491 4803 1700 4866 nmrcescunt
1729 4817 1844 4864 eorum

192 4915 243 4972 11,
258 4899 304 4979 8).
326 4901 438 4969 Prima
451 4904 541 4967 terra
558 4902 610 4964 est
627 4901 826 4967 elementum
846 4902 989 4975 visibile,
1046 4898 1133 4962 botri
1153 4899 1207 4960 vel
1234 4899 1346 4968 liores,
1371 4897 1468 4972 idest,
1496 4898 1591 4962 bouae
1621 4899 1841 4974 operationes.

194 4997 341 5066 secunda
354 5014 477 5075 corpus
496 4999 766 5071 mortale,‚tertia
782 5001 901 5064 coelum
917 4999 991 5076 spi·
1048 4995 1112 5056 Sed
1137 4995 1215 5073 quid
1237 4995 1372 5072 prodest
1397 4995 1446 5056 eis
1471 4995 1557 5073 quod
1586 4995 1693 5071 primo
1718 4994 1862 5072 luerint¹

192 5095 323 5158 rituale.
352 5096 465 5162 Prima
493 5097 583 5159 terra
611 5098 832 5170 mortuorum...
846 5097 991 5162 secunda
1045 5093 1211 5157 ferventes
1223 5092 1355 5155 inbono
1366 5108 1478 5170 opere,
1490 5091 1672 5156 sitamoito
1685 5091 1843 5154 deliciunt

192 5193 400 5265 mortalium,
415 5193 514 5256 tertia
535 5193 729 5266 viventium.
1046 5207 1105 5268 pro
1120 5190 1262 5268 alicujus
1277 5189 1485 5266 malignitate
1496 5191 1512 5268 Ι1
1535 5189 1629 5250 Unde
1638 5188 1817 5264 Apostolus
1832 5205 1839 5246 ι

232 5288 284 5350 1111
310 5306 378 5352 non
395 5289 579 5366 sequuntur
603 5289 662 5351 sed
690 5291 917 5363 anteveniunt,
934 5292 991 5370 qui
1046 5292 1220 5352 Remittunt
1229 5301 1355 5350 manus
1364 5287 1399 5348 et
1408 5287 1573 5348 dissoluto
1584 5287 1839 5362 personamque,

192 5386 365 5462 opiniones
386 5403 464 5451 suas
480 5390 591 5450 Sacrae
614 5387 793 5464 Scripturas
817 5389 991 5452 sententiis
1046 5387 1234 5464 cipressus
1247 5383 1360 5446 rectos
1373 5383 1477 5458 facite
1490 5385 1634 5458 podibus
1647 5383 1785 5455 cesima,
1803 5384 1842 5445 ut

192 5482 383 5560 praelerunt,
400 5487 434 5548 et
451 5500 513 5546 sua
536 5499 639 5562 prava
661 5483 816 5560 dogmata
831 5485 991 5550 doctrinis
1045 5499 1114 5546 own
1138 5485 1333 5546 cucumam
1355 5485 1432 5555 puts
1455 5480 1562 5552 erret,
1592 5483 1704 5557 mepte
1724 5481 1862 5543 auteur.

192 5580 430 5650 ecclesiasticis
452 5581 667 5660 anteponunt.
698 5583 745 5644 De
765 5581 884 5660 quibus
911 5583 992 5647 dicit
1044 5581 1189 5644 serretur
1212 5576 1308 5658 (Heb.
1331 5594 1393 5651 au,
1418 5576 1839 5660 12‚13).ov0spraelati,
